3767 5534
916 744 979 805 565

728 944 850 1009 Μοῦσαί
870 944 894 1007 θ’
917 942 1026 1021 ὕμνοισι
1048 949 1155 1026 χορῶν,

439 1072 469 1126 et
480 1063 564 1146 ipsae
576 1062 699 1125 Gratiae
712 1061 857 1126 dicuntur
869 1062 951 1147 apud
960 1061 1088 1126 eundem
1098 1065 1237 1143 χοροτονοὶ
1247 1062 1362 1127 Phoeu.
1375 1066 1449 1129 788.

484 1182 535 1243 14.
571 1182 687 1256 ταμίαν.
728 1179 816 1244 Gonl.
849 1178 899 1243 Ol.
933 1179 1017 1243 XIII
1049 1184 1079 1243 9.
1127 1180 1219 1243 Haud
1250 1180 1448 1245 'dissimiliter

436 1297 531 1362 Poeta
554 1321 586 1361 se
609 1298 674 1383 ipse
697 1299 831 1383 appellat
853 1300 965 1376 ταμίαν
989 1300 1108 1374 οαομονν,
1135 1298 1212 1362 Isth.
1237 1297 1284 1362 VI
1309 1301 1360 1362 84.

484 1420 533 1479 14.
569 1417 597 1479 ἕν
627 1418 742 1496 οὐρανῷ.
777 1415 850 1479 Non
881 1439 952 1481 eum
984 1416 1073 1494 ἔργων
1102 1417 1351 1501 conjungendum
1383 1426 1446 1495 est,

436 1541 471 1597 ut
495 1534 617 1619 Heynio
640 1535 759 1619 placet,
784 1536 914 1598 vertenti
938 1536 1076 1599 omnium
1099 1535 1347 1619 dispensatrioeS,
1370 1558 1448 1619 quae

437 1652 516 1715 fiunt
546 1652 579 1744 in
610 1652 711 1716 coelo:
744 1652 796 1715 sed
828 1675 898 1716 cum
921 1653 1046 1729 ταμίαν,
1069 1653 1184 1729 θέμεναι
1209 1660 1238 1717 et
1261 1653 1392 1730 σέβοντι,
1416 1652 1449 1717 id

436 1777 481 1832 est
505 1792 575 1833 cum
600 1778 665 1834 tota
688 1772 855 1834 sententia:
877 1772 1016 1855 ipsarum
1042 1769 1216 1834 Gratiarum
1237 1771 1323 1834 locus
1340 1778 1370 1834 et
1387 1770 1449 1834 offi-

435 1888 517 1951 cium
540 1889 572 1952 in
596 1887 730 1973 Olympo
753 1889 884 1952 canitur.

482 2008 533 2069 16.
568 2006 650 2085 παρα
668 2007 779 2071 Πύθιον.
815 2006 1002 2071 Scholiastae
1020 2014 1205 2085 memorant,
1223 2006 1351 2091 Delphis
1370 2006 1444 2069 Gra-

433 2124 491 2187 tias
516 2114 553 2187 ad
577 2123 714 2187 dextram
739 2124 891 2208 Apollinis
913 2125 1028 2208 positas
1052 2124 1154 2187 fuisse.
1202 2123 1303 2203 Quam
1333 2146 1443 2188 mamo-

434 2242 510 2305 riam
534 2265 590 2306 nec
614 2242 674 2306 alio
698 2243 873 2305 testimonio
898 2244 1103 2306 confirmatam
1130 2244 1264 2327 reperi0,
1282 2265 1337 2306 neo
1355 2242 1446 2327 hujus

433 2360 493 2423 loci
524 2382 589 2423 esse
620 2360 727 2423 credo:
758 2383 861 2424 verum
887 2360 1041 2444 quomodo
1065 2360 1147 2444 apud
1172 2359 1340 2424 Homerum
1365 2360 1403 2423 Il.
1429 2359 1446 2422 Ι

435 2481 499 2541 604
535 2478 643 2541 Musae
676 2466 789 2541 adsunt
819 2479 851 2542 in
882 2476 1015 2562 Olympo
1045 2477 1200 2561 Apollini,
1231 2478 1274 2541 sia
1298 2476 1446 2541 hocloco

433 2619 451 2659 a
472 2595 605 2659 Pindaro
629 2597 754 2660 Gratiae
777 2619 848 2660 oum
870 2598 924 2661 illo
948 2598 1014 2661 Deo
1039 2597 1278 2682 conjunguntur.

481 2718 530 2777 19.
565 2714 711 2792 Ἀγλαΐα.
752 2715 876 2779 Gratiae
910 2715 959 2778 hio
990 2716 1028 2779 iis
1059 2714 1236 2779 nominihus
1268 2714 1441 2778 aPindaro

432 2832 644 2917 appellantur,
678 2831 791 2916 quibos
824 2832 861 2896 ab
893 2832 1030 2896 Hesiodo
1062 2832 1218 2916 Theogon.
1253 2835 1336 2909 909,
1361 2832 1442 2916 apud

431 2971 522 3032 quem
545 2950 659 3032 pariter
683 2958 755 3012 sunt
778 2949 864 3012 «lovis
887 2950 977 3012 filiae.
1018 2949 1058 3012 Et
1081 2949 1249 3012 Pausanias
1273 2948 1309 3011 L.
1334 2948 1381 3011 IX
1406 2948 1439 3011 Ο.

359 3152 364 3156 .
431 3064 553 3130 XXXV
588 3069 603 3127 1
630 3072 685 3130 'eas
713 3048 852 3144 Gratias,
877 3066 964 3148 queis
987 3065 1126 3130 Hteoales
1152 3066 1268 3150 primus
1293 3089 1377 3129 saera
1400 3066 1440 3129 fe-

431 3184 523 3261 uerit,
547 3205 675 3247 numero
698 3182 774 3246 dicit
797 3183 895 3247 fuisse¹
914 3191 993 3257 tres,
1018 3184 1143 3246 nomina
1165 3204 1237 3251 vero
1258 3206 1361 3247 earum
1378 3206 1441 3248 non

431 3301 525 3365 tradi:
550 3300 630 3385 apud
655 3300 730 3364 alios
754 3300 848 3363 tuisse
865 3300 960 3363 alium
976 3322 1136 3364 numerum
1145 3349 1154 3378 ,
1173 3322 1303 3383 quarum
1319 3302 1442 3364 nomina

431 3420 523 3483 refert
546 3418 584 3482 ab
608 3418 744 3481 Hesiodo
768 3426 798 3485 et
820 3417 954 3481 Pindaro
978 3418 1107 3481 diversa.

479 3539 531 3599 al.
566 3534 689 3601 ἕτααοοο.
725 3534 863 3619 Intelligi
893 3535 1011 3613 γένεσθε
1042 3534 1091 3599 vel
1122 3535 1238 3612 simile,
1271 3535 1358 3599 faoile
1386 3558 1438 3619 ap-

430 3661 525 3738 paret.
572 3652 749 3716 Praesentes
784 3652 926 3716 exaudite
959 3633 1063 3736 preces
1095 3659 1233 3729 nostras,
1265 3658 1301 3715 ut
1334 3675 1376 3716 vs,
1411 3658 1440 3716 6.

432 3770 578 3835 Similiter
612 3771 693 3855 apud
724 3771 963 3854 Aristophanem
993 3770 1178 3854 Thesmoph.
1214 3772 1296 3834 1157
1330 3771 1440 3835 chorus

433 3888 513 3952 Daas
537 3889 665 3952 advocat

599 3999 602 4005 ’
700 4006 724 4067 εἰ
747 4006 806 4085 γὰρ
831 4004 965 4090 πρότερόν
987 4006 1052 4069 τοο)
1075 4004 1185 4080 inundo

700 4122 833 4204 ἤλθετον,
858 4128 905 4186 νῦν
928 4122 1031 4203 ἄφίκε-

700 4241 763 4305 ο1ον
785 4240 950 4313 ἱκετεύομεν
972 4239 1063 4304 ἔνθαδ’
1087 4244 1164 4316 ἡμῖν.

432 4357 532 4421 Aliter
555 4356 637 4442 apud
662 4357 848 4441 Aeschylum
873 4356 967 4420 Ghoe.
994 4360 1069 4419 980.

477 4477 530 4546 22,
565 4476 666 4546 ἰδοῖσα.
713 4475 916 4545 Grammatioe
951 4476 989 4546 ad
1023 4474 1163 4541 Thaliam
1198 4476 1349 4564 pertinet,
1388 4477 1439 4540 sed
