3767 5534
900 658 964 719 305

479 864 532 927 93.
567 868 685 943 τυχεῖν,
704 860 892 946 propositum
909 880 1051 945 prospere
1068 857 1228 941 consequi,
1245 857 1329 921 velut
1344 855 1433 920 Nem.

429 981 498 1046 VII
522 984 574 1046 lo.

752 1100 775 1164 εἰ
798 1099 827 1163 δὲ
851 1098 930 1179 nim
952 1122 995 1169 σος
1018 1093 1109 1174 ἕρδον.

476 1220 606 1299 ’nyma
628 1220 648 1284 i.
673 1241 703 1304 q.
726 1218 825 1296 eya,
849 1226 885 1281 ut
907 1214 997 1280 Nem.
1022 1214 1085 1279 VII
1112 1218 1149 1279 lt
1171 1223 1201 1280 et
1219 1216 1348 1301 saepius.
1373 1226 1436 1280 Πον-

430 1339 546 1419 poten
578 1337 752 1404 semovendi
786 1344 817 1400 et
847 1335 995 1401 liberandi
1027 1335 1248 1420 significatione
1280 1342 1326 1399 est
1351 1357 1439 1420 saepe

432 1456 575 1535 obvium,
600 1458 683 1522 velut
699 1455 837 1541 Thucyd.
855 1454 889 1519 Π
906 1457 947 1517 65
964 1464 1016 1530 τῆς
1032 1457 1117 1536 ὄρνῆς
1133 1455 1308 1536 ratmont,
1324 1453 1438 1518 Herod.

432 1574 497 1641 VII
517 1579 558 1641 38
577 1586 630 1653 τῆς
650 1577 814 1657 στροοσηΐνς.
841 1574 932 1640 Hom.
951 1573 1010 1639 od.
1023 1574 1052 1637 V
1066 1578 1128 1639 397
1148 1574 1305 1648 κοινότητος
1318 1573 1434 1640 ἕλνσοον.

432 1695 577 1780 Δύσφρονν
608 1696 640 1760 in
670 1696 761 1761 rebus
791 1694 930 1759 tristibus
962 1695 1093 1773 dicitur,
1125 1695 1209 1759 velut
1238 1694 1331 1779 Soph.
1356 1692 1432 1758 Oed.

432 1812 500 1880 Col.
524 1817 587 1879 202

753 1934 820 2009 ὤνιον
844 1934 995 2015 δύσφρονος
1017 1929 1105 2005 οἶτος.
1387 2007 1390 2032 Ι

432 2030 476 2117 Et
508 2053 614 2139 Eurip.
638 2052 785 2118 Androm.
813 2057 897 2118 1043
921 2055 1075 2137 δύσφρονες
1098 2054 1200 2120 urinae.
1246 2053 1311 2140 Ipsi
1335 2061 1435 2118 autem

433 2173 508 2237 huic
530 2172 655 2237 Pindari
679 2173 745 2238 loco
767 2174 896 2238 maxime
920 2177 1063 2240 convenit
1087 2174 1212 2239 Hesiod.
1239 2172 1354 2259 Theog.
1373 2176 1436 2237 528

679 2292 727 2357 xci
751 2293 937 2371 παρελύοντο
961 2291 1186 2376 δυσφροσυνάων.

482 2413 534 2516 26.
569 2410 715 2497 Exsurgit
745 2411 840 2476 Poeta
870 2435 887 2475 a
917 2413 1101 2498 cogitatione
1128 2411 1275 2476 Theronis
1299 2410 1337 2474 ad
1360 2411 1439 2495 cogi-

436 2530 584 2593 tationem
600 2530 738 2615 exempli.
764 2530 898 2616 Exponit
914 2531 1106 2617 splendorem
1121 2530 1311 2608 divitiarum,
1328 2530 1440 2593 illustri

434 2649 562 2715 laudum
581 2651 765 2716 ludicrarum
782 2652 890 2717 decore
905 2654 1120 2739 conspicuum:
1139 2660 1173 2717 ut
1185 2654 1248 2738 jam
1264 2651 1342 2716 nihil
1358 2674 1440 2736 prae-

437 2768 548 2833 clarius
577 2770 694 2835 homini
716 2793 780 2835 esse
801 2772 908 2856 possit.
956 2770 1065 2856 Neque
1088 2772 1119 2835 in
1142 2779 1228 2836 tanta
1255 2770 1441 2855 praestantia

436 2887 617 2953 celebranda
646 2888 841 2968 subsistitur,
876 2913 979 2954 verum
1010 2889 1171 2975 cogitando
1200 2889 1375 2975 proceditur
1402 2889 1439 2953 ad

437 3006 533 3071 vitam
555 3006 691 3071 suturam
715 3015 745 3071 et
768 3016 890 3072 aeterna
913 3008 1062 3073 honorum
1086 3009 1227 3095 praemia.

484 3129 623 3207 Ἀρεσοοῑς.
654 3126 700 3191 De
725 3128 830 3212 quavis
855 3128 968 3192 virtute
988 3135 1018 3191 et
1037 3128 1127 3192 laude
1148 3127 1209 3192 dici
1224 3135 1340 3214 potest:
1357 3128 1441 3192 velut

436 3243 489 3308 Ol.
514 3244 531 3308 I
555 3247 607 3309 21.
654 3245 722 3309 Ηοσ
753 3253 854 3310 tamen
877 3246 945 3311 loco
969 3246 1075 3311 laudes
1099 3247 1292 3311 victoriarum
1315 3246 1443 3311 ludicra·

435 3387 508 3429 rum
531 3364 750 3450 significantur.
796 3366 942 3431 Similiter
972 3365 1022 3430 Ol.
1047 3365 1093 3430 IV
1119 3368 1174 3443 17,
1201 3365 1248 3430 IX
1273 3368 1324 3432 27.

485 3487 537 3549 98.
572 3492 625 3551 σῶν
656 3511 689 3551 σε
717 3487 765 3552 nal
793 3494 857 3553 τῶν.
893 3486 1074 3576 significari.
1087 3485 1267 3552 Karstenius
1291 3486 1443 3552 existimat

437 3625 487 3667 res
510 3603 604 3668 bonas
628 3612 659 3667 et
681 3604 836 3669 adversas:
861 3605 892 3669 in
916 3605 1040 3670 scholiis
1064 3613 1129 3669 tum
1153 3606 1254 3669 eadem
1282 3605 1442 3691 explicatio
1485 3624 1486 3627 ’

439 3729 503 3801 est,
535 3731 601 3787 tum
632 3725 804 3789 reseruntur
835 3725 872 3789 ad
897 3748 946 3802 ea,
978 3747 1094 3809 quaec
1118 3724 1250 3803 divitiis,
1276 3724 1367 3789 etad
1392 3748 1443 3803 ea,

439 3864 518 3926 quae
542 3866 558 3906 e
581 3843 745 3908 virtutibus
769 3845 958 3929 proveniant.
996 3844 1111 3908 Verum
1134 3867 1195 3907 non
1219 3867 1265 3907 res
1287 3845 1331 3908 ita
1350 3844 1445 3908 dividi

440 3961 596 4038 existimo,
629 3970 665 4025 ut
695 3962 831 4026 diversae
859 3963 906 4026 vel
930 3963 1098 4027 contrariae
1121 3963 1201 4027 inter
1224 3986 1256 4026 se
1279 3963 1447 4047 significen-

440 4087 502 4144 tur.
548 4080 602 4165 Py.
627 4081 656 4140 V
682 4086 722 4145 74
746 4082 832 4160 ὄλβος
860 4084 900 4147 σοὶ
928 4083 977 4147 nol
1006 4082 1046 4148 rot
1070 4083 1159 4161 νέμων
1182 4090 1284 4168 aperte
1308 4082 1345 4146 de
1369 4105 1447 4146 com·

443 4199 581 4285 pluribus
604 4200 694 4264 rebus
718 4200 858 4266 felicibus
881 4202 1004 4267 dicitur.
1042 4200 1132 4266 Nem.
1157 4201 1174 4265 I
1198 4205 1239 4265 43
1264 4207 1319 4267 τῶν
1341 4227 1374 4266 σε
1397 4201 1446 4267 ccl

443 4323 498 4382 τῶν
520 4319 653 4399 χρήσιες,
678 4318 715 4383 de
737 4320 843 4384 multis
866 4320 954 4385 bouis
979 4321 1104 4386 artibus.
1146 4321 1273 4385 Aristot.
1298 4320 1386 4385 Rhet.
1410 4320 1445 4383 L.

444 4435 497 4498 Ill
526 4435 561 4499 0.
593 4436 688 4500 XVII
718 4439 758 4503 τὰ
789 4440 837 4504 col
866 4441 906 4505 σοὶ
930 4448 1015 4517 πονεῖ,
1042 4440 1193 4505 derebus
1217 4439 1346 4518 dicitur,
1371 4464 1447 4524 quae

1288 4568 1323 4620 20
