3767 5534
969 735 1033 794 406

495 937 576 999 visae
600 934 732 997 suntad
758 941 854 997 certas
878 932 1027 1016 quasdam
1050 956 1096 996 res
1122 941 1295 1017 praesentes
1318 934 1511 998 Rhodiorum

496 1053 543 1116 vel
574 1053 671 1136 ipsius
702 1052 852 1135 Diagorae
885 1052 1051 1134 pertinere:
1085 1074 1191 1115 verum
1221 1052 1254 1116 id
1280 1052 1358 1116 mihi
1382 1074 1444 1115 uon
1468 1051 1513 1114 ita

496 1194 561 1235 esse
596 1171 725 1234 videtur.
780 1169 896 1255 Sponte
935 1192 1005 1234 oum
1036 1171 1149 1233 victore
1182 1170 1378 1234 clarissimam
1409 1169 1513 1233 Rhodi

497 1295 676 1353 vetustatem
701 1288 860 1373 ipsiusque
884 1289 1007 1352 victoris
1031 1289 1189 1373 antiquam
1213 1297 1243 1352 et
1269 1289 1433 1373 gloriosam
1456 1288 1516 1351 ori·

496 1408 597 1491 ginem
629 1405 768 1491 copulat:
793 1412 830 1469 ut
853 1406 930 1470 solet
955 1406 1003 1469 vix
1028 1429 1046 1469 a
1069 1407 1218 1469 victorum
1241 1406 1386 1471 laudibus
1409 1406 1516 1470 eivita-

496 1534 542 1589 tes
565 1525 689 1588 illorum
713 1531 743 1587 et
766 1524 895 1608 majores
918 1525 1097 1609 sejungere:
1122 1525 1154 1588 iu
1179 1524 1330 1589 narrando
1354 1532 1456 1589 autem
1478 1546 1513 1588 ex

497 1642 649 1729 profundo
681 1642 804 1725 ingenio
836 1642 951 1725 profert
982 1642 1131 1727 ejusmodi
1163 1643 1296 1721 monita,
1325 1665 1403 1727 quae
1427 1643 1517 1727 quasi

498 1769 581 1825 vates
604 1782 704 1823 rerum
729 1767 872 1823 eventum
896 1760 1037 1844 vitaeque
1057 1760 1209 1824 humanae
1225 1761 1373 1825 rationem
1390 1770 1422 1825 et
1437 1760 1517 1825 Deo·

498 1902 565 1943 rum
591 1900 695 1942 euram
718 1883 749 1940 et
772 1877 995 1960 providentiam
1018 1877 1194 1961 intelligens
1211 1877 1299 1943 silere
1317 1900 1379 1942 non
1395 1886 1514 1963 potest:

499 1996 559 2075 ἔχω
590 1994 672 2058 natal
702 2019 735 2059 τε
765 1993 897 2074 mpetum·
928 1993 1053 2075 ἄμαχον
1081 1996 1190 2074 κρύψαι
1213 1996 1247 2060 τὸ
1270 1996 1412 2073 συγγενὲς
1436 1990 1516 2069 aldae:

499 2113 550 2178 Ol.
580 2112 664 2176 XIII
694 2116 746 2176 14.
786 2114 889 2197 Atque
911 2113 945 2176 iu
968 2113 1023 2190 iis,
1049 2115 1102 2197 qui
1125 2114 1314 2177 narrationes
1339 2114 1464 2178 Pindari
1487 2123 1518 2178 et

500 2232 617 2296 monita
649 2230 688 2293 ad
713 2238 810 2294 certas
832 2253 881 2294 res
906 2239 1078 2315 praesentes
1103 2232 1332 2296 accommodata
1354 2254 1420 2296 esse
1444 2233 1520 2296 exis·

500 2350 628 2425 timent,
653 2356 699 2412 est
723 2369 795 2412 sane
818 2347 866 2410 vel
888 2348 921 2411 in
945 2348 1051 2432 primis
1074 2348 1259 2434 Ludolphus
1278 2348 1455 2413 Disaenius.
1483 2349 1516 2412 Is

501 2475 601 2531 autem
614 2466 775 2551 opinatur,
797 2466 885 2530 illum
900 2466 1081 2549 Diagoram,
1097 2473 1238 2530 aeuneta
1250 2466 1378 2531 Graeoia
1388 2467 1520 2531 maxime

501 2583 697 2647 nobilitatum
739 2582 891 2667 pugilem,
923 2584 957 2647 in
988 2583 1131 2668 pugilatu
1161 2582 1323 2669 Olympiae
1353 2606 1452 2648 unum
1483 2606 1520 2647 aa

502 2700 679 2764 adversariis
703 2700 825 2784 gravius
845 2700 1021 2764 vrrlnerasse
1038 2708 1068 2764 et
1084 2702 1191 2765 mortis
1215 2703 1243 2765 ei
1259 2709 1413 2766 auatorem
1430 2702 1520 2765 exsti·

501 2818 583 2881 tisse.
620 2819 725 2903 Atque
753 2817 785 2881 id
816 2818 860 2880 ita
886 2818 981 2882 fuisse
1010 2819 1141 2882 maxime
1168 2820 1337 2897 existimat,
1361 2826 1522 2905 propterea

506 2936 589 3019 quod
613 2958 647 2998 vs
670 2939 712 2998 49
737 2936 830 3020 hujus
850 2937 991 3000 carminis
1007 2943 1149 3000 narratur
1165 2936 1357 3022 Tlepolemus
1373 2938 1522 3001 occidisse

505 3053 708 3136 Licymnium.
756 3052 949 3118 Cleomedem
979 3062 1105 3118 narrant
1126 3055 1158 3118 in
1182 3055 1324 3139 pugilatu
1346 3055 1448 3119 ooeiso
1471 3054 1523 3119 ad·

507 3173 636 3236 versario
670 3171 740 3235 Iooo
773 3172 811 3236 ab
839 3172 1067 3249 Hellauodieis,
1101 3180 1260 3257 propterea
1290 3172 1374 3256 quod
1404 3172 1522 3258 injusta

501 3289 643 3365 fecisset,
667 3309 780 3351 eorona
803 3288 945 3354 orbatum
968 3289 1063 3353 luisse
1086 3297 1116 3353 et
1140 3289 1331 3375 aegritudine
1348 3296 1522 3374 correptum

500 3406 680 3471 insaniisse:
712 3406 845 3470 Pausau.
877 3405 913 3471 L.
947 3406 994 3470 VI
1017 3406 1051 3471 O.
1077 3406 1125 3471 IX
1150 3410 1180 3472 3.
1217 3409 1261 3471 At
1284 3407 1433 3491 Diagoras
1457 3429 1520 3472 nou

500 3545 613 3589 corona
636 3524 760 3588 orbatus
783 3524 836 3588 sed
860 3524 948 3608 quasi
971 3546 1026 3609 pro
1049 3525 1224 3590 felicissimo
1249 3525 1351 3610 pugile
1374 3524 1517 3605 habitus,

508 3649 538 3705 et
561 3642 620 3706 hoe
642 3642 680 3705 de
702 3642 756 3706 illo
779 3664 899 3706 carmen
925 3643 1026 3706 aureis
1049 3643 1144 3706 literis
1167 3644 1199 3706 in
1223 3644 1288 3727 ejus
1304 3643 1403 3727 patria
1418 3665 1521 3706 couse-

501 3768 621 3821 cratum
640 3766 693 3822 est.
730 3760 772 3821 At
796 3759 956 3823 Disaenius
979 3760 1112 3824 invitum
1129 3760 1234 3824 fecisse
1249 3761 1403 3844 opinatur.
1441 3758 1516 3823 Nou

501 3876 631 3940 invitum
661 3877 767 3940 fecisse
795 3876 979 3942 Cleomedon
1011 3901 1068 3942 neo
1099 3878 1198 3943 ullum
1230 3877 1442 3943 testimouium
1471 3876 1520 3941 vel

501 3991 718 4056 documentum
742 4003 789 4057 est
811 4013 867 4058 neo
890 3994 1053 4060 verisimile
1077 4004 1131 4058 est.
1171 3997 1221 4058 An
1246 3994 1351 4058 eaedes
1375 3994 1521 4077 quamvis

502 4108 708 4173 involuntaria
731 4111 812 4195 apud
837 4110 970 4174 Graecos
993 4134 1064 4174 oum
1088 4133 1206 4175 summa
1228 4111 1346 4175 laetitia
1368 4119 1399 4174 et
1424 4132 1516 4174 aureo

501 4227 610 4291 deame
640 4230 804 4313 conjuncta
834 4252 899 4294 esse
923 4229 1047 4313 potuit?
1082 4232 1131 4293 An
1156 4252 1218 4294 non
1242 4229 1351 4294 Peleus
1375 4251 1409 4293 ae
1432 4229 1520 4293 Tela·

502 4367 574 4409 mon
597 4354 721 4431 propter
743 4343 980 4413 involuntariam
998 4348 1122 4412 eaedem
1139 4349 1177 4412 ab
1193 4349 1330 4411 omnium
1344 4347 1516 4431 justissimo

504 4463 604 4526 Aeaeo
634 4464 751 4547 expulsi
781 4465 899 4549 patria?
933 4467 984 4530 An
1007 4487 1069 4529 nou
1093 4466 1243 4530 Adrastus
1266 4472 1391 4551 propter
1413 4465 1513 4530 simile
