3767 5534
904 736 967 794 405

433 932 592 998 victoriam
614 939 646 997 at
667 932 727 996 hoc
748 953 886 996 carmen:
911 954 1016 995 verum
1040 932 1071 994 id
1088 931 1213 996 minime
1229 932 1304 996 mihi
1322 931 1441 995 videtur

432 1051 613 1116 conveniens
635 1049 734 1115 verbis
757 1048 891 1114 Pindari

475 1169 550 1237 100.
584 1165 690 1247 κόσμον
723 1169 890 1249 Ὀλυμπίᾳ.
926 1167 1058 1233 Dativus
1092 1175 1139 1233 est
1173 1170 1269 1233 instar
1304 1169 1436 1232 nominis

432 1284 588 1372 adjectivi:
612 1286 650 1351 ct
675 1286 834 1351 annotatio
856 1286 895 1351 ad
918 1284 972 1351 Ol.
996 1285 1013 1349 Ι
1039 1289 1111 1351 151.

479 1403 555 1470 10οζ
586 1412 658 1488 σφιν
680 1405 767 1482 rem.
801 1403 863 1470 Hic
885 1404 1009 1489 quidem
1033 1417 1080 1469 est
1095 1404 1126 1469 id
1144 1404 1226 1490 quod
1243 1408 1338 1469 atreis
1353 1405 1440 1482 γένει.

432 1519 561 1595 Otol.
592 1521 609 1588 l
640 1524 723 1601 100,
754 1521 789 1586 Π
820 1524 880 1599 08,
910 1525 962 1588 ic.
1009 1523 1053 1586 At
1075 1523 1217 1587 convenit
1240 1520 1290 1587 Ol.
1314 1520 1363 1587 IX
1387 1524 1439 1586 24.

478 1641 553 1704 110.
587 1638 663 1705 ἐσλὰ
684 1638 711 1705 δ’
733 1642 790 1706 ἐπ’.
825 1638 949 1704 Fiuilur
971 1661 1092 1704 carmen
1115 1639 1148 1703 in
1170 1639 1230 1724 piis
1250 1639 1390 1724 precibus
1410 1646 1442 1703 et

431 1758 464 1823 in
487 1758 715 1824 averruncando
737 1756 884 1823 Nemesin
906 1758 1066 1837 infestam,
1090 1745 1348 1842 quemadmodum
1368 1757 1442 1821 eole-

432 1876 508 1943 bant
537 1884 652 1941 veteres
681 1877 715 1941 in
743 1877 968 1962 praestantibus
995 1877 1083 1941 bonis
1106 1875 1231 1940 alteram
1255 1877 1361 1941 timere
1383 1876 1441 1940 for·

432 2002 556 2073 tunam,
585 1996 716 2060 maximo
738 2017 809 2060 vero
831 1994 985 2060 Pindarus
1009 1996 1087 2060 solet
1110 1995 1208 2059 omnis
1232 1996 1276 2059 rei
1299 2002 1441 2059 eventum

432 2134 578 2198 reponere
600 2113 633 2177 in
656 2112 734 2177 Diis.
780 2112 821 2177 Et
845 2135 928 2177 nuuc
952 2114 1145 2199 praesertim,
1171 2134 1266 2197 quum
1290 2122 1361 2198 post
1384 2113 1442 2177 cla·

432 2228 487 2295 des
509 2230 646 2295 funestas
667 2230 722 2295 lux
744 2242 824 2295 esset
847 2230 919 2295 data
941 2229 1065 2308 domui,
1086 2232 1272 2295 incrementa
1287 2229 1442 2295 felicitatis

434 2354 465 2411 et
486 2347 660 2412 morborum
683 2347 945 2432 propulsationem
969 2356 1119 2433 precatur.

482 2465 556 2529 112.
590 2464 686 2537 νόσους
707 2464 889 2532 ducatuum.
924 2465 1051 2530 Hesiod.
1071 2465 1186 2549 Theog.
1209 2466 1270 2531 ott
1293 2463 1442 2530 Hercules

435 2579 619 2647 Prometheo
1400 2575 1403 2580 ’

702 2698 794 2770 κακὴν
816 2699 877 2764 altri
900 2704 994 2763 νοῦννν
1016 2696 1158 2765 ἄλαλκεν.

484 2816 556 2879 114.
591 2816 771 2896 διχόβουλον.
807 2814 1002 2900 Cogitantem
1036 2817 1111 2895 alia,
1147 2818 1168 2881 i.
1201 2840 1226 2880 e.
1258 2817 1356 2895 mala,
1390 2838 1443 2902 per

435 2931 688 3018 euphemismum.
735 2933 785 2998 Sic
811 2932 901 2999 Nem.
926 2932 1009 2997 VIII
1033 2938 1051 2996 0
1076 2933 1189 3015 ἁμέροις
1212 2935 1297 3016 χερσὶ
1319 2972 1363 2984 -
1386 2935 1445 3000 ἐτέ-
1538 2912 1540 2916 ¹

434 3074 513 3131 parc,
535 3049 658 3137 placida
679 3072 774 3115 manu
796 3059 827 3116 et
850 3052 927 3130 alia,
952 3052 972 3115 i.
997 3074 1023 3116 e.
1048 3053 1169 3119 immiti.

409 3184 411 3187 ·
481 3170 555 3232 114.
589 3166 683 3246 θέμεν.
718 3165 838 3254 Nempe
860 3178 952 3244 Ζῆνα.

484 3286 557 3348 110.
592 3283 707 3357 αὐτούς.
743 3282 966 3349 Alcimedontis
988 3290 1121 3369 gentem.

848 3554 1039 3564 ἡ*

802 3753 997 3819 OLYMPIA
1024 3752 1082 3819 IX.

483 3985 697 4071 Epharmosti,
722 3988 840 4052 solenni
867 3988 999 4051 carmine
1018 3988 1080 4072 jam
1103 3986 1247 4052 honorati
1269 3986 1445 4073 Olympiae,

436 4124 521 4167 nuuc
544 4101 735 4188 Olympicum
759 4105 917 4168 victoriam
940 4113 971 4169 et
994 4104 1155 4188 Pythicam
1178 4105 1273 4169 Poeta
1295 4106 1447 4171 celebrare

439 4220 576 4284 instituit
611 4220 669 4284 hoc
700 4222 851 4299 carmine,
881 4222 1054 4306 pariterque
1084 4221 1195 4290 claram
1226 4223 1291 4307 ejus
1319 4224 1447 4307 patriam

440 4334 614 4422 Opuntem,
644 4341 768 4403 1-37:
793 4348 860 4402 turn
884 4360 968 4403 suam
994 4341 1101 4425 poesin
1123 4339 1244 4404 laudat:
1271 4348 1301 4405 ct
1324 4342 1447 4406 omniuo

440 4454 619 4539 sapientiam
650 4476 685 4518 ac
716 4454 930 4520 fortitudinem
960 4454 1028 4527 Diis
1056 4456 1159 4523 deberi
1182 4458 1273 4523 dicit:
1294 4460 1448 4525 88-43:

1288 4580 1325 4642 00
1392 4628 1395 4634 .
