3767 5534
838 760 900 821 975

357 960 531 1025 minentem
562 949 824 1040 memoraverunt,
857 970 892 1026 ut
923 970 1053 1026 testatur·
1084 962 1163 1027 idern
1197 964 1377 1030 Scholiasta.

358 1078 402 1143 Et
427 1078 608 1165 Euripides,
633 1078 734 1145 Orest.
760 1085 780 1144 4

498 1199 593 1279 ὃνίιρ
616 1200 774 1281 μακάριος,
799 1203 867 1265 κούκ
890 1199 1010 1282 ὀνειδίζω
1034 1203 1152 1283 τύχας,

498 1310 566 1391 Arta
589 1322 742 1403 πεφυκὼς,
766 1322 802 1393 ὡς
825 1319 962 1398 λέγουσι,
986 1320 1162 1398 Τοίνταλος,

497 1444 622 1521 κορυφῆς
646 1440 860 1518 ὑπερτέλλοντα
884 1440 1035 1516 δειμαίνων
1059 1438 1160 1520 τίτρον

466 1559 469 1565 ’
497 1556 556 1637 aar
579 1562 709 1623 τοταται
732 1559 782 1624 καί
805 1557 874 1624 τίνει
901 1560 1012 1635 ταύτην
1036 1558 1131 1634 δίκην,

498 1680 534 1750 ὣς
557 1679 611 1755 μὲν
633 1680 785 1757 λέγουσιν,
813 1678 855 1745 ίτι
879 1682 949 1752 θεοῖς
973 1678 1115 1759 ι’ίνθρατος
1139 1679 1174 1743 ὢν

497 1804 588 1872 κοινῆς
611 1798 756 1880 τραπέζης
779 1797 885 1875 ἀξίωμ’
908 1798 985 1880 ἔχειν
1007 1797 1068 1864 ’ίσον

496 1916 659 1982 ιίκίλαστον
682 1917 756 1999 ἔσχε
779 1924 936 2002 γλῶσσαν,
962 1919 1121 1998 αίσχίστνν
1145 1917 1229 1981 νόσον.

407 2032 449 2096 Et
480 2033 568 2099 Plato
599 2035 712 2122 Cratyl.
746 2040 809 2101 395
835 2038 864 2101 D
887 2039 1096 2113 τελευτήσαντι
1120 2038 1148 2102 ε’ν
1172 2035 1241 2119 ξίδον
1265 2039 1282 2112 ἡ
1307 2036 1375 2116 ὑπὲρ

358 2161 415 2227 τῆς
439 2161 574 2234 κεφαλῆς
597 2162 647 2221 τοῦ
671 2158 747 2222 λίθον
769 2158 945 2223 τανταλεία.

409 2276 461 2337 94.
500 2276 677 2355 εὐφροσύνας
708 2278 832 2342 οίλῖιται.
873 2276 961 2356 Quae
986 2276 1160 2361 posthunc
1185 2274 1308 2339 verbum
1335 2298 1380 2337 se-

361 2403 520 2475 quuntur,
541 2417 576 2458 ea
593 2418 664 2458 sane
680 2395 842 2459 infortunii
859 2418 1005 2480 magnum
1022 2394 1158 2459 dolorem
1177 2394 1250 2456 satis
1267 2394 1377 2456 acriter

362 2512 555 2597 exprimunt:
579 2513 654 2578 haec
678 2537 748 2578 vero
773 2515 864 2580 verba
884 2516 951 2600 ipsa
971 2514 1067 2579 videri
1085 2516 1203 2599 possint
1223 2536 1283 2578 nou
1305 2513 1379 2575 satis

361 2631 442 2694 tanti
466 2632 579 2697 doloris
603 2633 819 2718 significationi
843 2635 1014 2699 convenire.
1062 2633 1125 2713 Qui
1148 2640 1251 2697 tamen
1274 2654 1378 2695 mosa

361 2749 550 2815 Graecorum
582 2775 719 2817 sermone
750 2776 811 2817 uon
835 2753 995 2818 abhorret:
1021 2753 1052 2816 of
1073 2752 1183 2817 Aeseh.
1212 2750 1306 2815 Oho'e.
1332 2754 1373 2814 30

361 2870 542 2947 ἀγελάστοις
565 2869 745 2954 ξυμφοραίι,
771 2880 801 2936 et
824 2875 888 2935 448
909 2871 1076 2952 ἑτοιμότερα
1095 2872 1233 2949 γέλωτος.
1266 2870 1374 2955 Eurip.

360 2988 433 3054 Tro.
460 2992 522 3053 635

542 3110 555 3175 ὅ
579 3110 603 3173 δ’
626 3112 795 3191 εὐτυχήσας
819 3114 848 3182 ἐς
871 3110 905 3177 τὸ
928 3111 1073 3192 δυστυχὲς
1098 3111 1191 3176 πεσὼν

543 3231 645 3311 ψυχὴν
667 3230 783 3295 σίλίιται
806 3239 858 3305 τῆς
883 3230 991 3310 τοίροιί
1016 3229 1185 3311 εὐπραξίας.

411 3350 463 3412 95.
498 3346 672 3424 οίτιίλαμον.
708 3347 756 3412 Cf.
780 3346 830 3413 Ol.
855 3348 899 3413 Π.
927 3351 1001 3413 105.
1081 3361 1083 3365 ’

401 3469 463 3566 097.
503 3468 583 3545 μετίι
613 3473 693 3547 τριῶν
716 3467 853 3548 τέταρτον
876 3466 970 3533 τίνοι.
1018 3468 1120 3532 Multa
1143 3467 1180 3531 de
1205 3466 1252 3530 his
1277 3466 1375 3530 verbis

362 3588 397 3651 in
428 3586 552 3651 scholiis
583 3587 753 3672 disputatio
784 3594 847 3665 est,
883 3609 976 3672 quam
1001 3587 1122 3672 quidem
1147 3586 1289 3672 persequi
1313 3609 1375 3651 non
1471 3590 1474 3594 ’

362 3707 414 3771 hie
445 3705 566 3770 videtur
589 3707 801 3771 necessarium.
849 3706 964 3770 Verum
993 3705 1170 3771 Proderious
1195 3705 1374 3770 Heimsoetlr

361 3827 395 3889 in
428 3826 577 3911 opusculo
608 3825 772 3910 diligenter
807 3850 840 3890 ao
877 3825 966 3890 docte
998 3827 1129 3911 scripto:
1163 3823 1315 3889 Addenda
1346 3831 1376 3888 et

361 3944 544 4030 corrigenda
573 3946 606 4008 in
636 3944 860 4008 commentariis
891 3943 1034 4008 Pindari:
1071 3968 1100 4031 p.
1137 3947 1174 4023 8,
1211 3943 1375 4008 ostendens

361 4062 445 4128 τόνον
468 4085 532 4127 esse
556 4064 777 4148 appositionem
803 4064 884 4127 voois
907 4064 989 4141 βίον,
1015 4064 1047 4127 in
1070 4069 1150 4144 τριῶν
1171 4063 1284 4149 pariter
1302 4063 1377 4126 vita-

360 4205 432 4247 rum
463 4183 713 4267 significationem
747 4206 810 4247 esse
842 4183 1012 4247 existimat:
1045 4186 1201 4268 quumque
1225 4182 1376 4247 Pindarus

361 4302 413 4365 Ol.
445 4302 480 4365 Π
512 4304 572 4366 193
606 4302 757 4388 triplicem
780 4302 875 4365 vitam
899 4310 1130 4381 commemoret,
1163 4309 1272 4387 quarto
1296 4303 1376 4366 vitae

360 4421 465 4485 labore
497 4431 644 4485 extremas
676 4443 836 4485 aerumnas
867 4420 999 4485 Tantalo
1030 4422 1160 4487 inflictas
1192 4422 1374 4507 significari:

357 4541 427 4625 jam·
453 4540 536 4606 hune
568 4565 631 4605 esso
663 4542 752 4605 finem
785 4539 880 4603 totius
904 4540 984 4603 vitae
1009 4540 1210 4625 laborumque
1233 4541 1373 4605 Tantalo

1197 4675 1255 4735 18*
