3767 5534
1004 725 1067 784 222

526 926 586 1005 cit,
610 948 706 1012 quum
729 924 767 989 ad
784 925 947 1032 ⁸Alpheum
969 926 1100 1004 volaret,
1124 949 1266 992 recusans
1290 929 1410 1015 corpori
1434 930 1541 994 stimu-

524 1045 590 1110 lum
621 1046 653 1108 in
685 1043 841 1122 cursibus,
867 1052 897 1109 et
920 1044 1064 1109 victoriae
1087 1043 1246 1110 dominum
1270 1045 1463 1125 admoveret,
1488 1046 1540 1133 sy-

528 1162 679 1228 racusium
709 1185 827 1248 regem,
858 1162 1042 1248 gaudentem
1070 1165 1166 1249 equis.
1213 1164 1312 1230 Lucet
1335 1166 1364 1229 ei
1386 1166 1485 1251 gloria
1507 1166 1540 1230 in

527 1280 640 1347 celebri
662 1280 743 1366 Lydi
761 1281 884 1366 Pelopis
903 1283 991 1348 sede:
1009 1306 1101 1368 quem
1115 1285 1343 1369 magnipotens,
1361 1286 1414 1370 qui
1426 1291 1539 1350 terram

450 1390 493 1451 40
528 1400 638 1479 habet,
662 1399 829 1485 Neptunus
853 1402 982 1479 amavit,
1006 1408 1170 1486 postquam
1193 1424 1263 1467 eum
1286 1425 1302 1467 e
1325 1403 1425 1469 lebete
1441 1404 1541 1490 splen·

527 1517 599 1583 dido
623 1520 734 1583 exemit
756 1518 886 1598 Clotho,
911 1520 1002 1585 ebore
1024 1528 1167 1585 omatum
1183 1520 1311 1586 humero
1326 1521 1437 1587 nitido.
1467 1522 1544 1587 Pro-

524 1637 604 1701 fecto
627 1636 726 1700 multa
747 1637 840 1701 mira:
865 1644 897 1700 et
919 1637 1023 1722 aliquo
1046 1638 1138 1702 modo
1161 1640 1254 1703 etiam
1273 1661 1366 1724 supra
1378 1639 1541 1704 veritatem

525 1762 649 1820 ornatae
683 1754 849 1819 mendaciis
883 1754 974 1819 variis
1005 1754 1127 1819 fabulae
1157 1755 1315 1842 decipiunt
1345 1762 1464 1821 mentes
1488 1756 1541 1819 ho·

524 1873 658 1937 minum:
683 1879 715 1938 et
737 1874 851 1959 gratia,
881 1896 959 1959 qnae
982 1881 1093 1939 cuncta
1115 1874 1188 1939 facit
1211 1874 1315 1939 dulcia
1337 1873 1538 1952 mortalibus,

447 1993 488 2056 to
524 1993 671 2058 honorem
706 1991 833 2056 afferens
869 1991 969 2056 effecit
1002 1999 1039 2056 ut
1070 1993 1161 2056 etiam
1192 1992 1323 2057 infidum
1346 2015 1436 2077 saepe
1459 1996 1539 2056 esset

523 2112 634 2176 fidum:
658 2134 763 2176 verum
778 2111 894 2196 posteri
909 2110 974 2176 dies
991 2118 1063 2176 sunt
1079 2119 1171 2176 testes
1188 2111 1415 2196 sapientissimi.
1440 2111 1539 2177 Decet

520 2229 674 2294 hominem
707 2229 744 2293 de
774 2229 843 2293 Diis
875 2228 975 2293 dicere
1001 2228 1125 2314 pulcra:
1150 2230 1194 2293 si'c
1218 2230 1298 2294 enim
1322 2228 1422 2293 minor
1445 2227 1536 2313 culpa

521 2354 576 2412 est.
611 2348 673 2412 Fili
695 2347 835 2425 Tantali,
854 2370 910 2432 ego
930 2355 979 2425 te,
1001 2355 1106 2412 contra
1121 2347 1254 2432 priores,
1271 2347 1420 2425 narrabo,
1439 2370 1537 2432 quum

443 2466 484 2527 60
519 2474 607 2551 pater
641 2466 680 2530 ad
712 2467 914 2551 justissimum
951 2465 1126 2530 convivium
1160 2465 1364 2551 dilectamque
1395 2464 1536 2551 Sipylum

518 2590 640 2649 vocaret
662 2584 763 2662 Deos,
786 2583 921 2647 vicissim
945 2584 983 2647 iis
1006 2584 1154 2669 praebens
1167 2583 1291 2669 epulas,
1308 2590 1384 2648 tunc
1395 2582 1535 2668 rapuisse

518 2702 829 2788 Tridentipotentem,
861 2708 963 2765 mente
986 2702 1101 2766 victum
1125 2723 1244 2779 amore,
1268 2700 1300 2764 in
1324 2722 1415 2764 aureo
1440 2721 1533 2763 curru

517 2821 555 2886 ad
586 2842 735 2885 summam
765 2820 826 2884 late
857 2818 1000 2884 honorati
1029 2818 1115 2883 Jovis
1139 2818 1264 2882 domum
1287 2800 1531 2900 transportasse,

440 2936 480 3000 70
516 2960 578 3023 quo
611 2944 733 3023 postero
767 2943 904 3021 tempore
938 2936 1023 3000 venit
1053 2935 1145 2999 etiam
1176 2933 1368 3019 Ganymedes
1394 2931 1467 2997 Jovi
1490 2932 1530 2997 ad

517 3079 608 3121 nsum
639 3055 779 3120 eundem.
826 3053 887 3118 Sed
911 3076 1008 3138 quum
1031 3076 1093 3118 non
1117 3074 1293 3138 appareres,
1318 3073 1374 3115 neo
1397 3051 1532 3116 multum

514 3180 694 3260 quaerentes
718 3172 856 3237 homines
879 3178 910 3236 te
933 3170 972 3234 ad
988 3176 1116 3235 matrem
1132 3168 1336 3246 adducerent,
1353 3168 1433 3232 dixit
1454 3169 1532 3233 clam

514 3293 626 3378 aliquis
649 3292 797 3357 continuo
820 3290 988 3354 vicinorum
1012 3288 1204 3365 invidorum,
1228 3288 1261 3351 in
1281 3287 1412 3351 maximo
1429 3308 1528 3372 aquae

437 3412 478 3473 80
513 3414 604 3498 igneo
626 3411 743 3474 fervore
766 3430 817 3473 eos
840 3408 940 3472 cultro
964 3406 1095 3471 secuisse
1114 3405 1249 3470 membra
1265 3412 1295 3469 et
1310 3405 1390 3469 circa
1405 3427 1528 3469 mensas

510 3528 659 3595 secundas
693 3526 800 3612 epulas
830 3526 968 3590 carnium
998 3530 1121 3588 tuarum
1150 3521 1400 3586 distribuisse'et
1429 3543 1529 3585 come·

509 3649 599 3713 disse.
646 3646 712 3732 Ego
742 3667 813 3710 vero
843 3666 906 3707 non
937 3664 1063 3727 possum
1090 3662 1264 3725 quenquam
1287 3639 1450 3704 beatorum
1474 3662 1529 3724 ap·

509 3765 622 3851 pellare
656 3770 760 3828 ventre
793 3761 1016 3825 insanientem:
1052 3758 1178 3823 absum:
1212 3758 1328 3823 malum
1362 3757 1524 3844 occupavit

508 3907 598 3970 saepe
628 3905 697 3960 eos,
729 3881 783 3966 qui
813 3878 1011 3944 maledicunt.
1057 3877 1090 3941 Si
1121 3900 1212 3962 quem
1239 3877 1339 3940 virum
1362 3877 1524 3941 mortalem

508 4002 633 4088 Olympi
666 4006 797 4064 rectores
831 3998 1040 4075 honorarunt,
1059 3979 1133 4060 'fuir
1163 3994 1311 4059 Tantalus
1342 3995 1446 4059 hicce:
1477 4017 1527 4059 ve·

507 4143 575 4185 rum
612 4119 693 4184 enim
726 4137 915 4201 concoquere
946 4136 1088 4199 magnam
1119 4114 1276 4178 fortunam
1305 4134 1368 4177 non
1401 4112 1523 4197 potuit,

431 4243 472 4304 90
507 4237 649 4321 fastuque
672 4235 753 4320 cepit
776 4233 893 4299 cladem
914 4233 1089 4317 ingentem,
1113 4254 1207 4315 quam
1229 4253 1323 4316 supra
1349 4238 1524 4315 cumpater

505 4353 683 4439 suspendit,
715 4349 905 4436 suspendens
936 4351 964 4413 ei
993 4371 1084 4435 grave
1111 4371 1239 4427 saxum,
1264 4346 1347 4432 quod
1371 4347 1424 4412 ille
1447 4371 1523 4412 sem·

507 4495 562 4557 per
600 4478 739 4536 metuens
777 4488 829 4533 ne‘·
854 4474 948 4552 caput
986 4489 1076 4531 suum
1113 4467 1203 4532 feriat
1240 4466 1374 4530 laetitiae
1413 4488 1520 4551 expers
