3767 5534
904 759 966 818 :355

432 957 519 1023 licem
543 946 653 1023 sortdm
677 965 865 1043 precaretur:
890 956 941 1021 Ol.
966 956 1012 1021 VI
1037 959 1089 1021 97.
1134 956 1175 1019 Et
1199 958 1228 1021 iu
1254 955 1358 1020 codem
1375 978 1435 1019 car-

432 1077 530 1154 mine,
553 1077 682 1142 laudans
704 1077 846 1161 Agesiam
871 1075 1082 1160 Syracusium,
1107 1077 1195 1161 cnjus
1211 1097 1284 1159 gens
1300 1081 1435 1138 materna

434 1218 471 1259 ex
493 1196 624 1261 Arcadia
645 1196 775 1261 oriunda
797 1208 875 1273 erat,
900 1195 1067 1281 impensius
1090 1217 1197 1271 snum,
1216 1216 1277 1278 quo
1294 1195 1434 1258 victorem

435 1316 523 1381 illum
560 1318 686 1402 ejusque
723 1325 844 1402 gentem
879 1316 1086 1402 amplectitur,
1122 1337 1253 1380 amorem
1287 1307 1437 1401 siguificat

436 1438 697 1502 commemoranda
726 1436 903 1501 Fluviorum
934 1436 1082 1501 Arcadiae
1112 1442 1143 1501 ct
1165 1436 1308 1501 Boeotiae
1331 1458 1439 1521 cogna-

436 1556 535 1621 tione:
568 1556 699 1627 attrahit,
719 1556 774 1620 illa
804 1578 872 1620 eum
896 1556 1047 1620 volentem
1070 1555 1215 1640 cogitatio
1238 1555 1313 1620 flatu
1337 1556 1437 1622 dulci:

439 1671 512 1735 140.
560 1672 652 1757 Ap'ud
684 1672 886 1757 Aeschylum,
918 1671 1013 1736 Ohce.
1040 1675 1076 1750 5,
1104 1671 1227 1737 Orestes
1254 1674 1286 1737 in
1309 1673 1439 1758 patriam

438 1790 556 1856 rediens
579 1792 667 1856 binos
690 1794 788 1857 crinas
810 1794 882 1869 fert,
904 1794 1021 1878 ,primos
1043 1792 1159 1857 Inacho
1183 1794 1276 1859 fluvio
1300 1795 1440 1858 nutritio-

439 1911 485 1974 nis
507 1919 539 1975 ct
561 1910 749 1976 educationis
772 1912 955 1996 praemium,
980 1912 1090 1975 alteros
1114 1913 1193 1997 patri
1209 1929 1321 1977 munus
1338 1934 1442 1996 paren-

439 2030 507 2094 tale.
544 2032 587 2094 At
615 2052 685 2095 vero
716 2031 797 2115 apud
828 2030 997 2095 Homerum
1026 2030 1161 2095 Achilles
1184 2032 1215 2095 in
1240 2031 1369 2095 Patrocli
1395 2054 1443 2094 ex·

441 2148 552 2233 seqniis
583 2148 690 2213 flavam
720 2172 836 2213 comam
868 2149 1011 2226 abscidit,
1041 2172 1130 2233 quam
1156 2149 1305 2233 Spercheo
1329 2152 1443 2235 patriae

442 2268 534 2332 fluvio
565 2269 748 2346 nutriverat,
780 2268 908 2333 daturus
935 2271 968 2333 iu
991 2269 1108 2333 reditu:
1133 2291 1214 2333 nnnc
1236 2292 1324 2346 vero,
1349 2291 1443 2353 quum
1542 2351 1546 2357 ι

442 2409 473 2450 se
507 2409 568 2451 non
602 2387 774 2451 rediturum
807 2410 872 2453 esse
906 2387 1074 2471 intelligat,
1110 2387 1204 2452 donat
1234 2388 1318 2452 illam
1348 2389 1444 2452 amico
1505 2418 1510 2433 ·

440 2514 579 2570 mortuo:
610 2514 657 2583 et,
690 2507 776 2570 vultu
806 2506 845 2570 ad
876 2530 956 2570 mare
980 2529 1139 2584 converso,
1164 2505 1348 2591 Spercheum
1371 2506 1444 2570 allo-

442 2626 564 2708 quitur:
588 2624 626 2689 Il.
650 2624 763 2689 XXIII
790 2628 868 2689 144:

508 2746 668 2823 Enspxri',
692 2741 792 2814 ἄλλως
814 2744 858 2807 σοι’
880 2766 917 2820 γε
942 2745 1039 2823 πατὴρ
1063 2744 1187 2822 ἠρήσατο
1209 2744 1339 2818 Πηλεὺς,

508 2861 586 2925 κεῖσέ
608 2886 647 2939 με
669 2864 850 2935 νοστήσαντα
872 2861 964 2935 <hinnu
987 2862 1015 2932 ἐς
1039 2862 1166 2941 ccccxlx
1189 2869 1298 2942 γαῖαν,

509 2982 555 3045 σοι’
575 3005 608 3045 σε
631 2980 722 3058 κόρακι
743 2980 861 3060 κερέειν,
884 2979 970 3060 ῥέξειν
993 2980 1016 3045 θ’
1039 2982 1112 3060 tecta
1134 2980 1319 3058 ἒκατόρκθκκ·

511 3100 689 3174 πεντήκοντα
711 3099 736 3162 δ’
758 3098 863 3179 ἔνορχα
887 3098 956 3180 παρ’
980 3099 1077 3165 αὐτόθι
1099 3100 1171 3176 μῆλ’
1195 3100 1324 3179 ἱερεύσειν

512 3218 540 3289 ἐς
564 3217 679 3294 πηγὰς,
704 3215 742 3282 t'u
765 3241 806 3281 σοι
829 3218 946 3289 τέαειος
969 3218 1067 3294 βωμός
1091 3243 1124 3283 τε
1146 3218 1246 3293 θυήεις.

511 3333 547 3408 ὣς
570 3338 647 3417 ἠρᾶθ’
670 3338 684 3401 d
707 3337 813 3416 γε’ρωι,
836 3338 873 3402 σὺ
895 3337 924 3401 δέ
948 3339 971 3401 οἱ
994 3337 1052 3402 νόον
1075 3339 1125 3402 οὐκ
1148 3336 1314 3410 ἐτέλεσσας.

513 3463 561 3521 νῦν
583 3455 607 3519 δ’
630 3455 692 3521 ε’σεὶ
716 3458 746 3520 οὐ
770 3456 869 3534 ιεόριαῖ
891 3481 929 3533 γε
952 3457 1042 3539 φίλην
1065 3460 1093 3529 ἐς
1117 3457 1245 3536 carpta
1267 3463 1378 3538 ραῖακ,

512 3574 671 3655 Πατρόκλῳ
694 3573 756 3655 ἥρωι
778 3574 870 3651 κόμιρι
893 3575 1037 3653 σ’σιίσαιριι
1060 3575 1206 3657 Φέρεσθαι.

445 3692 577 3757 Tantum
601 3693 696 3777 igitur
718 3692 929 3778 Nympharum
952 3701 982 3757 et
997 3693 1176 3758 Fluviorum
1193 3716 1289 3777 quum
1304 3694 1450 3756 honorem

444 3811 538 3875 luisse
570 3819 728 3897 appareat,
761 3819 877 3875 tautam
908 3820 969 3875 tam
1003 3813 1143 3876 eximiam
1173 3813 1346 3890 caritatem,
1372 3822 1450 3876 certe

447 3932 479 3995 in
507 3930 565 3994 hoc
592 3932 723 3995 carmine
746 3930 871 3994 Pindari
893 3930 1034 4014 religioni
1059 3931 1245 3995 Graecorum
1269 3933 1450 3996 conveniens

448 4055 494 4112 est
525 4047 688 4133 appellatio
711 4046 872 4133 Nymphae
896 4047 1073 4113 Camarinae
1096 4058 1126 4115 et
1149 4050 1286 4114 laudatio
1310 4049 1451 4135 Hippari-

449 4166 507 4249 dis,
527 4166 645 4243 Fluvii,
678 4165 884 4230 Camariuaeis
907 4167 1062 4231 auxiliaris
1086 4180 1116 4232 et
1140 4168 1298 4234 salutiferi.
1345 4168 1450 4254 Ipsum

451 4307 573 4370 quoqne
604 4284 726 4349 Oannm
749 4285 892 4348 Fluvium
904 4284 1167 4371 ‘Camarinamque
1191 4287 1333 4373 paludem
1357 4288 1452 4351 divini

453 4406 577 4469 honoris
600 4404 843 4468 communionem
866 4394 1009 4468 habuisse
1032 4405 1165 4469 ostendit
1189 4428 1277 4469 versu
1301 4408 1352 4469 25.

498 4523 538 4585 Et
561 4529 678 4607 praeter
701 4520 872 4605 Nympham
898 4520 1087 4587 Camerinam
1109 4530 1138 4586 et
1154 4546 1300 4607 aquarum
1316 4521 1454 4589 Numina

1277 4644 1331 4700 ιε*
