3767 5534
898 735 962 795 869

383 966 386 973 ·
428 932 455 995 Β
473 934 569 1015 ῥᾳδίως
588 934 621 998 τὸ
640 942 734 1014 γῆρας
753 934 864 1013 dicata,
885 936 949 997 330
968 936 995 996 A
1011 939 1153 1014 χκλεπῶς
1169 933 1202 998 τὸ
1218 943 1311 1015 γῆρας
1327 936 1430 1017 diceto.

428 1052 495 1117 Hoc
519 1076 587 1118 vero
611 1054 735 1118 Pindari
757 1054 825 1117 loco
848 1075 909 1117 non
933 1059 980 1116 est
1001 1052 1116 1135 ῥᾳδίως,
1141 1052 1194 1117 sed
1209 1055 1342 1130 adducor:
1360 1078 1432 1140 qua·
1456 1051 1469 1070 '

428 1180 551 1258 propter
574 1181 676 1237 tamen
700 1196 749 1252 aa,
771 1173 908 1257 quamvis
924 1196 1030 1257 parva,
1049 1174 1279 1258 significationis
1295 1174 1433 1238 differen-

428 1292 471 1355 tia
494 1314 559 1356 esse
582 1292 719 1356 videtur:
748 1293 839 1356 etiam
863 1291 935 1376 quia
958 1291 1136 1376 adjunctum
1161 1299 1207 1356 est
1230 1294 1431 1364 §transvecta

430 1411 494 1474 Alii
515 1411 610 1494 oeten
632 1410 828 1475 nanciscendi
840 1411 1092 1495 significationem
1110 1410 1220 1475 habere
1236 1411 1430 1475 arbitrantur.

474 1529 648 1594 Praeclarae
672 1537 773 1593 autem
796 1538 827 1593 et
849 1529 983 1594 Pindaro
1006 1529 1117 1614 dignae
1141 1529 1197 1593 hae
1213 1552 1316 1614 preces
1332 1531 1433 1595 existi-

429 1648 556 1714 mandae
579 1658 661 1713 sunt.
697 1649 785 1728 Fuit,
810 1659 846 1714 ut
868 1649 1005 1725 videtur,
1023 1648 1163 1713 Psaumis
1175 1651 1238 1733 jam
1255 1657 1351 1713 aetate
1368 1672 1434 1735 pro-

430 1778 514 1834 vecta
531 1778 561 1833 et
580 1777 721 1854 vergente
741 1769 779 1833 ad
797 1775 991 1834 senectutem.
1021 1768 1158 1832 Tristitia
1174 1770 1338 1833 senectutis
1350 1769 1434 1854 prole

428 1889 557 1952 carentis
581 1889 612 1952 in
636 1889 741 1952 mortis
765 1888 989 1973 exspectatione
1011 1910 1150 1972 expressa
1175 1896 1220 1951 est
1243 1886 1292 1952 Ol.
1315 1887 1344 1950 X
1371 1890 1432 1950 106

649 2008 710 2072 ἐπεὶ
735 2014 858 2079 πλοῦτος
882 2010 895 2073 ὁ
918 2024 974 2073 λαι-

651 2128 711 2206 χὼν
735 2128 858 2204 ποιμένα
881 2127 1005 2192 ἐπακτὸν
1028 2128 1177 2209 ἀλλότριον

652 2247 798 2311 dodemani
821 2247 1051 2326 στυγερώτατος.

430 2362 550 2443 Quodsi
580 2364 705 2427 fortasse
737 2388 836 2447 nunc,
870 2373 904 2428 ut
935 2365 972 2429 ad
1006 2388 1038 2427 vs
1065 2367 1103 2427 18
1132 2364 1324 2448 scripsimus,
1350 2371 1435 2447 pater

430 2482 603 2547 Psaumidis
627 2484 728 2548 adhuc
751 2484 888 2561 vivebat,
913 2506 948 2548 eo
972 2485 1123 2548 amantius
1147 2498 1228 2548 certe
1250 2484 1309 2568 ipsi
1334 2505 1434 2546 senec·

431 2609 529 2667 tutem
563 2611 704 2688 precatur
737 2604 855 2667 felicem
886 2612 916 2667 et
949 2627 966 2667 a
996 2604 1066 2667 filiis
1097 2610 1314 2681 sustentatam,
1346 2604 1437 2666 etiam

433 2722 574 2786 morienti
597 2720 799 2786 adstantibus.

477 2844 530 2904 49.
564 2842 781 2907 Πεσειδανίοισιν
812 2839 918 2912 ἵπποις.
956 2840 1046 2906 Peleo
1071 2839 1236 2925 Neptunus
1267 2840 1435 2925 praeclaros

432 2981 526 3042 equos
561 2959 701 3036 donavit,
738 2960 791 3044 qui
823 2958 936 3022 Achilli
968 2960 999 3022 in
1030 2957 1111 3023 bello
1142 2967 1261 3044 praesto
1292 2959 1434 3022 fuerunt:

433 3077 524 3143 Hom.
549 3078 587 3142 Il.
612 3078 726 3142 XXIII
750 3081 825 3143 att.
850 3078 1051 3142 Antilochum
1072 3077 1194 3162 Jupiter
1218 3086 1248 3141 et
1271 3077 1436 3163 Neptunus

434 3198 652 3282 equitationem
675 3198 864 3261 docuerunt:
890 3199 965 3261 307.
990 3196 1121 3282 Cognita
1144 3198 1217 3261 satis
1241 3204 1286 3261 cst
1305 3196 1342 3261 de
1366 3197 1438 3260 dato

433 3316 672 3380 Atheniensibus
696 3338 774 3399 equo
797 3339 815 3379 a
837 3314 986 3400 Neptuno
1009 3316 1151 3379 traditio:
1176 3338 1267 3399 quam
1285 3315 1437 3401 praeclare

434 3436 575 3519 exprimit
598 3434 717 3499 Chorus
741 3434 822 3519 apud
846 3434 939 3519 Soph.
964 3433 1040 3498 Oed.
1066 3434 1099 3498 0.
1127 3437 1187 3499 707

609 3553 699 3619 ἄλλον
722 3555 746 3618 δ’
769 3551 845 3620 αἶνον
867 3555 927 3634 ἔχω

547 3742 549 3745 ,
611 3674 788 3754 praeparcae
811 3674 882 3756 τᾷδε
905 3674 1055 3753 κράτιστον

610 3793 690 3872 δῶρον
712 3797 762 3856 τοῦ
786 3792 921 3870 μεγάλου
945 3792 1075 3868 δαίμονος
1099 3793 1204 3863 clareio,

613 3910 742 3990 αὔχημα
764 3910 904 3987 μέγιστον

613 4029 730 4093 εὔιππον
752 4028 880 4093 εὔπωλον
902 4027 1089 4093 addoltacoov.

613 4144 633 4211 ὦ
656 4155 716 4211 παῖ
735 4147 852 4229 Κρόνου,
878 4147 913 4212 σὺ
936 4144 996 4226 γάρ
1019 4171 1058 4210 νιν
1080 4147 1119 4217 εἷς

613 4266 670 4330 ‘rod'
693 4262 774 4338 εἷσας
797 4266 931 4347 αὔχημ’,
956 4263 1033 4341 tva}
1055 4264 1211 4340 Ποσεὲδὰν,

614 4381 739 4450 ἵπποισιν
762 4386 809 4450 τὸν
833 4387 982 4465 deornm
1003 4385 1126 4464 χαλινὸν

614 4505 754 4587 πρώταισι
777 4505 878 4570 ταῖσδε
900 4505 1004 4576 κτίσας
1028 4506 1158 4581 ἀγυιαῖς.

1280 4628 1316 4683 24
