3767 5534
907 708 971 767 504

477 913 528 975 61.
564 909 610 982 ἇς.
647 911 802 995 Scriptum
826 933 890 973 esse
914 909 1029 972 dicitur
1053 932 1070 971 a
1091 916 1190 972 vetere
1209 910 1375 973 scholiasta
1393 934 1447 995 pro

430 1024 496 1099 ἕωςε
522 1028 615 1113 idque
639 1028 817 1111 simpliciter
840 1026 883 1090 ita
906 1050 971 1090 esse
997 1026 1142 1103 arbitror,
1168 1034 1286 1090 mutata
1309 1050 1363 1111 per
1386 1028 1450 1091 dia·

429 1147 542 1210 lectum
573 1146 677 1210 forma.
725 1120 899 1229 Hesychius
931 1144 1025 1209 habet
1054 1144 1108 1220 ἃς,
1132 1142 1198 1219 ἕως,
1223 1142 1316 1221 daos,
1342 1146 1449 1227 μέχρις

430 1262 469 1330 οὗ.
519 1266 663 1349 Disputat
693 1264 731 1328 de
762 1289 782 1327 a
812 1264 941 1329 Doricae
973 1264 1096 1328 dialecti
1127 1288 1182 1349 pro
1215 1290 1236 1329 ω
1265 1265 1385 1329 Abrens
1410 1265 1448 1329 de

431 1384 568 1447 dialectis
592 1383 730 1468 Linguae
753 1382 886 1447 Graecae
909 1381 946 1445 L.
971 1382 1005 1445 II
1027 1406 1077 1467 pp.
1104 1383 1450 1460 181,182,00111111110

432 1502 558 1565 Pindari
588 1502 690 1565 locum
713 1524 774 1565 non
800 1508 957 1565 memorat.
1006 1500 1210 1564 Conferantur
1235 1502 1343 1578 etiarn,
1371 1524 1450 1585 quae

433 1622 609 1704 scripsimus
641 1621 867 1705 1101νῖ001110
891 1627 979 1698 σῶμα
1001 1622 1033 1683 111
1058 1620 1256 1692 annotatione
1281 1620 1388 1684 critica
1412 1620 1450 1683 ad

433 1739 483 1803 Ol.
512 1739 541 1802 X
568 1742 608 1801 84
633 1739 718 1802 etin
742 1740 939 1802 annotatione
964 1739 1002 1801 ad
1026 1737 1076 1802 Ol.
1102 1737 1185 1801 VIII
1209 1742 1261 1802 90.
1308 1738 1450 1823 Regnum

433 1866 533 1922 autern
559 1856 707 1921 Oenomai
732 1880 827 1941 quum
852 1857 972 1920 dicatur
996 1880 1013 1919 a
1037 1856 1150 1935 Poeta,
1176 1857 1367 1940 significatur
1390 1880 1453 1921 om-

433 1978 506 2040 nino
535 1984 656 2060 tempus
681 1983 750 2039 ante
775 1976 940 2039 Herculem
949 1981 962 2052 ,“
984 1984 1019 2038 ut
1043 1974 1228 2059 intelligitur
1252 1999 1288 2039 011
1313 1977 1453 2061 apposito

434 2095 553 2174 πρόσθες
589 2094 642 2157 sed
677 2092 852 2158 Oenomaus
884 2094 1077 2178 potissimum
1110 2103 1295 2157 memoratur
1329 2101 1452 2179 propter

434 2212 660 2277 memorabilem
683 2235 818 2296 pugnam
843 2212 983 2297 Pelopis:
1009 2213 1088 2276 conf.
1115 2211 1165 2275 Ol.
1191 2212 1240 2275 IX
1268 2214 1317 2276 15.

481 2334 532 2394 62.
568 2330 675 2409 νιφάδι.
712 2332 775 2394 Alii
806 2330 844 2393 de
875 2330 998 2394 silentio
1030 2330 1147 2394 dictum
1178 2338 1307 2414 putant,
1341 2330 1394 2392 alii
1417 2328 1455 2392 de
1541 2410 1543 2416 Ι

435 2451 502 2534 ipsa
524 2451 603 2513 nive.
639 2450 793 2513 Posterius
818 2450 942 2512 omnino
966 2471 1070 2513 verum
1095 2472 1160 2512 esse
1184 2435 1295 2513 credor
1314 2450 1453 2524 advocare

436 2569 536 2632 fuerat
559 2568 715 2644 tumulus,
740 2568 881 2651 idemque
905 2568 1024 2631 incultu
1042 2568 1201 2631 horruerat
1218 2569 1455 2651 tempestatibus

438 2687 622 2769 nivibusque
645 2686 811 2750 obnoxius:
836 2685 987 2750 Hercules
1011 2708 1122 2749 nomen
1139 2686 1273 2763 addidit,
1291 2695 1338 2764 et,
1355 2688 1382 2751 si
1398 2690 1457 2753 hoc

438 2804 526 2868 nobis
550 2805 663 2887 fingere
686 2804 776 2877 licet,
802 2804 839 2868 ab
863 2803 917 2867 illo
940 2803 1013 2867 inde
1037 2812 1174 2888 tempore
1197 2804 1283 2867 cultu
1308 2827 1458 2869 amoenus

445 2923 544 2985 faetus
568 2929 638 2998 esi,
654 2923 809 3002 1110111,
834 2920 884 2985 01,
909 2922 925 2984 1
953 2924 1026 2987 irs.
1298 2901 1300 2905 ’
1486 3010 1490 3016 ἡ

487 3043 538 3103 64.
573 3040 689 3121 τελέτᾳ,
724 3039 812 3103 (10111.
837 3038 887 3103 01.
912 3038 966 3102 III
991 3042 1042 3104 11.
1079 3039 1274 3123 Significatur
1298 3041 1371 3106 haec
1394 3051 1460 3107 tota

443 3159 504 3222 loci
534 3159 737 3234 consecratio,
771 3179 889 3221 ararum
922 3158 1105 3234 exstructio,
1139 3157 1244 3221 Cronii
1272 3159 1460 3244 appellatio,

443 3300 519 3361 quas
542 3276 615 3339 inde
639 3299 656 3338 a
680 3298 768 3339 versu
794 3277 833 3338 51
859 3273 955 3337 Poeta
979 3275 1129 3359 exposuit.
1167 3274 1275 3340 Cetera
1298 3275 1336 3341 de
1357 3277 1461 3342 Parcis

443 3417 477 3459 ac
502 3395 539 3459 de
562 3394 711 3477 Tempore
735 3392 888 3477 praeclara
911 3400 998 3469 01111,
1027 3392 1246 3476 significantia,
1272 3400 1303 3457 et
1319 3394 1461 3460 effectum

448 3521 478 3577 et
516 3525 694 3597 perpetuam
734 3510 845 3573 famam
883 3510 1031 3573 divinitus
1070 3510 1173 3574 datam
1212 3534 1276 3575 esse
1316 3512 1462 3577 Herculis

445 3631 592 3695 consiliis.

488 3751 539 3813 67.
574 3748 607 3811 τὸ
637 3749 673 3810 δὲ.
708 3748 889 3812 Instituitur
919 3770 999 3811 nova
1030 3770 1098 3832 pars
1133 3749 1331 3812 narrationis:
1357 3772 1390 3809 vs
1416 3754 1457 3812 31

443 3874 628 3936 memoratus
660 3873 704 3929 001
739 3865 903 3942 Hercules,
932 3865 1073 3929 conditor
1096 3866 1242 3950 praeclari
1266 3869 1458 3932 certaminis:

444 4008 492 4047 vss
525 3986 655 4047 32-50
689 3991 809 4067 tempus
833 3984 1057 4068 significatum,
1083 4005 1144 4066 quo
1169 3983 1226 4047 hoo
1249 3984 1370 4048 fecerit:
1395 3994 1460 4050 11111

444 4102 516 4165 inde
544 4125 562 4165 a
584 4125 673 4166 versu
698 4104 758 4179 51,
783 4103 937 4185 quomodo
960 4102 1031 4184 qui
1055 4102 1242 4187 reliquisque
1266 4103 1334 4166 Diis
1351 4128 1463 4194 conse-

447 4220 543 4284 cratio
575 4219 712 4284 locorum
742 4221 823 4284 facta
853 4220 910 4283 sit:
940 4221 1001 4303 jam
1032 4241 1102 4282 vero
1127 4221 1277 4284 narranda
1300 4228 1373 4285 sunt
1397 4223 1464 4308 ipsa

446 4339 546 4423 prima
570 4338 716 4401 sacrificia
740 4346 770 4401 01
794 4338 969 4401 certamina.

493 4459 544 4519 68.
580 4452 648 4520 ὄπνν.
683 4455 862 4533 Cernimus,
894 4456 931 4543 in·
959 4455 1110 4519 indirecta
1133 4456 1270 4519 oratione
1296 4456 1373 4522 hanc
1399 4483 1467 4544 par-
