3767 5534
991 728 1055 791 324

651 930 721 997 ὅταν
743 931 772 995 δὲ
795 930 916 1012 κοθμψρς
941 929 990 995 καὶ
1014 931 1189 1011 τελεντθσρς
1211 930 1293 1007 βίον,

651 1053 709 1123 θεὸς
732 1055 883 1127 κεκλήσει,
908 1050 958 1114 καθ
983 1051 1140 1130 Διοσκόρων
1163 1051 1243 1127 μέσα

648 1171 772 1236 σπονδῶν
795 1168 940 1249 μεθέξεις·
965 1168 1046 1245 ξένιοθ
1069 1170 1098 1233 π’
1121 1170 1269 1249 ἀνθρώπων
1293 1168 1375 1248 ποθρα

522 1279 530 1297 ’
648 1287 720 1366 ἕξεις
743 1292 807 1367 μεθ’
830 1293 926 1366 ἡμῶν·
951 1291 1023 1360 Ζεὺς
1046 1289 1105 1367 yolo
1129 1286 1180 1353 ὧδε
1203 1289 1356 1365 βούλεται.

516 1409 557 1472 Et
580 1407 633 1473 Or.
662 1412 746 1473 1684
770 1408 883 1494 Apollo
907 1408 945 1471 de
969 1407 1073 1471 cedem

958 1528 1016 1604 ἐγὼ
1043 1527 1067 1591 δ’

738 1648 855 1720 Ἑλένην
878 1646 965 1722 Ζηνὸς
988 1647 1138 1724 μελοθθροις
1162 1648 1301 1721 πελοὶσω,

848 1805 892 1814 -
915 1766 974 1838 θεὸς
998 1768 1148 1846 ἀνθρώποις

737 1886 838 1960 ἔσται,
862 1886 999 1956 σπονδαῖς
1023 1885 1135 1961 ἔντιμος
1158 1887 1221 1960 ἀεὶ,

736 2004 787 2069 σὺν
809 2005 1016 2085 Τννδαριδαις,
1041 2013 1100 2077 τοῖς
1124 2005 1191 2076 Διδς
1214 2006 1292 2076 υἱοῖς.

561 2127 590 2187 5.
626 2121 711 2201 ὕμνον
733 2126 873 2203 ὀρθώσαις.
906 2107 1054 2188 Similiter
1077 2122 1127 2187 Ol.
1152 2123 1216 2187 VII
1240 2126 1281 2187 39
1306 2123 1447 2202 διορθῶσαι
1472 2124 1521 2189 λθ-

513 2264 574 2318 γον.
605 2241 717 2307 Ἄστιν
741 2244 891 2327 exquisite
914 2243 1002 2320 dicit,
1024 2244 1111 2328 quasi
1131 2244 1253 2309 ἔπαινον.
1292 2241 1410 2306 Eodem
1429 2241 1521 2306 modo

513 2358 563 2423 Ol.
587 2359 616 2421 V
642 2364 658 2423 l
683 2363 800 2442 ὑψηλᾶν
823 2363 929 2442 οὲρετιῖν
952 2362 1001 2427 καὶ
1024 2362 1178 2445 στεφθνοιν
1201 2359 1292 2426 ἄατον
1314 2362 1436 2440 γλυκύν.
1480 2360 1522 2424 Ilt

512 2477 594 2542 VIII
618 2483 658 2543 99
683 2479 796 2562 Φροθσαι
818 2489 920 2561 χειρῶν
943 2480 1035 2547 ἄωτον
1058 2482 1187 2547 ἐπίνικον.

559 2601 587 2663 7.
630 2597 700 2664 οὕτω
731 2600 770 2663 ud
804 2600 1019 2686 conjungendo
1052 2601 1127 2664 haec
1161 2623 1230 2664 cum
1266 2599 1519 2665 antecedentibus

510 2719 656 2802 pertinet:
689 2718 733 2782 ite
763 2720 895 2805 quippe,
925 2727 963 2783 nt
993 2719 1142 2783 Theronis
1176 2719 1333 2783 victoriam
1360 2741 1519 2797 cunerem,

509 2838 630 2901 adstitit
651 2837 727 2902 milri
751 2839 851 2903 Musa.
893 2839 1069 2919 Ἐναρμθξαι
1093 2848 1139 2904 est
1163 2840 1326 2925 explicatio
1351 2840 1432 2903 vocis
1456 2839 1519 2919 τρθ·

509 2980 576 3039 πον,
601 2958 741 3022 similiter
764 2981 798 3023 ac
822 2981 855 3022 vs
883 2962 922 3022 16
946 2959 1117 3023 infinitivus
1141 2958 1287 3037 συμμίξαι
1307 2957 1345 3021 cd
1366 2957 1520 3042 explicen-

509 3075 583 3140 dum
614 3076 839 3141 substantivum
862 3079 946 3158 χρέος
970 3079 1111 3163 pertinet.
1158 3080 1369 3155 Ἀμλαθιιαμον
1393 3099 1455 3141 nou
1478 3077 1518 3141 cd

507 3196 625 3275 Φανοθν,
662 3196 716 3260 sed
751 3196 788 3260 ed
822 3199 924 3277 τρόπον
959 3197 1152 3262 referendum
1187 3204 1249 3279 est,
1283 3194 1325 3259 Of
1344 3195 1393 3260 Ol.
1419 3195 1449 3258 X
1473 3198 1516 3259 93

507 3314 556 3378 τὸν
578 3315 720 3392 ἐγκώμιον
742 3316 825 3397 ἀμφὶ
851 3316 963 3397 τρθπον.

493 3474 495 3479 -
555 3435 604 3497 ll.
639 3436 786 3514 χαίταισι.
823 3434 973 3511 Victoris,
999 3457 1061 3498 non
1086 3456 1244 3519 equorum.
1292 3433 1438 3498 Similiter
1462 3431 1514 3497 Ol.

508 3549 585 3614 XIV
610 3555 661 3616 35.

555 3674 604 3733 ic.
640 3672 793 3747 θεοδματον
816 3672 909 3752 χρέος.
946 3670 1019 3735 Non
1042 3671 1237 3750 crediderim,
1260 3671 1426 3735 Pindarum
1448 3694 1516 3757 pro·

506 3790 623 3854 misisse
646 3790 779 3856 'lberoni
803 3814 938 3870 carmen,
963 3815 1067 3856 verum
1090 3794 1135 3855 ita
1158 3794 1186 3856 ci
1209 3791 1385 3856 devinctum
1405 3799 1436 3855 et
1455 3792 1515 3856 vic-

506 3909 585 3972 toria
616 3911 681 3995 ejus
712 3910 897 3975 delectatum
926 3912 1038 3989 fuisse,
1071 3919 1123 3988 ut,
1156 3933 1251 3995 quum
1283 3910 1335 3974 Dii
1364 3911 1444 3975 hauc
1465 3910 1513 3975 illi

505 4026 701 4106 tribuissent,
734 4029 792 4093 sibi
823 4030 861 4095 eb
884 4030 993 4095 iisdem
1017 4031 1106 4095 dulce
1130 4029 1259 4095 canendi
1282 4052 1395 4094 munus
1418 4030 1514 4114 impo

506 4146 598 4211 situm
623 4148 819 4213 existimaret.

553 4268 602 4327 18.
637 4267 759 4347 θεθμοροι
782 4268 886 4334 ἀοιδαί.
919 4270 985 4333 Aut
1005 4269 1216 4353 significantur
1235 4267 1383 4343 carmine,
1404 4266 1512 4331 eodem

505 4382 640 4447 Deorum
668 4407 794 4450 munere
826 4386 898 4451 data
921 4388 1105 4464 victoribus,
1131 4410 1191 4470 quo
1214 4386 1261 4450 illi
1284 4384 1394 4450 dedere
1417 4386 1511 4450 victo-

504 4503 596 4566 riam:
622 4512 675 4566 eut
698 4525 775 4587 quse
799 4506 852 4569 Dii
875 4506 1019 4571 cordibus
1043 4514 1200 4591 poetarum
1220 4505 1405 4590 impertiant.
1438 4505 1510 4570 Pos-
