3767 5534
898 717 962 779 383

603 917 633 991 ὃς
658 919 683 982 δ’
705 920 787 996 ἄμφ’
809 918 918 989 ἀέθλοις
942 920 959 992 ἢ
986 918 1147 997 πολεμίζων
1169 916 1235 993 ἄρκ-

603 1064 653 1103 ται
677 1038 758 1109 κῦδος
781 1037 889 1117 ἁβρὸν,

605 1158 784 1237 εὐαγορηθεὶς
808 1157 900 1236 κε’ρδος
925 1153 1046 1236 ύψιστον
1069 1155 1200 1236 δέχεται.

473 1280 526 1341 34.
561 1275 611 1340 Ol.
636 1276 769 1340 11866.

473 1397 526 1457 36.
561 1393 750 1474 ἐπιτρέψοντι.
786 1391 909 1477 Quippe
932 1392 1128 1477 praeconium
1150 1391 1249 1455 laudis
1274 1393 1410 1476 Agesiae.

385 1509 391 1520 '
474 1514 527 1577 37.
563 1512 668 1584 Φίντις.
705 1512 850 1596 Aurigam
882 1510 978 1574 fuisse
1002 1510 1130 1595 Agesiae
1153 1517 1305 1574 testantur
1329 1510 1438 1573 scholi·

430 1637 521 1693 astae.
569 1629 607 1693 In
638 1638 738 1694 vetere
767 1630 883 1693 scholio
915 1636 978 1706 est,
1011 1628 1121 1692 Dorice
1151 1651 1262 1692 nomen
1290 1630 1437 1713 scriptum

431 1770 495 1814 esse
518 1771 572 1834 pro
596 1751 712 1827 Φίλτις,
737 1756 768 1812 et
789 1749 971 1813 nominativi
994 1770 1048 1834 pro
1071 1749 1209 1812 vocativo
1233 1749 1325 1833 positi
1342 1771 1439 1812 exem·

432 1869 517 1955 plum
541 1868 666 1932 affertur
688 1867 727 1932 Il.
751 1867 803 1931 III
827 1870 888 1933 277
914 1867 1025 1941 Ἠἐιιιθς
1049 1866 1075 1932 θ’·
1095 1866 1124 1940 ὃς
1147 1867 1234 1933 στάντ’
1257 1870 1373 1953 ε’φορρῖς.

476 1986 533 2051 Est
562 1994 664 2051 autem
695 1987 768 2051 haec
798 1987 966 2072 propositio
997 1986 1176 2071 allegorica,
1204 2011 1265 2073 qua
1288 1988 1438 2073 significat

431 2105 544 2183 Poeta,
572 2107 635 2190 jam
665 2128 698 2170 se
728 2106 815 2189 quasi
845 2106 995 2169 flectendo
1026 2129 1117 2170 cursu
1145 2107 1286 2170 carminis
1309 2108 1437 2170 transire

433 2225 580 2288 continuo
603 2224 641 2288 ad
665 2223 772 2287 laudes
793 2225 943 2309 majorum
967 2225 1096 2309 Agesiae
1119 2232 1149 2288 et
1164 2225 1263 2309 gentis
1280 2234 1440 2289 auctorum

434 2342 638 2408 celebrandas.
669 2342 715 2407 Cf.
730 2341 781 2406 Ol.
795 2342 842 2406 IX
857 2346 918 2407 120
931 2345 1105 2421 ἀναγεῖσθαι
1117 2346 1273 2424 τρύσφορος
1286 2346 1314 2408 ἐν
1325 2348 1439 2409 Μοισοῖν

433 2462 532 2541 δίφρῳ.
579 2459 669 2525 Nem.
694 2460 722 2524 X
751 2464 811 2524 102
835 2459 918 2541 ἅρμα
940 2463 1074 2542 Πιερίδων
1097 2463 1252 2543 τετρύορον.

480 2582 533 2644 39.
569 2581 691 2661 κελεύθῳ
715 2582 743 2644 ἕν
766 2583 889 2662 καθαρᾷ.
925 2580 1018 2643 Recte
1043 2581 1167 2663 quidem
1185 2580 1359 2644 Boeckhius
1379 2603 1441 2644 mo·

434 2706 505 2777 net,
530 2698 694 2782 significari
717 2722 864 2776 vacuum,
889 2698 981 2764 Hom.
1006 2699 1044 2763 Il.
1068 2699 1150 2763 VIII
1173 2703 1234 2763 491

567 2820 595 2881 ἐν
617 2820 749 2899 καθαρῷ,
774 2816 812 2883 ύθι
835 2818 868 2893 δὴ
891 2820 994 2884 νεκύων
1016 2820 1177 2899 διεφαίνετο
1201 2826 1310 2900 χοῖρος·

435 2941 466 2999 et
488 2933 603 2999 XXIII
627 2938 667 2999 61

570 3055 599 3117 ἒν
621 3057 751 3134 καθαρῷ,
774 3050 812 3119 tc
834 3054 944 3132 κύματ’
969 3057 1014 3119 ἐτ’
1038 3055 1124 3131 ἠιόνος
1152 3055 1314 3137 κλύζεσκον.

436 3170 550 3235 'Iamen
590 3172 647 3237 hoc
685 3172 751 3237 loco
783 3174 912 3238 nitorem
943 3175 1008 3238 viae
1040 3176 1208 3239 carminum
1242 3177 1444 3261 praestantiae

441 3291 673 3355 convenientem
697 3292 825 3356 indicari
860 3293 949 3357 credo
973 3304 1003 3356 ct
1026 3294 1179 3376 quandam
1202 3296 1289 3379 quasi
1313 3306 1446 3360 sanctam

438 3408 621 3491 puritatem:
647 3409 703 3473 Ist.
728 3409 756 3469 V
781 3414 821 3473 29

614 3528 743 3593 θεοδότων
766 3530 1072 3608 incommoditates
1096 3532 1239 3612 καθαρύν·

439 3644 549 3709 Aesch.
574 3644 648 3730 Sup.
674 3650 737 3710 656
760 3649 905 3729 καθαροῖσι
927 3650 1049 3728 βωμοῖς.
1074 3649 1120 3715 Oi.
1145 3649 1194 3713 Ol.
1219 3650 1235 3713 I
1259 3653 1311 3714 4¹0.

483 3765 536 3824 40.
572 3763 705 3840 βύσοριεν
727 3764 822 3845 θκχον.
861 3765 978 3831 Rursus
1002 3766 1289 3852 Interpretationem
1304 3767 1447 3831 Latinam

439 3888 602 3944 correct-am
634 3881 721 3962 volo,
753 3893 782 3947 et
805 3908 860 3968 pro
884 3886 915 3949 in
939 3886 1064 3950 rhedam
1089 3887 1285 3950 escendamus
1309 3887 1369 3972 legi
1394 3887 1448 3950 du·

439 4020 542 4062 camus
567 3994 692 4064 rhedam
716 4003 761 4065 vel
786 4025 1026 4086 promoveamus
1074 4005 1125 4069 Ol.
1150 4005 1233 4069 VIII
1258 4008 1298 4069 83
1322 4007 1366 4077 τίς
1389 4005 1449 4085 τρύ-

440 4140 492 4188 τος
522 4116 611 4196 ἄνδρα
642 4119 792 4197 τροβύσει.
839 4121 967 4187 Lucian.
999 4122 1081 4187 Dial.
1113 4133 1202 4188 mort.
1226 4123 1273 4187 VI
1304 4126 1324 4185 θ
1351 4123 1448 4202 ἔγωγε

440 4232 503 4299 ύσον
525 4237 635 4301 αὐτίκα
657 4238 779 4315 οἰόμενος
803 4241 951 4319 ἕτιβύσειν
975 4242 1062 4306 αύτθν
1084 4252 1136 4316 τῆς
1160 4249 1248 4323 σοροῦ.

487 4360 541 4420 41.
576 4355 608 4432 ἐξ
629 4360 738 4424 danic.
771 4359 928 4424 Sententia
945 4363 1017 4425 satis
1033 4363 1208 4446 perspicua:
1227 4370 1344 4447 praeter
1360 4361 1459 4439 aliae,.

444 4474 552 4538 melius
584 4497 675 4559 quam
707 4477 792 4541 aliae.
840 4478 899 4543 Sed
930 4502 1004 4544 usus
1036 4481 1127 4565 hujus
1158 4481 1391 4566 praepositionis
1418 4479 1451 4551 ἐξ
