3767 5534
521 714 555 759 lv

521 901 552 957 te
575 901 606 957 et
630 916 677 956 mc
701 892 781 955 nihil
802 892 863 955 fuit
886 890 1073 976 hujusmodi.
1114 891 1157 955 Te
1180 890 1257 954 mihi
1279 892 1453 956 conciliavit
1471 892 1538 976 ipse

520 1025 690 1088 Pindarus:
724 1032 771 1101 et,
804 1023 864 1087 nisi
895 1031 931 1087 tu
961 1024 1134 1088 studiorum
1167 1030 1291 1087 tuorum
1315 1024 1482 1108 primordia
1506 1031 1537 1087 et

480 1237 482 1243 Ι
521 1159 668 1245 primum,
705 1157 790 1242 quod
824 1156 966 1235 edidisti,
1003 1180 1081 1241 opus
1117 1158 1148 1220 in
1186 1157 1372 1241 gravissimis
1410 1156 1536 1219 Pindari

521 1292 680 1356 sententiis
715 1290 903 1375 explicandis
935 1314 1000 1355 esse
1031 1291 1196 1367 voluisseS,
1229 1297 1258 1353 et
1293 1290 1353 1353 nisi
1385 1312 1441 1373 ego
1470 1290 1535 1374 jam

520 1432 585 1487 tum
618 1446 655 1487 ex
685 1422 760 1486 meis
790 1422 916 1485 Pindari
943 1422 1053 1486 studiis
1087 1422 1202 1506 aliquid
1234 1422 1266 1485 in
1290 1421 1448 1507 publicum
1472 1420 1535 1485 edi·

521 1554 656 1650 dissem,⁴
683 1577 738 1617 nee
770 1575 826 1637 ego
858 1561 888 1617 te
920 1553 1063 1617 vidissem
1096 1576 1233 1638 unquam
1256 1554 1289 1617 in
1313 1552 1370 1617 hae
1392 1553 1471 1631 vita,
1498 1561 1534 1616 ut

521 1686 659 1763 videtur,
685 1708 741 1749 neo
764 1696 800 1748 tu
822 1707 871 1749 me
895 1686 1096 1769 cognovisses.
1129 1685 1246 1749 Verum
1269 1692 1353 1762 tum,
1378 1707 1475 1769 quum
1498 1691 1534 1748 tu

521 1826 591 1884 ante
615 1819 671 1882 hos
695 1818 805 1901 viginti
829 1840 925 1881 anuos
949 1817 1038 1881 illum
1062 1841 1164 1882 meum
1188 1818 1301 1881 librum
1326 1824 1433 1881 nactus
1454 1841 1551 1891 esses¹

521 1958 551 2014 et
579 1950 704 2033 legisses
728 1956 758 2012 et
782 1948 819 2011 ad
844 1955 959 2012 rectam
982 1947 1094 2012 summi
1116 1949 1229 2013 Poetae
1252 1949 1534 2033 interpretationem

519 2083 626 2147 utilem
654 2105 717 2146 esse
737 2082 924 2167 judicasseS,
949 2082 1125 2166 incognitus
1149 2082 1187 2145 ad
1211 2105 1259 2146 me
1283 2082 1475 2167 incognitum
1499 2081 1536 2146 li·
1571 2087 1572 2091 ’

520 2223 600 2279 teras
623 2214 787 2299 scripsisti,
813 2237 891 2299 quae
914 2214 1041 2278 eximiae
1065 2213 1293 2278 benevolentiae
1316 2222 1346 2277 et
1370 2214 1463 2277 ferme
1483 2236 1535 2277 eu-

517 2346 640 2431 jusdam
670 2346 758 2429 quasi
788 2346 911 2429 pietatis
942 2368 1014 2430 erga
1044 2368 1092 2409 mc
1115 2344 1264 2409 indicium
1288 2345 1474 2430 prodebant,
1503 2352 1534 2409 et

521 2478 631 2543 misisti
668 2477 745 2541 mihi
784 2485 869 2541 tuam
904 2477 952 2540 De
989 2476 1132 2541 Hominis
1168 2484 1251 2541 statu
1287 2500 1322 2541 ae
1356 2486 1466 2542 natura
1501 2477 1535 2540 in

521 2610 647 2674 Pindari
676 2609 861 2673 carminibus
894 2631 1037 2693 expressa
1060 2610 1314 2673 dissertationem.
1361 2609 1441 2674 Turn
1464 2632 1535 2673 sane

521 2765 582 2807 nou
608 2742 707 2806 brevis
730 2742 877 2819 notitiae,
909 2740 964 2805 sed
987 2741 1113 2805 intimae
1137 2741 1288 2806 amicitiae
1313 2764 1347 2804 ao
1371 2742 1535 2806 duraturae

522 2876 756 2940 fundamentum
780 2875 921 2959 posuisti.
962 2872 1072 2957 Neque
1096 2897 1131 2938 ea
1154 2873 1286 2938 diminui
1309 2874 1429 2958 potuit,
1455 2879 1537 2958 post-

523 3032 615 3094 quam
646 3016 682 3072 tu
708 3010 771 3092 jam
803 2998 864 3071 non
892 3007 1087 3092 juventutem
1119 3007 1209 3071 doces
1242 3006 1383 3089 antiquas
1412 3006 1533 3082 literas,

523 3148 664 3226 suscepto
680 3141 713 3203 in
729 3140 854 3204 ecelesia
870 3139 1046 3204 Christiana
1062 3161 1146 3203 sacro
1161 3139 1340 3203 ministerio.
1365 3138 1534 3222 Scripseras

524 3282 591 3337 turn
616 3274 647 3336 in
672 3279 743 3336 tuae
767 3272 992 3336 dissertationis
1016 3272 1217 3356 praefatione:
1235 3271 1273 3335 In
1291 3277 1428 3335 veterum
1443 3271 1536 3333 Grae·

518 3413 629 3471 'corum
651 3404 919 3489 Romanorumque
943 3405 1082 3469 doctrina
1105 3404 1262 3488 religionis
1283 3426 1452 3468 aemorum
1469 3402 1536 3486 plu·

523 3540 600 3602 rima
623 3561 705 3616 esse,
737 3560 815 3621 quae
839 3561 909 3603 cum
932 3538 1098 3602 christiana
1121 3538 1313 3602 consentiant
1337 3537 1534 3614 amicissime,

524 3693 624 3754 neque
656 3671 856 3735 humanitatis
888 3672 992 3735 studia
1024 3694 1077 3755 per
1101 3693 1187 3735 suam
1211 3678 1352 3734 naturam
1377 3691 1447 3732 vero
1470 3668 1538 3731 reli·

525 3803 625 3888 gionis
649 3804 748 3867 cultui
771 3803 941 3889 quidquam
966 3804 1141 3879 detrahere,
1168 3804 1220 3867 sed
1244 3803 1284 3882 ad
1306 3825 1375 3867 eum
1393 3802 1535 3866 alendum

525 3935 829 4019 conservandumque
869 3935 1036 4019 plurimum
1079 3935 1229 3999 conferre:
1265 3934 1411 3999 laudabas
1446 3934 1536 3998 etiam

525 4066 717 4144 Heusdium,
757 4068 881 4152 ejusque
925 4067 963 4130 de
1002 4067 1140 4142 Platonis
1178 4068 1372 4152 philosophia
1407 4067 1535 4151 scripta,

525 4200 655 4263 maxime
679 4222 749 4263 vero
773 4199 852 4263 illud
875 4200 994 4283 ipsum,
1017 4198 1100 4282 quod
1117 4222 1152 4263 ex
1168 4199 1327 4263 Platonica
1344 4198 1536 4283 philosophia

524 4334 643 4397 fructus
667 4333 834 4397 uberrimos
858 4333 896 4396 ad
922 4356 1009 4397 verae
1031 4334 1188 4418 religionis
1205 4339 1236 4397 et
1249 4354 1370 4396 morum
1386 4332 1536 4396 bonorum

524 4462 626 4527 studia
648 4463 818 4528 redundare
834 4464 1027 4529 ostendisset.
1046 4463 1225 4541 Nesciebas,
1242 4464 1375 4528 amicum
1391 4463 1448 4527 tibi
1465 4485 1536 4527 eou-
