<?xml version="1.0" encoding="UTF-8"?>
<!DOCTYPE html PUBLIC "-//W3C//DTD XHTML 1.0 Transitional//EN"
    "http://www.w3.org/TR/xhtml1/DTD/xhtml1-transitional.dtd">
<html xmlns="http://www.w3.org/1999/xhtml" xml:lang="en" lang="en">
 <head>
  <title>
</title>
<meta http-equiv="Content-Type" content="text/html;charset=utf-8" />
  <meta name='ocr-system' content='tesseract 3.04.00' />
  <meta name='ocr-capabilities' content='ocr_page ocr_carea ocr_par ocr_line ocrx_word'/>
</head>
<body>
  <div class='ocr_page' id='page_1' title='image "./pindaricarminao00pindgoog_0628.png"; bbox 0 0 3767 5534; ppageno 0'>
   <div class='ocr_carea' id='block_1_1' title="bbox 907 692 971 756">
    <p class='ocr_par' dir='ltr' id='par_1_1' title="bbox 907 692 971 756">
     <span class='ocr_line' id='line_1_1' title="bbox 907 692 971 756; baseline -0.031 0"><span class='ocrx_word' id='word_1_1' title='bbox 907 692 971 756; x_wconf 79' lang='lat'><strong>543</strong></span> 
     </span>
    </p>
   </div>
   <div class='ocr_carea' id='block_1_2' title="bbox 431 885 1447 1222">
    <p class='ocr_par' dir='ltr' id='par_1_2' title="bbox 431 885 1447 1222">
     <span class='ocr_line' id='line_1_2' title="bbox 432 885 1443 993; baseline 0.003 -40"><span class='ocrx_word' id='word_1_2' title='bbox 432 896 582 975; x_wconf 84' lang='lat' dir='ltr'><strong>utraeque.</strong></span> <span class='ocrx_word' id='word_1_3' title='bbox 605 899 679 955; x_wconf 89' lang='lat' dir='ltr'><strong>sunt</strong></span> <span class='ocrx_word' id='word_1_4' title='bbox 700 890 847 960; x_wconf 72' lang='lat' dir='ltr'><strong>Thessali.</strong></span> <span class='ocrx_word' id='word_1_5' title='bbox 882 889 1019 955; x_wconf 80' lang='lat' dir='ltr'><strong>Verbum</strong></span> <span class='ocrx_word' id='word_1_6' title='bbox 1043 888 1183 993; x_wconf 77' lang='lat' dir='ltr'><strong>expletur</strong></span> <span class='ocrx_word' id='word_1_7' title='bbox 1205 910 1242 953; x_wconf 81' lang='lat' dir='ltr'><strong>er</strong></span> <span class='ocrx_word' id='word_1_8' title='bbox 1262 885 1443 972; x_wconf 73' lang='lat' dir='ltr'><strong>praecedeu-</strong></span> 
     </span>
     <span class='ocr_line' id='line_1_3' title="bbox 431 1003 1446 1082; baseline -0.004 -11"><span class='ocrx_word' id='word_1_9' title='bbox 431 1008 526 1072; x_wconf 90' lang='lat' dir='ltr'><strong>tibus.</strong></span> <span class='ocrx_word' id='word_1_10' title='bbox 567 1006 658 1072; x_wconf 81' lang='lat' dir='ltr'><strong>Festa</strong></span> <span class='ocrx_word' id='word_1_11' title='bbox 680 1015 783 1072; x_wconf 88' lang='lat' dir='ltr'><strong>antem</strong></span> <span class='ocrx_word' id='word_1_12' title='bbox 807 1007 947 1072; x_wconf 88' lang='lat' dir='ltr'><strong>Hellotia</strong></span> <span class='ocrx_word' id='word_1_13' title='bbox 968 1007 1052 1073; x_wconf 75' lang='lat' dir='ltr'><strong>trare</strong></span> <span class='ocrx_word' id='word_1_14' title='bbox 1076 1004 1238 1071; x_wconf 79' lang='lat' dir='ltr'><strong>Corinthia</strong></span> <span class='ocrx_word' id='word_1_15' title='bbox 1244 1053 1259 1082; x_wconf 79' lang='lat'><strong>„</strong></span> <span class='ocrx_word' id='word_1_16' title='bbox 1278 1025 1367 1070; x_wconf 83' lang='lat' dir='ltr'><strong>sacra</strong></span> <span class='ocrx_word' id='word_1_17' title='bbox 1386 1003 1446 1072; x_wconf 79' lang='lat' dir='ltr'><strong>ldi-</strong></span> 
     </span>
     <span class='ocr_line' id='line_1_4' title="bbox 434 1122 1447 1222; baseline -0.008 -31"><span class='ocrx_word' id='word_1_18' title='bbox 434 1147 561 1192; x_wconf 79' lang='lat' dir='ltr'><strong>uerrae:</strong></span> <span class='ocrx_word' id='word_1_19' title='bbox 586 1147 719 1209; x_wconf 88' lang='lat' dir='ltr'><strong>quornm</strong></span> <span class='ocrx_word' id='word_1_20' title='bbox 741 1135 803 1189; x_wconf 90' lang='lat' dir='ltr'><strong>tres</strong></span> <span class='ocrx_word' id='word_1_21' title='bbox 827 1146 938 1191; x_wconf 86' lang='lat' dir='ltr'><strong>causae</strong></span> <span class='ocrx_word' id='word_1_22' title='bbox 961 1124 1127 1188; x_wconf 87' lang='lat' dir='ltr'><strong>traduntur</strong></span> <span class='ocrx_word' id='word_1_23' title='bbox 1141 1124 1175 1222; x_wconf 92' lang='lat' dir='ltr'><strong>in</strong></span> <span class='ocrx_word' id='word_1_24' title='bbox 1191 1122 1344 1188; x_wconf 85' lang='lat' dir='ltr'><strong>veteribus</strong></span> <span class='ocrx_word' id='word_1_25' title='bbox 1360 1122 1447 1188; x_wconf 86' lang='lat' dir='ltr'><strong>scho-</strong></span> 
     </span>
    </p>
   </div>
   <div class='ocr_carea' id='block_1_3' title="bbox 435 1239 1586 1327">
    <p class='ocr_par' dir='ltr' id='par_1_3' title="bbox 435 1239 1586 1327">
     <span class='ocr_line' id='line_1_5' title="bbox 435 1239 1586 1327; baseline 0 -21"><span class='ocrx_word' id='word_1_26' title='bbox 435 1242 502 1306; x_wconf 82' lang='lat' dir='ltr'>liis:</span> <span class='ocrx_word' id='word_1_27' title='bbox 535 1242 706 1306; x_wconf 87' lang='lat' dir='ltr'><strong>Mincrvam</strong></span> <span class='ocrx_word' id='word_1_28' title='bbox 736 1244 859 1308; x_wconf 69' lang='grc' dir='ltr'><strong><em>ἑλοῦσαν</em></strong></span> <span class='ocrx_word' id='word_1_29' title='bbox 890 1242 1042 1327; x_wconf 82' lang='lat' dir='ltr'><strong>Pegasum</strong></span> <span class='ocrx_word' id='word_1_30' title='bbox 1065 1242 1160 1305; x_wconf 83' lang='lat' dir='ltr'><strong>frenis</strong></span> <span class='ocrx_word' id='word_1_31' title='bbox 1181 1240 1301 1325; x_wconf 89' lang='lat' dir='ltr'><strong>injectis</strong></span> <span class='ocrx_word' id='word_1_32' title='bbox 1324 1239 1447 1306; x_wconf 80' lang='lat' dir='ltr'><strong>dedisse</strong></span> <span class='ocrx_word' id='word_1_33' title='bbox 1581 1315 1586 1320; x_wconf 45' lang='grc'>,</span> 
     </span>
    </p>
   </div>
   <div class='ocr_carea' id='block_1_4' title="bbox 436 1358 1455 2615">
    <p class='ocr_par' dir='ltr' id='par_1_4' title="bbox 436 1358 1452 2149">
     <span class='ocr_line' id='line_1_6' title="bbox 436 1358 1448 1448; baseline -0.004 -23"><span class='ocrx_word' id='word_1_34' title='bbox 436 1360 711 1448; x_wconf 66' lang='lat' dir='ltr'><strong>Bellerophontem</strong></span> <span class='ocrx_word' id='word_1_35' title='bbox 737 1369 792 1428; x_wconf 75' lang='lat' dir='ltr'><strong>uit</strong></span> <span class='ocrx_word' id='word_1_36' title='bbox 814 1382 984 1445; x_wconf 72' lang='lat' dir='ltr'><strong>wgnommr</strong></span> <span class='ocrx_word' id='word_1_37' title='bbox 1007 1381 1073 1425; x_wconf 87' lang='lat' dir='ltr'><strong>ease</strong></span> <span class='ocrx_word' id='word_1_38' title='bbox 1096 1358 1259 1424; x_wconf 79' lang='lat' dir='ltr'><strong>Minervae</strong></span> <span class='ocrx_word' id='word_1_39' title='bbox 1275 1358 1336 1424; x_wconf 75' lang='lat' dir='ltr'><strong>clad</strong></span> <span class='ocrx_word' id='word_1_40' title='bbox 1352 1363 1402 1424; x_wconf 78' lang='grc' dir='ltr'><strong>ταῦ</strong></span> <span class='ocrx_word' id='word_1_41' title='bbox 1419 1358 1448 1422; x_wconf 79' lang='grc' dir='ltr'><strong>ἐν</strong></span> 
     </span>
     <span class='ocr_line' id='line_1_7' title="bbox 438 1475 1449 1561; baseline -0.005 -17"><span class='ocrx_word' id='word_1_42' title='bbox 438 1480 592 1559; x_wconf 68' lang='grc' dir='ltr'><strong>Μαραθῶνι</strong></span> <span class='ocrx_word' id='word_1_43' title='bbox 624 1477 724 1554; x_wconf 76' lang='grc' dir='ltr'><em>ἕλους,</em></span> <span class='ocrx_word' id='word_1_44' title='bbox 752 1479 819 1544; x_wconf 72' lang='lat' dir='ltr'><strong>talc</strong></span> <span class='ocrx_word' id='word_1_45' title='bbox 841 1476 971 1558; x_wconf 75' lang='lat' dir='ltr'><strong>l&#39;dpvrar:</strong></span> <span class='ocrx_word' id='word_1_46' title='bbox 996 1485 1068 1553; x_wconf 89' lang='lat' dir='ltr'><strong>aut,</strong></span> <span class='ocrx_word' id='word_1_47' title='bbox 1093 1484 1182 1561; x_wconf 86' lang='lat' dir='ltr'><strong>capta</strong></span> <span class='ocrx_word' id='word_1_48' title='bbox 1205 1498 1223 1539; x_wconf 92' lang='lat' dir='ltr'><strong>a</strong></span> <span class='ocrx_word' id='word_1_49' title='bbox 1246 1475 1449 1541; x_wconf 84' lang='lat' dir='ltr'><strong>Doriensihus</strong></span> 
     </span>
     <span class='ocr_line' id='line_1_8' title="bbox 439 1593 1449 1680; baseline -0.006 -16"><span class='ocrx_word' id='word_1_50' title='bbox 439 1596 606 1674; x_wconf 75' lang='lat' dir='ltr'><strong>Corintho,</strong></span> <span class='ocrx_word' id='word_1_51' title='bbox 639 1596 719 1664; x_wconf 83' lang='lat' dir='ltr'><strong>duas</strong></span> <span class='ocrx_word' id='word_1_52' title='bbox 750 1598 900 1680; x_wconf 78' lang='lat' dir='ltr'><strong>virgines,</strong></span> <span class='ocrx_word' id='word_1_53' title='bbox 932 1595 1124 1680; x_wconf 81' lang='lat' dir='ltr'><strong>Iturytionen</strong></span> <span class='ocrx_word' id='word_1_54' title='bbox 1153 1601 1185 1659; x_wconf 85' lang='lat' dir='ltr'><strong>et.</strong></span> <span class='ocrx_word' id='word_1_55' title='bbox 1212 1593 1387 1671; x_wconf 88' lang='lat' dir='ltr'><strong>Hellotida,</strong></span> <span class='ocrx_word' id='word_1_56' title='bbox 1417 1594 1449 1658; x_wconf 93' lang='lat' dir='ltr'><strong>in</strong></span> 
     </span>
     <span class='ocr_line' id='line_1_9' title="bbox 442 1710 1451 1799; baseline -0.008 -15"><span class='ocrx_word' id='word_1_57' title='bbox 442 1714 594 1799; x_wconf 79' lang='lat' dir='ltr'><strong>tenplum</strong></span> <span class='ocrx_word' id='word_1_58' title='bbox 616 1714 773 1782; x_wconf 75' lang='lat' dir='ltr'><strong>Mineruae</strong></span> <span class='ocrx_word' id='word_1_59' title='bbox 795 1714 993 1797; x_wconf 68' lang='lat' dir='ltr'><strong>confugisse,</strong></span> <span class='ocrx_word' id='word_1_60' title='bbox 1011 1720 1042 1780; x_wconf 88' lang='lat' dir='ltr'><strong>et</strong></span> <span class='ocrx_word' id='word_1_61' title='bbox 1065 1734 1105 1777; x_wconf 86' lang='lat' dir='ltr'><strong>eo</strong></span> <span class='ocrx_word' id='word_1_62' title='bbox 1123 1711 1240 1796; x_wconf 87' lang='lat' dir='ltr'><strong>templo</strong></span> <span class='ocrx_word' id='word_1_63' title='bbox 1255 1711 1294 1776; x_wconf 88' lang='lat' dir='ltr'><strong>ah</strong></span> <span class='ocrx_word' id='word_1_64' title='bbox 1309 1710 1451 1776; x_wconf 83' lang='lat' dir='ltr'><strong>hostibus</strong></span> 
     </span>
     <span class='ocr_line' id='line_1_10' title="bbox 442 1827 1451 1915; baseline -0.001 -22"><span class='ocrx_word' id='word_1_65' title='bbox 442 1830 567 1894; x_wconf 89' lang='lat' dir='ltr'><strong>incenso</strong></span> <span class='ocrx_word' id='word_1_66' title='bbox 605 1830 823 1915; x_wconf 63' lang='lat' dir='ltr'><strong>conflagrans:</strong></span> <span class='ocrx_word' id='word_1_67' title='bbox 859 1838 972 1914; x_wconf 51' lang='lat' dir='ltr'><strong>postea,</strong></span> <span class='ocrx_word' id='word_1_68' title='bbox 999 1828 1144 1913; x_wconf 86' lang='lat' dir='ltr'><strong>expiandi</strong></span> <span class='ocrx_word' id='word_1_69' title='bbox 1178 1850 1271 1894; x_wconf 86' lang='lat' dir='ltr'><strong>causa</strong></span> <span class='ocrx_word' id='word_1_70' title='bbox 1302 1827 1451 1911; x_wconf 85' lang='lat' dir='ltr'><strong>templum</strong></span> 
     </span>
     <span class='ocr_line' id='line_1_11' title="bbox 444 1943 1452 2014; baseline -0.003 -4"><span class='ocrx_word' id='word_1_71' title='bbox 444 1945 602 2011; x_wconf 87' lang='lat' dir='ltr'><strong>Minervae</strong></span> <span class='ocrx_word' id='word_1_72' title='bbox 625 1946 793 2014; x_wconf 85' lang='lat' dir='ltr'><strong>Hellotidis</strong></span> <span class='ocrx_word' id='word_1_73' title='bbox 816 1955 847 2012; x_wconf 90' lang='lat' dir='ltr'><strong>et</strong></span> <span class='ocrx_word' id='word_1_74' title='bbox 869 1948 953 2012; x_wconf 81' lang='lat' dir='ltr'><strong>leste</strong></span> <span class='ocrx_word' id='word_1_75' title='bbox 970 1947 1115 2012; x_wconf 87' lang='lat' dir='ltr'><strong>instituta</strong></span> <span class='ocrx_word' id='word_1_76' title='bbox 1138 1967 1211 2010; x_wconf 89' lang='lat' dir='ltr'><strong>esse.</strong></span> <span class='ocrx_word' id='word_1_77' title='bbox 1259 1943 1367 2008; x_wconf 78' lang='lat' dir='ltr'>Fuisse</span> <span class='ocrx_word' id='word_1_78' title='bbox 1382 1966 1452 2008; x_wconf 89' lang='lat' dir='ltr'><strong>cum</strong></span> 
     </span>
     <span class='ocr_line' id='line_1_12' title="bbox 444 2064 1235 2149; baseline 0 -22"><span class='ocrx_word' id='word_1_79' title='bbox 444 2085 480 2128; x_wconf 88' lang='lat' dir='ltr'><strong>eo</strong></span> <span class='ocrx_word' id='word_1_80' title='bbox 503 2064 584 2129; x_wconf 84' lang='lat' dir='ltr'><strong>leste</strong></span> <span class='ocrx_word' id='word_1_81' title='bbox 603 2064 780 2149; x_wconf 87' lang='lat' dir='ltr'><strong>lampadum</strong></span> <span class='ocrx_word' id='word_1_82' title='bbox 803 2066 1008 2149; x_wconf 88' lang='lat' dir='ltr'><strong>portationem</strong></span> <span class='ocrx_word' id='word_1_83' title='bbox 1031 2064 1235 2147; x_wconf 88' lang='lat' dir='ltr'><strong>conjunctam.</strong></span> 
     </span>
    </p>

    <p class='ocr_par' dir='ltr' id='par_1_5' title="bbox 444 2177 1455 2615">
     <span class='ocr_line' id='line_1_13' title="bbox 490 2177 1455 2263; baseline -0.005 -17"><span class='ocrx_word' id='word_1_84' title='bbox 490 2183 544 2246; x_wconf 75' lang='lat' dir='ltr'><strong>hd.</strong></span> <span class='ocrx_word' id='word_1_85' title='bbox 577 2182 748 2254; x_wconf 65' lang='grc' dir='ltr'><strong>Ποσειδᾶνος</strong></span> <span class='ocrx_word' id='word_1_86' title='bbox 771 2184 925 2259; x_wconf 72' lang='grc' dir='ltr'><strong><em>τεθμοῖσιν.</em></strong></span> <span class='ocrx_word' id='word_1_87' title='bbox 960 2180 1092 2244; x_wconf 90' lang='lat' dir='ltr'><strong>Isthmia</strong></span> <span class='ocrx_word' id='word_1_88' title='bbox 1114 2178 1278 2263; x_wconf 87' lang='lat' dir='ltr'><strong>significari</strong></span> <span class='ocrx_word' id='word_1_89' title='bbox 1294 2177 1394 2263; x_wconf 76' lang='lat' dir='ltr'><strong>quiuis</strong></span> <span class='ocrx_word' id='word_1_90' title='bbox 1409 2177 1455 2241; x_wconf 90' lang='lat' dir='ltr'><strong>iu·</strong></span> 
     </span>
     <span class='ocr_line' id='line_1_14' title="bbox 444 2296 1455 2381; baseline -0.001 -21"><span class='ocrx_word' id='word_1_91' title='bbox 444 2296 566 2381; x_wconf 73' lang='lat' dir='ltr'><strong>telligit.</strong></span> <span class='ocrx_word' id='word_1_92' title='bbox 603 2297 744 2361; x_wconf 83' lang='lat' dir='ltr'><strong>Ceterum</strong></span> <span class='ocrx_word' id='word_1_93' title='bbox 767 2298 914 2362; x_wconf 79' lang='lat' dir='ltr'><strong>Isthmiae</strong></span> <span class='ocrx_word' id='word_1_94' title='bbox 937 2296 1153 2381; x_wconf 78' lang='lat' dir='ltr'><strong>Xenophontis</strong></span> <span class='ocrx_word' id='word_1_95' title='bbox 1177 2296 1324 2361; x_wconf 80' lang='lat' dir='ltr'><strong>victoriae.</strong></span> <span class='ocrx_word' id='word_1_96' title='bbox 1342 2300 1455 2361; x_wconf 88' lang='lat' dir='ltr'><strong>memo·</strong></span> 
     </span>
     <span class='ocr_line' id='line_1_15' title="bbox 444 2412 1455 2499; baseline -0.001 -22"><span class='ocrx_word' id='word_1_97' title='bbox 444 2419 528 2477; x_wconf 89' lang='lat' dir='ltr'><strong>ratae</strong></span> <span class='ocrx_word' id='word_1_98' title='bbox 558 2422 632 2482; x_wconf 85' lang='lat' dir='ltr'><strong>sunt</strong></span> <span class='ocrx_word' id='word_1_99' title='bbox 663 2437 697 2483; x_wconf 85' lang='lat' dir='ltr'><strong>vs</strong></span> <span class='ocrx_word' id='word_1_100' title='bbox 727 2418 788 2481; x_wconf 80' lang='lat'><strong>46:</strong></span> <span class='ocrx_word' id='word_1_101' title='bbox 819 2415 958 2479; x_wconf 74' lang='lat' dir='ltr'><strong>Thessali</strong></span> <span class='ocrx_word' id='word_1_102' title='bbox 989 2413 1118 2498; x_wconf 82' lang='lat' dir='ltr'><strong>Pythiae</strong></span> <span class='ocrx_word' id='word_1_103' title='bbox 1150 2416 1207 2477; x_wconf 77' lang='lat'><strong>50:</strong></span> <span class='ocrx_word' id='word_1_104' title='bbox 1237 2412 1455 2499; x_wconf 86' lang='lat' dir='ltr'><strong>Xenophontis</strong></span> 
     </span>
     <span class='ocr_line' id='line_1_16' title="bbox 445 2528 1454 2615; baseline 0 -21"><span class='ocrx_word' id='word_1_105' title='bbox 445 2528 614 2596; x_wconf 90' lang='lat' dir='ltr'><strong>Nemeaeae</strong></span> <span class='ocrx_word' id='word_1_106' title='bbox 644 2535 707 2598; x_wconf 75' lang='lat'><strong>41:-</strong></span> <span class='ocrx_word' id='word_1_107' title='bbox 736 2554 807 2599; x_wconf 85' lang='lat' dir='ltr'><strong>mox</strong></span> <span class='ocrx_word' id='word_1_108' title='bbox 837 2554 943 2599; x_wconf 79' lang='lat' dir='ltr'><strong>niseus</strong></span> <span class='ocrx_word' id='word_1_109' title='bbox 966 2531 1101 2615; x_wconf 82' lang='lat' dir='ltr'><strong>Pythiae:</strong></span> <span class='ocrx_word' id='word_1_110' title='bbox 1118 2529 1284 2598; x_wconf 81' lang='lat' dir='ltr'><strong>laudantur</strong></span> <span class='ocrx_word' id='word_1_111' title='bbox 1308 2532 1369 2607; x_wconf 87' lang='grc'><strong>61,</strong></span> <span class='ocrx_word' id='word_1_112' title='bbox 1393 2529 1454 2594; x_wconf 89' lang='lat' dir='ltr'><strong>Ne·</strong></span> 
     </span>
    </p>
   </div>
   <div class='ocr_carea' id='block_1_5' title="bbox 443 2632 1450 2735">
    <p class='ocr_par' dir='ltr' id='par_1_6' title="bbox 443 2632 1450 2735">
     <span class='ocr_line' id='line_1_17' title="bbox 443 2632 1450 2735; baseline -0.002 -24"><span class='ocrx_word' id='word_1_113' title='bbox 443 2670 565 2711; x_wconf 90' lang='lat' dir='ltr'><strong>meaeae</strong></span> <span class='ocrx_word' id='word_1_114' title='bbox 606 2650 664 2713; x_wconf 81' lang='lat'><strong>62:</strong></span> <span class='ocrx_word' id='word_1_115' title='bbox 700 2632 914 2735; x_wconf 72' lang='lat' dir='ltr'><strong>scurrasque</strong></span> <span class='ocrx_word' id='word_1_116' title='bbox 953 2670 1064 2733; x_wconf 85' lang='lat' dir='ltr'><strong>magno</strong></span> <span class='ocrx_word' id='word_1_117' title='bbox 1101 2669 1247 2712; x_wconf 86' lang='lat' dir='ltr'><strong>numero:</strong></span> <span class='ocrx_word' id='word_1_118' title='bbox 1284 2670 1372 2711; x_wconf 88' lang='lat' dir='ltr'><strong>versu</strong></span> <span class='ocrx_word' id='word_1_119' title='bbox 1409 2650 1450 2709; x_wconf 77' lang='lat'><strong>62</strong></span> 
     </span>
    </p>
   </div>
   <div class='ocr_carea' id='block_1_6' title="bbox 445 2766 1464 4491">
    <p class='ocr_par' dir='ltr' id='par_1_7' title="bbox 445 2766 1464 4491">
     <span class='ocr_line' id='line_1_18' title="bbox 446 2766 1454 2852; baseline 0.007 -24"><span class='ocrx_word' id='word_1_120' title='bbox 446 2766 538 2829; x_wconf 91' lang='lat' dir='ltr'><strong>etiam</strong></span> <span class='ocrx_word' id='word_1_121' title='bbox 570 2766 646 2830; x_wconf 91' lang='lat' dir='ltr'><strong>aliae</strong></span> <span class='ocrx_word' id='word_1_122' title='bbox 676 2766 829 2851; x_wconf 82' lang='lat' dir='ltr'><strong>plurimae</strong></span> <span class='ocrx_word' id='word_1_123' title='bbox 857 2766 1022 2852; x_wconf 85' lang='lat' dir='ltr'><strong>significari</strong></span> <span class='ocrx_word' id='word_1_124' title='bbox 1052 2766 1205 2831; x_wconf 88' lang='lat' dir='ltr'><strong>videntur.</strong></span> <span class='ocrx_word' id='word_1_125' title='bbox 1251 2767 1356 2849; x_wconf 83' lang='lat' dir='ltr'><strong>Atque</strong></span> <span class='ocrx_word' id='word_1_126' title='bbox 1379 2766 1454 2835; x_wconf 68' lang='lat' dir='ltr'><strong>huet</strong></span> 
     </span>
     <span class='ocr_line' id='line_1_19' title="bbox 446 2880 1455 2966; baseline -0.003 -21"><span class='ocrx_word' id='word_1_127' title='bbox 446 2903 568 2965; x_wconf 88' lang='lat' dir='ltr'><strong>quoque</strong></span> <span class='ocrx_word' id='word_1_128' title='bbox 590 2882 667 2945; x_wconf 88' lang='lat' dir='ltr'><strong>mihi</strong></span> <span class='ocrx_word' id='word_1_129' title='bbox 689 2904 780 2947; x_wconf 89' lang='lat' dir='ltr'><strong>causa</strong></span> <span class='ocrx_word' id='word_1_130' title='bbox 804 2884 883 2960; x_wconf 82' lang='lat' dir='ltr'><strong>luit,</strong></span> <span class='ocrx_word' id='word_1_131' title='bbox 898 2904 954 2948; x_wconf 88' lang='lat' dir='ltr'><strong>eur</strong></span> <span class='ocrx_word' id='word_1_132' title='bbox 969 2883 1110 2948; x_wconf 89' lang='lat' dir='ltr'><strong>hocloco</strong></span> <span class='ocrx_word' id='word_1_133' title='bbox 1125 2882 1269 2966; x_wconf 74' lang='lat' dir='ltr'><strong>Tarpeiae</strong></span> <span class='ocrx_word' id='word_1_134' title='bbox 1285 2889 1315 2951; x_wconf 87' lang='lat' dir='ltr'><strong>et</strong></span> <span class='ocrx_word' id='word_1_135' title='bbox 1331 2880 1455 2949; x_wconf 73' lang='lat' dir='ltr'><strong>Esaimi</strong></span> 
     </span>
     <span class='ocr_line' id='line_1_20' title="bbox 445 2997 1454 3085; baseline 0 -22"><span class='ocrx_word' id='word_1_136' title='bbox 445 2999 570 3069; x_wconf 86' lang='lat' dir='ltr'><strong>nomina</strong></span> <span class='ocrx_word' id='word_1_137' title='bbox 590 2998 720 3083; x_wconf 81' lang='lat' dir='ltr'><strong>legenda</strong></span> <span class='ocrx_word' id='word_1_138' title='bbox 742 3000 935 3085; x_wconf 86' lang='lat' dir='ltr'><strong>putaverim,</strong></span> <span class='ocrx_word' id='word_1_139' title='bbox 953 3022 1049 3085; x_wconf 90' lang='lat' dir='ltr'><strong>quum</strong></span> <span class='ocrx_word' id='word_1_140' title='bbox 1072 3006 1153 3067; x_wconf 86' lang='lat' dir='ltr'><strong>certe</strong></span> <span class='ocrx_word' id='word_1_141' title='bbox 1173 3005 1259 3066; x_wconf 84' lang='lat' dir='ltr'><strong>tanto</strong></span> <span class='ocrx_word' id='word_1_142' title='bbox 1274 2997 1381 3067; x_wconf 85' lang='lat' dir='ltr'><strong>laudes</strong></span> <span class='ocrx_word' id='word_1_143' title='bbox 1397 3020 1454 3063; x_wconf 92' lang='lat' dir='ltr'><strong>nu·</strong></span> 
     </span>
     <span class='ocr_line' id='line_1_21' title="bbox 447 3113 1455 3201; baseline 0.001 -22"><span class='ocrx_word' id='word_1_144' title='bbox 447 3137 531 3179; x_wconf 88' lang='lat' dir='ltr'><strong>moro</strong></span> <span class='ocrx_word' id='word_1_145' title='bbox 560 3138 623 3181; x_wconf 91' lang='lat' dir='ltr'><strong>nou</strong></span> <span class='ocrx_word' id='word_1_146' title='bbox 647 3139 815 3201; x_wconf 89' lang='lat' dir='ltr'><strong>paucorum</strong></span> <span class='ocrx_word' id='word_1_147' title='bbox 838 3118 932 3183; x_wconf 85' lang='lat' dir='ltr'><strong>fnisse</strong></span> <span class='ocrx_word' id='word_1_148' title='bbox 955 3113 1111 3201; x_wconf 80' lang='lat' dir='ltr'><strong>putandae</strong></span> <span class='ocrx_word' id='word_1_149' title='bbox 1134 3116 1206 3185; x_wconf 89' lang='lat' dir='ltr'><strong>sint.</strong></span> <span class='ocrx_word' id='word_1_150' title='bbox 1252 3116 1394 3192; x_wconf 79' lang='lat' dir='ltr'><strong>Dicitur,</strong></span> <span class='ocrx_word' id='word_1_151' title='bbox 1418 3122 1455 3180; x_wconf 93' lang='lat' dir='ltr'><strong>ut</strong></span> 
     </span>
     <span class='ocr_line' id='line_1_22' title="bbox 446 3232 1455 3319; baseline 0.002 -22"><span class='ocrx_word' id='word_1_152' title='bbox 446 3233 480 3297; x_wconf 92' lang='lat' dir='ltr'><strong>in</strong></span> <span class='ocrx_word' id='word_1_153' title='bbox 510 3234 707 3299; x_wconf 86' lang='lat' dir='ltr'><strong>annotatione</strong></span> <span class='ocrx_word' id='word_1_154' title='bbox 737 3235 843 3298; x_wconf 91' lang='lat' dir='ltr'><strong>critica</strong></span> <span class='ocrx_word' id='word_1_155' title='bbox 873 3234 1068 3319; x_wconf 80' lang='lat' dir='ltr'><strong>scripsimus,</strong></span> <span class='ocrx_word' id='word_1_156' title='bbox 1097 3233 1130 3296; x_wconf 90' lang='lat' dir='ltr'><strong>in</strong></span> <span class='ocrx_word' id='word_1_157' title='bbox 1153 3232 1277 3297; x_wconf 89' lang='lat' dir='ltr'><strong>scholiis</strong></span> <span class='ocrx_word' id='word_1_158' title='bbox 1301 3232 1455 3299; x_wconf 74' lang='lat' dir='ltr'><strong>veteribus</strong></span> 
     </span>
     <span class='ocr_line' id='line_1_23' title="bbox 447 3348 1455 3436; baseline 0.004 -23"><span class='ocrx_word' id='word_1_159' title='bbox 447 3348 637 3419; x_wconf 87' lang='lat' dir='ltr'><strong>Ptoeodorus</strong></span> <span class='ocrx_word' id='word_1_160' title='bbox 673 3352 767 3418; x_wconf 85' lang='lat' dir='ltr'><strong>inisse</strong></span> <span class='ocrx_word' id='word_1_161' title='bbox 801 3359 886 3436; x_wconf 89' lang='lat' dir='ltr'><strong>pater</strong></span> <span class='ocrx_word' id='word_1_162' title='bbox 919 3350 1075 3433; x_wconf 78' lang='lat' dir='ltr'><strong>Thessali,</strong></span> <span class='ocrx_word' id='word_1_163' title='bbox 1112 3372 1186 3415; x_wconf 87' lang='lat' dir='ltr'><strong>avus</strong></span> <span class='ocrx_word' id='word_1_164' title='bbox 1223 3349 1455 3434; x_wconf 73' lang='lat' dir='ltr'><strong>Xenophontis,</strong></span> 
     </span>
     <span class='ocr_line' id='line_1_24' title="bbox 448 3461 1457 3553; baseline 0.003 -23"><span class='ocrx_word' id='word_1_165' title='bbox 448 3466 588 3551; x_wconf 87' lang='lat' dir='ltr'><strong>Terpsias</strong></span> <span class='ocrx_word' id='word_1_166' title='bbox 612 3468 704 3536; x_wconf 79' lang='lat' dir='ltr'><strong>irater</strong></span> <span class='ocrx_word' id='word_1_167' title='bbox 726 3467 903 3546; x_wconf 87' lang='lat' dir='ltr'><strong>Ptocodori,</strong></span> <span class='ocrx_word' id='word_1_168' title='bbox 920 3461 1068 3533; x_wconf 77' lang='lat' dir='ltr'><strong>Eritimus</strong></span> <span class='ocrx_word' id='word_1_169' title='bbox 1084 3467 1226 3553; x_wconf 87' lang='lat' dir='ltr'><strong>Terpsiae</strong></span> <span class='ocrx_word' id='word_1_170' title='bbox 1240 3467 1332 3533; x_wconf 85' lang='lat' dir='ltr'><strong>filius.</strong></span> <span class='ocrx_word' id='word_1_171' title='bbox 1368 3467 1457 3547; x_wconf 76' lang='lat' dir='ltr'><strong>Quae</strong></span> 
     </span>
     <span class='ocr_line' id='line_1_25' title="bbox 448 3586 1456 3672; baseline 0.002 -22"><span class='ocrx_word' id='word_1_172' title='bbox 448 3586 476 3650; x_wconf 86' lang='lat' dir='ltr'><strong>ai</strong></span> <span class='ocrx_word' id='word_1_173' title='bbox 491 3586 535 3652; x_wconf 89' lang='lat' dir='ltr'><strong>ita</strong></span> <span class='ocrx_word' id='word_1_174' title='bbox 550 3595 639 3663; x_wconf 89' lang='lat' dir='ltr'><strong>sunt,</strong></span> <span class='ocrx_word' id='word_1_175' title='bbox 655 3609 690 3649; x_wconf 88' lang='lat' dir='ltr'><strong>vs</strong></span> <span class='ocrx_word' id='word_1_176' title='bbox 708 3588 749 3649; x_wconf 83' lang='lat'><strong>58</strong></span> <span class='ocrx_word' id='word_1_177' title='bbox 765 3588 831 3672; x_wconf 88' lang='lat' dir='ltr'><strong>ipse</strong></span> <span class='ocrx_word' id='word_1_178' title='bbox 846 3609 969 3672; x_wconf 89' lang='lat' dir='ltr'><strong>quoque</strong></span> <span class='ocrx_word' id='word_1_179' title='bbox 985 3586 1146 3652; x_wconf 84' lang='lat' dir='ltr'><strong>Thessalus</strong></span> <span class='ocrx_word' id='word_1_180' title='bbox 1159 3586 1322 3670; x_wconf 79' lang='lat' dir='ltr'><strong>significari</strong></span> <span class='ocrx_word' id='word_1_181' title='bbox 1334 3586 1456 3652; x_wconf 84' lang='lat' dir='ltr'><strong>debuit:</strong></span> 
     </span>
     <span class='ocr_line' id='line_1_26' title="bbox 448 3700 1457 3789; baseline 0.005 -25"><span class='ocrx_word' id='word_1_182' title='bbox 448 3700 594 3767; x_wconf 85' lang='lat' dir='ltr'><strong>Thessalo</strong></span> <span class='ocrx_word' id='word_1_183' title='bbox 617 3702 725 3766; x_wconf 83' lang='lat' dir='ltr'><strong>laudes</strong></span> <span class='ocrx_word' id='word_1_184' title='bbox 748 3711 814 3767; x_wconf 89' lang='lat' dir='ltr'><strong>tum</strong></span> <span class='ocrx_word' id='word_1_185' title='bbox 830 3704 874 3769; x_wconf 93' lang='lat' dir='ltr'><strong>ibi</strong></span> <span class='ocrx_word' id='word_1_186' title='bbox 890 3704 979 3769; x_wconf 91' lang='lat' dir='ltr'><strong>datae</strong></span> <span class='ocrx_word' id='word_1_187' title='bbox 995 3712 1068 3769; x_wconf 88' lang='lat' dir='ltr'><strong>sunt</strong></span> <span class='ocrx_word' id='word_1_188' title='bbox 1083 3726 1153 3769; x_wconf 92' lang='lat' dir='ltr'><strong>cum</strong></span> <span class='ocrx_word' id='word_1_189' title='bbox 1169 3710 1255 3789; x_wconf 87' lang='lat' dir='ltr'><strong>patre</strong></span> <span class='ocrx_word' id='word_1_190' title='bbox 1269 3704 1457 3784; x_wconf 84' lang='lat' dir='ltr'><strong>Ptoeodoro,</strong></span> 
     </span>
     <span class='ocr_line' id='line_1_27' title="bbox 450 3798 1457 3907; baseline 0.007 -27"><span class='ocrx_word' id='word_1_191' title='bbox 450 3825 584 3902; x_wconf 88' lang='lat' dir='ltr'><strong>suntque</strong></span> <span class='ocrx_word' id='word_1_192' title='bbox 613 3812 703 3884; x_wconf 85' lang='lat' dir='ltr'><strong>datse</strong></span> <span class='ocrx_word' id='word_1_193' title='bbox 732 3820 875 3905; x_wconf 85' lang='lat' dir='ltr'><strong>Terpsiae</strong></span> <span class='ocrx_word' id='word_1_194' title='bbox 905 3828 936 3885; x_wconf 88' lang='lat' dir='ltr'><strong>et</strong></span> <span class='ocrx_word' id='word_1_195' title='bbox 967 3798 1108 3886; x_wconf 80' lang='lat' dir='ltr'><strong>Eritimo.</strong></span> <span class='ocrx_word' id='word_1_196' title='bbox 1155 3820 1265 3905; x_wconf 87' lang='lat' dir='ltr'><strong>Neque</strong></span> <span class='ocrx_word' id='word_1_197' title='bbox 1295 3822 1328 3885; x_wconf 93' lang='lat' dir='ltr'><strong>id</strong></span> <span class='ocrx_word' id='word_1_198' title='bbox 1355 3823 1457 3907; x_wconf 90' lang='lat' dir='ltr'><strong>ipsum</strong></span> 
     </span>
     <span class='ocr_line' id='line_1_28' title="bbox 450 3935 1464 4023; baseline 0.007 -25"><span class='ocrx_word' id='word_1_199' title='bbox 450 3935 576 3999; x_wconf 92' lang='lat' dir='ltr'><strong>Pindari</strong></span> <span class='ocrx_word' id='word_1_200' title='bbox 611 3936 741 4002; x_wconf 90' lang='lat' dir='ltr'><strong>orationi</strong></span> <span class='ocrx_word' id='word_1_201' title='bbox 775 3937 980 4021; x_wconf 81' lang='lat' dir='ltr'><strong>incongruum</strong></span> <span class='ocrx_word' id='word_1_202' title='bbox 1011 3944 1074 4014; x_wconf 88' lang='lat' dir='ltr'><strong>est,</strong></span> <span class='ocrx_word' id='word_1_203' title='bbox 1105 3945 1142 4003; x_wconf 92' lang='lat' dir='ltr'><strong>ut</strong></span> <span class='ocrx_word' id='word_1_204' title='bbox 1169 3939 1212 4019; x_wconf 90' lang='lat' dir='ltr'><strong>is,</strong></span> <span class='ocrx_word' id='word_1_205' title='bbox 1245 3961 1336 4023; x_wconf 90' lang='lat' dir='ltr'><strong>quem</strong></span> <span class='ocrx_word' id='word_1_206' title='bbox 1365 3940 1464 4005; x_wconf 88' lang='lat' dir='ltr'><strong>modo</strong></span> 
     </span>
     <span class='ocr_line' id='line_1_29' title="bbox 449 4052 1460 4143; baseline 0.008 -27"><span class='ocrx_word' id='word_1_207' title='bbox 449 4052 601 4132; x_wconf 86' lang='lat' dir='ltr'><strong>laudavit,</strong></span> <span class='ocrx_word' id='word_1_208' title='bbox 627 4054 668 4117; x_wconf 90' lang='lat' dir='ltr'><strong>sit</strong></span> <span class='ocrx_word' id='word_1_209' title='bbox 689 4053 783 4138; x_wconf 87' lang='lat' dir='ltr'><strong>hujus</strong></span> <span class='ocrx_word' id='word_1_210' title='bbox 807 4076 929 4141; x_wconf 88' lang='lat' dir='ltr'><strong>quoque</strong></span> <span class='ocrx_word' id='word_1_211' title='bbox 952 4056 1054 4121; x_wconf 87' lang='lat' dir='ltr'><strong>laudis</strong></span> <span class='ocrx_word' id='word_1_212' title='bbox 1076 4058 1236 4142; x_wconf 82' lang='lat' dir='ltr'><strong>particeps.</strong></span> <span class='ocrx_word' id='word_1_213' title='bbox 1271 4058 1313 4122; x_wconf 77' lang='lat' dir='ltr'><strong>ut</strong></span> <span class='ocrx_word' id='word_1_214' title='bbox 1327 4081 1460 4143; x_wconf 89' lang='lat' dir='ltr'><strong>praeser-</strong></span> 
     </span>
     <span class='ocr_line' id='line_1_30' title="bbox 450 4169 1458 4258; baseline 0.007 -25"><span class='ocrx_word' id='word_1_215' title='bbox 450 4170 505 4235; x_wconf 91' lang='lat' dir='ltr'><strong>tim</strong></span> <span class='ocrx_word' id='word_1_216' title='bbox 522 4192 619 4254; x_wconf 90' lang='lat' dir='ltr'><strong>quum</strong></span> <span class='ocrx_word' id='word_1_217' title='bbox 634 4169 764 4235; x_wconf 89' lang='lat' dir='ltr'><strong>addatur</strong></span> <span class='ocrx_word' id='word_1_218' title='bbox 779 4173 965 4256; x_wconf 91' lang='lat' dir='ltr'><strong>comparatio</strong></span> <span class='ocrx_word' id='word_1_219' title='bbox 982 4172 1131 4258; x_wconf 86' lang='lat' dir='ltr'><strong>adjectivo</strong></span> <span class='ocrx_word' id='word_1_220' title='bbox 1145 4174 1331 4256; x_wconf 67' lang='lat' dir='ltr'><strong>perpauper,</strong></span> <span class='ocrx_word' id='word_1_221' title='bbox 1348 4176 1381 4239; x_wconf 96' lang='lat' dir='ltr'><strong>id</strong></span> <span class='ocrx_word' id='word_1_222' title='bbox 1396 4198 1458 4240; x_wconf 91' lang='lat' dir='ltr'><strong>non</strong></span> 
     </span>
     <span class='ocr_line' id='line_1_31' title="bbox 451 4288 1460 4375; baseline 0.007 -24"><span class='ocrx_word' id='word_1_223' title='bbox 451 4309 487 4352; x_wconf 88' lang='lat' dir='ltr'><strong>eo</strong></span> <span class='ocrx_word' id='word_1_224' title='bbox 518 4289 668 4372; x_wconf 86' lang='lat' dir='ltr'><strong>pertinet,</strong></span> <span class='ocrx_word' id='word_1_225' title='bbox 700 4295 735 4352; x_wconf 90' lang='lat' dir='ltr'><strong>ut</strong></span> <span class='ocrx_word' id='word_1_226' title='bbox 761 4288 828 4353; x_wconf 91' lang='lat' dir='ltr'><strong>lans</strong></span> <span class='ocrx_word' id='word_1_227' title='bbox 859 4289 990 4355; x_wconf 89' lang='lat' dir='ltr'><strong>aliorum</strong></span> <span class='ocrx_word' id='word_1_228' title='bbox 1019 4292 1116 4375; x_wconf 83' lang='lat' dir='ltr'><strong>magis</strong></span> <span class='ocrx_word' id='word_1_229' title='bbox 1148 4290 1301 4356; x_wconf 88' lang='lat' dir='ltr'><strong>diuturna</strong></span> <span class='ocrx_word' id='word_1_230' title='bbox 1326 4315 1391 4357; x_wconf 86' lang='lat' dir='ltr'><strong>esse</strong></span> <span class='ocrx_word' id='word_1_231' title='bbox 1413 4293 1460 4358; x_wconf 91' lang='lat' dir='ltr'><strong>di·</strong></span> 
     </span>
     <span class='ocr_line' id='line_1_32' title="bbox 453 4385 1460 4491; baseline 0.008 -22"><span class='ocrx_word' id='word_1_232' title='bbox 453 4412 540 4470; x_wconf 88' lang='lat' dir='ltr'><strong>catur</strong></span> <span class='ocrx_word' id='word_1_233' title='bbox 563 4427 655 4491; x_wconf 90' lang='lat' dir='ltr'><strong>quam</strong></span> <span class='ocrx_word' id='word_1_234' title='bbox 677 4406 746 4470; x_wconf 88' lang='lat' dir='ltr'><strong>laus</strong></span> <span class='ocrx_word' id='word_1_235' title='bbox 768 4406 922 4485; x_wconf 84' lang='lat' dir='ltr'><strong>Thessali,</strong></span> <span class='ocrx_word' id='word_1_236' title='bbox 948 4429 1051 4472; x_wconf 87' lang='lat' dir='ltr'><strong>verum</strong></span> <span class='ocrx_word' id='word_1_237' title='bbox 1074 4415 1111 4472; x_wconf 92' lang='lat' dir='ltr'><strong>ut</strong></span> <span class='ocrx_word' id='word_1_238' title='bbox 1133 4385 1281 4475; x_wconf 85' lang='lat' dir='ltr'><strong>Isthmiae</strong></span> <span class='ocrx_word' id='word_1_239' title='bbox 1304 4410 1411 4476; x_wconf 87' lang='lat' dir='ltr'><strong>laudes</strong></span> <span class='ocrx_word' id='word_1_240' title='bbox 1427 4412 1460 4476; x_wconf 92' lang='lat' dir='ltr'><strong>in</strong></span> 
     </span>
    </p>
   </div>
   <div class='ocr_carea' id='block_1_7' title="bbox 0 0 1919 5534">
    <p class='ocr_par' dir='ltr' id='par_1_8' title="bbox 0 0 1919 5534">
     <span class='ocr_line' id='line_1_33' title="bbox 0 0 1919 5534; baseline 0 0"><span class='ocrx_word' id='word_1_241' title='bbox 0 0 1919 5534; x_wconf 95' lang='lat' dir='ltr'><strong> </strong></span> 
     </span>
    </p>
   </div>
  </div>
 </body>
</html>
