3767 5534
908 758 973 818 499

482 956 635 1021 Proelium
661 966 764 1022 summ
787 957 930 1023 Herculis
954 959 1096 1023 adversus
1117 958 1252 1044 Cycnum
1271 962 1303 1025 in
1319 960 1447 1025 Hesiodi

439 1084 525 1140 scuto
541 1077 683 1141 Herculis
700 1079 814 1142 narrari
830 1087 937 1143 notum
955 1086 1018 1157 cst,
1036 1102 1091 1143 nec
1108 1087 1208 1143 tamen
1222 1080 1253 1143 in
1268 1102 1302 1143 eo
1315 1081 1447 1143 carmine
1478 1148 1484 1160 ,

437 1195 474 1259 de
491 1195 633 1259 Herculis
648 1196 721 1281 iuga
733 1198 878 1261 memoria
893 1205 952 1261 cst:
971 1220 1076 1261 verum
1091 1198 1183 1262 refert
1199 1197 1362 1263 scholiasta
1377 1198 1448 1261 Pin·

436 1312 516 1391 dari,
542 1313 721 1391 Herculem,
746 1331 841 1399 quum
866 1315 950 1379 Mars
967 1315 1081 1379 auxilio
1097 1316 1231 1379 venisset
1246 1315 1309 1378 filio
1326 1315 1447 1400 Cycn0,

435 1433 567 1515 primum
592 1431 707 1516 fugisse
730 1432 857 1509 timore,
883 1440 988 1517 postea
1011 1454 1081 1496 vero
1105 1432 1142 1496 ab
1166 1433 1219 1497 illo
1243 1432 1380 1517 Cycnum
1403 1434 1448 1518 ip

435 1571 521 1626 sum,
554 1571 651 1633 quum
678 1549 762 1613 solus
786 1560 881 1627 esset,
907 1551 1023 1635 proelio
1047 1559 1223 1635 superatum
1249 1574 1328 1614 esse:
1353 1552 1447 1636 idque

434 1677 592 1734 narratum
617 1692 681 1733 esse
704 1693 722 1734 a
744 1669 933 1748 stesichoro,
959 1672 989 1734 in
1016 1672 1149 1735 carmine
1171 1671 1317 1755 inscripto
1333 1669 1446 1755 Cycno.

481 1790 534 1852 20.
570 1788 687 1859 πύκτας
711 1788 745 1852 δ’.
785 1788 857 1851 Non
882 1789 973 1865 haec,
1000 1795 1034 1851 ut
1057 1788 1148 1852 modo
1172 1788 1296 1864 monui,
1321 1788 1447 1871 conjun-

435 1905 534 1991 genda
557 1916 632 1971 sunt
654 1929 724 1971 cnm
749 1907 895 1991 proximis
918 1906 1014 1987 epolus
1037 1907 1083 1983 δὲ,
1109 1906 1161 1991 sed
1185 1928 1253 1969 cum
1279 1906 1356 1981 νέμει
1375 1905 1445 1986 γάρ.

434 2023 492 2088 Est
520 2027 608 2096 κοινὸς
637 2026 741 2107 λόγος,
777 2026 889 2110 duplex
922 2025 1068 2089 laudandi
1099 2027 1243 2104 materis,
1272 2025 1367 2088 altera
1388 2010 1447 2088 Eo·

435 2165 555 2208 crorum
579 2145 725 2222 virtutes,
750 2144 845 2208 altera
861 2143 1038 2227 Agesidami
1055 2144 1198 2220 victoria,
1217 2166 1309 2227 quam
1321 2142 1446 2228 quidem

434 2283 516 2325 nunc
539 2262 690 2326 celebrare
714 2263 859 2326 instituit.

480 2381 532 2442 21.
563 2379 634 2461 Ἴλᾳ
663 2380 760 2460 χάριν.
795 2379 935 2444 Tradunt
964 2380 1161 2455 scholiastae,
1186 2379 1255 2442 Ilan
1277 2379 1371 2441 fuisse
1398 2400 1447 2463 pa·

433 2496 560 2561 laestrae
590 2497 779 2581 magistrum.
822 2496 895 2560 ‘Nec
924 2505 972 2561 est
1004 2520 1095 2561 causa
1117 2497 1244 2574 idonea,
1269 2518 1324 2559 cur
1348 2496 1385 2560 de
1409 2518 1445 2559 eo

435 2614 621 2679 dubitemus.
668 2614 770 2678 Etiam
794 2614 939 2678 Melesiac
964 2614 1077 2678 similes
1101 2613 1207 2677 laudes
1232 2587 1444 2677 videmusOl.

433 2731 515 2797 VIII
548 2736 607 2811 76,
640 2734 692 2796 81.
740 2733 806 2797 Ilan
835 2741 937 2798 autem
966 2742 997 2797 ct
1019 2732 1210 2797 instituendo
1234 2739 1265 2795 et
1287 2731 1445 2796 incitando

434 2850 652 2935 Agesidamum
678 2851 716 2913 ad
740 2858 893 2915 certamen
916 2850 1113 2935 Olympicum
1138 2852 1254 2914 acuisse
1278 2856 1309 2914 ct
1333 2850 1445 2913 instru-

432 2970 530 3045 xisse,
562 2969 714 3033 cernimus
747 2993 780 3032 vs
814 2972 866 3033 22.
914 2968 1109 3054 Comparatio
1133 2975 1235 3031 autem
1260 2966 1391 3031 Achillis
1415 2973 1446 3031 et

431 3086 565 3151 Patrocli
595 3089 627 3151 in
659 3109 694 3151 eo
725 3087 801 3151 mihi
825 3087 946 3151 videtur
970 3088 1070 3171 posita
1094 3109 1175 3164 esse,
1200 3085 1282 3169 quod
1308 3085 1454 3150 Achilles·

433 3206 520 3290 quusi
552 3227 704 3269 armorum
735 3206 879 3289 magister
910 3205 1051 3268 Patroclo
1083 3205 1185 3268 fuerit.
1241 3202 1325 3267 Olim
1356 3204 1446 3288 plura

432 3323 582 3408 quaedam
611 3324 770 3408 magisque
800 3323 957 3388 recondita
988 3324 1044 3386 hac
1076 3323 1301 3407 comparatione
1333 3322 1447 3405 signifi-

432 3443 494 3506 cari
517 3441 700 3506 arbitrabar:
726 3442 945 3525 Agesidamum
969 3441 1007 3506 ab
1031 3440 1078 3503 Ila
1098 3448 1235 3504 amatum
1251 3440 1343 3503 luisse
1359 3461 1445 3503 more

432 3560 635 3636 Graecorum,
664 3560 758 3623 luisse
781 3559 861 3621 inter
884 3580 935 3622 eos
959 3580 1112 3622 armorum
1137 3558 1332 3634 societatem,
1358 3563 1444 3621 atvs

435 3678 498 3739 124
521 3678 630 3761 respici
653 3677 691 3740 ad
716 3676 839 3740 illorum
863 3698 996 3739 amorem
1016 3677 1076 3754 ita‘,
1095 3684 1130 3739 ut
1146 3674 1330 3759 Agesidamo
1347 3675 1445 3738 forma

344 3877 347 3885 k
432 3803 463 3859 et
485 3803 568 3859 aeta-s
591 3817 661 3859 cum
685 3795 817 3879 Cypride
839 3802 968 3858 mortem
989 3795 1136 3871 arcuerit,
1152 3816 1262 3878 nempe
1278 3794 1310 3856 in
1327 3792 1443 3877 proelio

431 3914 515 3978 hunc
545 3914 583 3978 ab
611 3922 743 3978 amatore
767 3922 919 3977 ser-vatum
943 3936 1008 3978 csse
1032 3937 1048 3977 e
1072 3914 1177 3977 mortis
1202 3912 1347 3996 periculo.
1383 3912 1443 3977 Ve-

431 4055 499 4096 rum
531 4056 566 4096 ea
598 4033 722 4117 quidem
743 4035 804 4119 jam
829 4055 890 4096 non
915 4032 1081 4118 probabilis
1105 4032 1180 4095 mihi
1204 4032 1378 4115 conjectura
1403 4032 1443 4094 vi·

432 4152 532 4215 detur.

477 4273 530 4333 25.
565 4272 626 4334 θεοῦ
648 4272 700 4335 σὺν
724 4269 864 4352 παλάμᾳ.
901 4269 989 4333 Conl.
1016 4267 1066 4332 Ol.
1091 4268 1139 4332 IX
1164 4270 1217 4331 38.

477 4391 529 4451 26.
564 4386 677 4452 ἄπονον.
713 4388 900 4451 Praecedens
932 4389 1084 4451 sententia
1115 4388 1158 4450 ita
1181 4408 1308 4470 magnae
1332 4385 1443 4450 incite-

430 4507 524 4569 tionis
554 4526 742 4589 magnaeque
771 4481 916 4569 divinitus
940 4505 1029 4568 datae
1051 4506 1175 4569 ¹virtutis
1198 4504 1321 4568 laudem
1344 4508 1442 4567 conti·

1265 4624 1321 4681 32*
