3767 5534
484 450 545 513 617
570 447 598 525 f,
629 446 684 511 ubi
708 445 850 510 Pratinae
874 445 1080 531 hyporchema
1105 444 1248 523 affertur,
1282 445 1381 530 cujus*
1398 451 1446 508 est

456 570 477 632 ic
501 567 629 632 ultimus
652 588 757 630 versus

648 686 735 751 ἄκουε
758 686 814 751 ταν
837 686 913 763 ε’μοὶν
942 684 1046 765 Δώριον
1068 683 1196 765 χορείαν.

453 807 503 891 jus
533 812 636 871 autem
666 805 809 870 carminis
832 803 989 890 rythmum
1014 825 1136 889 prorsus
1160 802 1303 867 Aeolium
1328 801 1443 867 videri:

453 925 544 1007 ορείας
567 932 671 990 autem
693 924 817 989 nomine
841 924 1015 1001 canticum,
1048 945 1110 986 non
1134 921 1328 985 saltationem
1353 921 1446 1006 sigui·

451 1044 527 1123 cari,
546 1067 623 1128 quae
640 1044 738 1129 magis
754 1044 850 1108 oculis
867 1049 1010 1107 cernatur
1027 1063 1120 1127 quam
1132 1041 1284 1105 audiatur.
1314 1039 1444 1104 Tribuat

449 1187 530 1229 amen
564 1164 623 1229 hoc
657 1164 875 1250 Aristophani,
919 1170 955 1226 ut
990 1161 1182 1227 saltationem
1219 1162 1309 1225 etiam
1345 1159 1445 1224 audiri

449 1284 598 1362 xistimet,
623 1283 699 1348 Rau.
726 1286 789 1348 330
815 1281 1038 1364 ἐγκατακρούων
1062 1280 1124 1346 ποδὶ
1148 1281 1282 1363 χορείανε
1308 1288 1338 1344 et
1359 1280 1446 1346 Euri·

447 1403 512 1481 idi,
540 1403 642 1489 Iphig.
675 1403 747 1467 Aul.
782 1405 864 1468 1043
889 1402 1015 1482 Πιερῶες
1037 1400 1289 1483 χρυσεοσάνδαλον
1312 1398 1392 1482 ἴχνος
1415 1400 1445 1464 ἕν

445 1530 474 1608 qi
497 1523 652 1606 κρούουσαι.
689 1522 819 1588 Trihuat
839 1521 978 1600 Platoni,
1003 1521 1197 1586 saltationem
1218 1521 1310 1585 etiam
1327 1519 1445 1601 χορείας

443 1643 552 1707 romine
583 1642 751 1720 contineri,
784 1642 822 1706 de
854 1641 950 1727 Legg.
982 1640 1017 1704 Π
1049 1642 1114 1704 654
1145 1640 1171 1703 B
1201 1640 1304 1721 χορεία
1326 1663 1364 1716 νε
1387 1640 1445 1717 μὴν

442 1761 547 1843 imola
577 1787 611 1828 τε
641 1760 691 1827 καὶ
722 1761 777 1844 ᾠδὴ
810 1761 843 1827 τὸ
865 1759 982 1838 ξύνολόν
1005 1761 1092 1827 ἔστιν.
1139 1759 1269 1825 Tribuat
1291 1759 1351 1844 ipsi
1376 1757 1447 1823 Pra-

439 1882 531 1960 inae,
555 1881 648 1946 utin
671 1882 728 1945 hoc
751 1882 819 1967 ipso
842 1881 975 1945 carmine
999 1880 1134 1945 scribens

790 2002 844 2079 ἐμὲ
866 2002 911 2066 δεῖ
930 2001 1063 2066 κελαδεῖν

790 2121 842 2199 ἐμὲ
865 2122 910 2185 δεῖ
930 2126 1081 2197 παταγεῖν

434 2238 529 2303 altero
560 2238 652 2303 verbo
681 2239 720 2304 ad
743 2240 965 2318 cant-ationem,
991 2239 1086 2303 altero
1110 2238 1148 2303 ad
1172 2238 1366 2302 saltationem
1390 2240 1448 2323 sig-

432 2358 614 2423 nificandam
647 2365 771 2424 utatur:
803 2366 839 2423 ut
870 2360 963 2423 etiam
994 2367 1141 2423 memoret
1171 2358 1253 2430 ποδὸς
1284 2358 1449 2441 hereditoria,

432 2499 511 2561 quae
546 2476 584 2541 ad
615 2478 809 2544 saltationem
840 2481 937 2565 magis
970 2503 1061 2565 quam
1086 2479 1124 2543 ad
1148 2486 1273 2543 cantum
1297 2479 1451 2564 pertinere

430 2595 563 2660 videtur.
610 2596 728 2662 Verum
760 2621 816 2683 ego
848 2622 910 2663 non
942 2606 1065 2663 tantum
1088 2599 1191 2663 tribuo
1215 2597 1390 2675 Boeckhio,
1415 2604 1451 2661 ut

431 2738 554 2779 carmen
578 2715 722 2782 Pratinae
745 2718 903 2803 rythmum
927 2719 1071 2784 Aeolium
1095 2719 1207 2783 hahere
1229 2718 1306 2783 mihi
1330 2740 1451 2803 persua-

431 2834 522 2899 deam
544 2844 670 2921 propter
692 2838 771 2902 hanc
796 2861 936 2918 eausam,
962 2839 1045 2923 quod
1068 2840 1110 2903 ita
1141 2838 1236 2902 videri
1260 2838 1336 2901 dicit
1359 2837 1453 2900 Bocc-

431 2957 545 3022 khius:
578 2978 635 3022 nec
666 2965 786 3023 tantum
819 2959 924 3023 tribuo
957 2960 1050 3037 mihi,
1079 2966 1115 3024 ut
1138 2958 1323 3045 dijudicem,
1348 2965 1452 3021 utrum

430 3076 487 3141 ille
509 3076 650 3161 rythmus
675 3078 802 3142 Aeolius
826 3079 929 3142 sitan
953 3080 1076 3143 Dorius.
1114 3079 1181 3143 Hoc
1207 3078 1350 3162 equidem
1374 3077 1452 3155 sc'io,

431 3194 662 3259 harmoniarum
694 3196 818 3261 Graecis
850 3197 945 3262 fuisse
970 3198 1060 3283 plura
1082 3221 1211 3284 genera:
1245 3197 1347 3282 attigit
1370 3219 1454 3260 men-

430 3312 550 3377 tionem
573 3336 678 3378 earum
701 3315 807 3395 Plato,
833 3317 880 3381 De
902 3317 979 3404 Rep.
1004 3317 1041 3382 L.
1065 3317 1118 3381 ΠΙ
1141 3342 1171 3403 p.
1198 3319 1281 3381 398:
1305 3323 1454 3380 memorat

431 3454 546 3518 genera
568 3431 588 3495 J
592 3433 673 3498 nlius
692 3434 805 3500 Pollux
823 3436 860 3501 L.
879 3436 926 3501 IV
940 3436 976 3503 O.
992 3437 1041 3501 IX
1059 3440 1099 3502 65
1109 3487 1119 3516 ,
1143 3438 1287 3515 Doriam,
1313 3435 1452 3513 Joniam,

433 3550 591 3630 Aeoliam,
610 3560 678 3617 tum
695 3553 860 3640 Phrygiam
876 3564 907 3620 et
924 3555 1069 3641 Lydiam,
1092 3564 1247 3641 praeterea
1258 3556 1452 3620 Locrensem.

432 3666 584 3733 Similiter
609 3671 802 3751 Athenaeus,
828 3673 865 3739 L.
883 3673 962 3737 XIV
978 3674 1012 3739 C.
1031 3675 1110 3739 XIX
1130 3679 1209 3754 624,
1234 3698 1322 3761 seqq:
1348 3697 1453 3739 verum

432 3790 652 3873 praetermittit
686 3790 886 3858 Locrensem:
924 3795 1063 3859 Aeoliam
1098 3818 1169 3859 vero
1204 3796 1295 3859 etiam
1331 3794 1454 3859 nomine

434 3906 647 3992 Hypodoriam
679 3912 754 3976 dicit
783 3914 968 3998 appellatam
998 3915 1102 3979 fuisse.
1149 3914 1316 3979 Contendit
1339 3914 1455 3977 Bocch-

436 4024 524 4103 hius,
549 4029 687 4093 Aeoliam
710 4055 772 4096 non
796 4032 944 4118 appellari
969 4034 1106 4117 potuisse
1130 4034 1271 4110 Dorium,
1294 4038 1454 4118 propterea
