3767 5534
916 730 980 790 546

442 951 536 1013 qnam
565 929 626 994 luit
655 929 688 993 in
718 928 841 1007 inferia,
873 930 1043 994 secundum
1068 928 1297 995 Corinthiorum
1322 931 1452 1009 famam,

441 1054 476 1110 ut
498 1048 632 1111 indicare
656 1046 778 1140 videtur
800 1047 985 1126 Pausanias,
1011 1047 1048 1111 L.
1073 1048 1107 1111 ΙΙ
1131 1048 1165 1111 0.
1190 1048 1219 1108 V
1245 1052 1281 1125 l,
1300 1048 1452 1134 ejusmodi

441 1187 563 1229 causam
594 1166 717 1242 habuit,
750 1189 828 1249 quae
851 1188 913 1230 non
937 1189 1006 1230 curn
1030 1167 1199 1251 ignominia
1222 1167 1276 1231 sed
1299 1191 1370 1231 cum
1394 1166 1453 1231 Oo-

440 1284 624 1347 rinthiorum
657 1284 791 1348 utilitate
822 1287 986 1369 conjuncta
1010 1294 1104 1349 esset:
1130 1310 1199 1349 nam
1224 1295 1313 1371 rapta
1336 1285 1452 1348 aJove

441 1404 558 1487 Aegina
590 1405 685 1488 Asopi
716 1405 798 1481 filia,
821 1404 1003 1489 Sisyphum,
1029 1427 1123 1488 quum
1147 1405 1178 1467 id
1202 1406 1309 1482 sciret,
1335 1405 1452 1489 aperire

439 1523 544 1606 Asopo
568 1524 720 1600 noluisse,
745 1525 805 1587 nisi
829 1524 887 1586 sibi
911 1524 998 1587 daret
1021 1546 1131 1606 aquam
1154 1525 1186 1587 in
1209 1524 1450 1588 Acrocorintho:

439 1639 545 1703 datum
569 1661 634 1703 esse
658 1640 695 1704 ab
720 1641 823 1725 Asopo
846 1641 978 1717 fontem,
997 1648 1028 1704 at
1043 1641 1150 1704 indicii
1165 1663 1278 1726 poenas
1295 1642 1327 1704 in
1344 1641 1449 1705 inferis

439 1755 510 1819 dare
533 1756 708 1841 Sisyphum.
754 1758 856 1842 Igitur
879 1764 934 1821 aut
957 1757 1134 1842 hujusmodi
1157 1759 1391 1823 laudabiliorem
1412 1758 1450 1822 de

438 1874 569 1960 Sisypho
589 1876 671 1961 apud
688 1876 863 1941 Corinthios
880 1878 993 1941 famam
1010 1878 1048 1943 ob
1065 1886 1198 1942 mentem
1214 1878 1311 1942 Poeta
1325 1878 1450 1955 habuit,

440 2002 493 2057 aut
524 1994 628 2077 aliquo
652 1995 742 2057 modo
766 1994 917 2059 deteriora
940 1995 1058 2060 silendo
1082 1997 1243 2081 oppressit.
1292 1994 1383 2059 Certe
1406 2018 1454 2058 so·

437 2112 558 2176 lertiam
590 2114 655 2197 ejus
686 2120 716 2176 et
746 2114 928 2198 sapientiam
960 2114 1069 2177 evehit.
1116 2114 1158 2177 nt
1189 2114 1361 2178 evehuntur
1387 2116 1452 2198 ejus

437 2230 587 2314 sapientia
610 2236 641 2293 et
664 2230 879 2310 πολυφροσύναι
902 2253 920 2293 a
943 2230 1140 2315 Theognide,
1168 2233 1230 2293 522
1256 2254 1340 2316 seqq.

484 2351 534 2413 73.
571 2348 749 2413 πυκνότατον
781 2349 941 2425 παλάμαις
972 2351 1008 2420 ὥς
1032 2351 1100 2413 θεόν.
1137 2348 1255 2412 Similia
1278 2349 1316 2412 de
1339 2334 1449 2433 Ulysse

437 2466 572 2549 epitheta
594 2465 686 2528 modo
711 2488 746 2528 ex
771 2465 905 2529 Homero
929 2467 1124 2550 protulimus.

482 2586 533 2649 74.
570 2585 680 2662 πατρὸς
703 2584 799 2648 ἀντία.
836 2583 925 2647 Gonf.
950 2583 1000 2647 Ol.
1025 2583 1042 2647 I
1067 2586 1118 2648 59.

483 2705 534 2768 75.
569 2703 711 2778 Μήδειαν.
747 2703 785 2765 In
803 2704 860 2766 hac
876 2708 1000 2788 quoque
1016 2703 1168 2767 Pindarus
1185 2703 1336 2767 deteriora
1351 2704 1445 2767 siluit.

435 2819 476 2884 Et
499 2829 579 2885 certe
602 2821 709 2884 laudat
732 2820 817 2884 illam
841 2828 1001 2905 propterea
1024 2821 1108 2905 quod
1132 2823 1327 2905 Argonautas
1350 2844 1446 2886 serva·

435 2942 521 3005 verit.
557 2940 616 3004 Sed
640 2940 794 3024 quomodo
813 2939 897 3003 illius
912 2939 980 3003 laus
997 2939 1035 3003 ad
1051 2939 1235 3004 Corinthum
1251 2941 1444 3024 potissimum

434 3060 634 3144 pertinuerit,
659 3059 747 3142 cujus
771 3058 837 3141 regi
860 3058 1002 3141 regisque
1024 3058 1105 3121 filiae
1129 3057 1246 3121 cladem
1269 3057 1396 3134 intulit,
1418 3063 1446 3121 et

435 3176 496 3239 fuit
519 3176 563 3240 ibi
586 3176 711 3239 omnino
735 3176 799 3260 ejus
823 3176 965 3238 immanis
989 3175 1155 3238 atrocitas?
1180 3176 1330 3259 Argutius
1355 3175 1445 3239 fuerit

433 3295 622 3371 existimare,
646 3294 767 3378 culpam
791 3316 856 3356 eam
881 3315 899 3355 a
921 3292 1016 3355 Poeta
1039 3293 1071 3356 in
1094 3292 1238 3355 Jasonem
1262 3314 1327 3355 csse
1351 3299 1446 3355 trans-

432 3409 573 3475 ductam:
607 3412 731 3474 omnino
762 3411 978 3494 opprimuntur
1001 3409 1075 3472 hacc
1099 3409 1239 3472 silentio:
1264 3408 1319 3471 sed
1343 3417 1444 3474 tamen

432 3497 535 3614 aliqira
566 3551 657 3591 causa
681 3550 745 3591 esse
769 3527 891 3605 debuit,
916 3550 971 3591 cur
994 3527 1120 3605 Medea,
1146 3528 1290 3591 servatrix
1315 3527 1445 3592 Graeco-

431 3669 501 3711 rum
521 3646 710 3731 jnventutis‚
734 3646 767 3708 in
790 3644 1023 3709 Corinthiorum
1045 3652 1176 3730 ponatur
1196 3645 1302 3729 gloria.
1328 3644 1445 3709 Verum

433 3771 479 3828 est
509 3764 593 3848 apud
623 3763 808 3827 Pausaniam
840 3762 877 3828 L.
901 3763 937 3827 II
960 3763 995 3827 O.
1019 3763 1073 3827 ΠΙ
1098 3766 1116 3827 8
1141 3786 1177 3828 ex
1201 3762 1332 3828 Eumelo
1355 3771 1447 3847 poeta

432 3880 592 3957 memoria,
617 3887 648 3944 et
671 3880 776 3944 eadem
799 3880 832 3943 in
855 3880 972 3944 scholio
995 3888 1113 3945 vetere:
1139 3888 1186 3945 est
1200 3903 1235 3945 ea
1250 3878 1445 3965 hujusmodi:

433 3996 517 4060 Helii
549 4004 579 4060 et
607 3998 756 4081 Antiopes
780 3998 874 4062 fuisse
897 3997 978 4062 filios
1002 4000 1118 4063 Aeeten
1142 4005 1173 4062 et
1196 3998 1346 4063 Aloenm:
1371 3996 1446 4061 diri·

432 4114 507 4177 sisse
525 4114 651 4178 Helium
666 4116 835 4199 regionem,
854 4124 885 4179 et
901 4116 1020 4180 dedisse
1036 4123 1153 4201 partem
1169 4116 1315 4200 Asopiam
1332 4115 1445 4193 Aloeo,

432 4228 622 4316 Ephyraeam
646 4234 778 4297 Aeetae:
802 4232 886 4297 hunc
909 4255 980 4296 vero
1004 4240 1130 4318 propter
1152 4229 1310 4297 oraculum
1334 4234 1444 4298 abiisse

430 4348 463 4413 in
487 4349 679 4427 Colchidem,
705 4359 734 4413 ct
758 4350 921 4414 tradidisse
945 4359 1061 4434 partem
1082 4372 1168 4414 suam
1188 4350 1278 4414 Buno
1295 4350 1443 4415 Mercurii

430 4466 494 4531 filio
518 4468 712 4541 servandam,
736 4467 833 4532 donec
856 4462 989 4552 vel'ipse
1005 4468 1053 4531 vel
1070 4467 1180 4551 ahquis
1197 4488 1213 4530 e
1229 4450 1293 4531 suis
1311 4468 1442 4553 posteris
