3767 5534
926 756 964 815 41

429 957 545 1022 lennes
565 956 632 1020 ludi
648 979 742 1041 supra
758 978 804 1019 res
821 954 955 1039 reliquas
972 977 1077 1018 omues
1098 953 1259 1030 carissimi,
1282 964 1318 1015 nt
1338 949 1455 1014 eximiis

433 1098 544 1140 eorum
569 1074 714 1139 laudibus
738 1096 930 1160 summopere
954 1073 1166 1138 delectaretur.
1214 1071 1315 1151 Quam
1340 1068 1455 1155 dignis·

433 1194 545 1258 simam
580 1216 653 1256 saue
688 1192 819 1257 dicimus
856 1192 968 1256 Poetae
999 1192 1128 1256 canendi
1161 1191 1255 1254 fuisse
1288 1188 1453 1254 materiem.

433 1310 500 1375 vix
531 1313 613 1376 enim
643 1311 813 1396 quidquam
840 1312 995 1388 invenias,
1027 1311 1110 1395 quod
1139 1310 1232 1374 fuerit
1260 1330 1329 1373 cum
1358 1307 1455 1393 ipsius

433 1430 584 1495 Graeciae
599 1430 691 1494 laude
707 1430 921 1515 conjunctius:
939 1451 996 1493 neo
1013 1429 1112 1493 dicere
1129 1427 1334 1502 dubitaveris,
1352 1448 1456 1510 quem·

433 1548 604 1613 admodum
632 1548 771 1633 singulae
800 1548 890 1613 urbes
920 1547 1076 1623 libertate,
1105 1548 1267 1623 concione,
1289 1539 1453 1630 legumque

434 1666 562 1730 vinculo
585 1688 673 1730 suam
696 1665 872 1730 habueruut
895 1664 1016 1748 sibique
1040 1664 1191 1749 propriam
1217 1662 1452 1748 praestantiam,

432 1784 482 1847 sic
513 1784 685 1847 universam
718 1783 877 1846 Graeciam
909 1805 995 1846 saera
1026 1782 1080 1846 illa
1109 1781 1253 1846 ludorum
1278 1779 1454 1845 celebritate

431 1902 638 1987 legitimoque
673 1909 827 1966 conventu
861 1902 1049 1986 praestitisse
1081 1900 1227 1965 barbaris.
1284 1899 1323 1962 ln
1354 1898 1454 1962 Persis

433 2043 511 2085 sane
535 2020 813 2097 Tritantaeehmea,
840 2042 938 2103 quum
962 2020 1176 2105 Olympiorum
1201 2019 1349 2083 rationem
1375 2039 1456 2081 aece-

433 2139 552 2226 pisset,
581 2139 778 2203 exclamavit:
803 2138 891 2217 „Vae
915 2139 1077 2203 Mandoni!
1104 2138 1248 2202 adversus
1273 2160 1350 2221 quos
1374 2137 1455 2201 viros

433 2280 495 2323 nos
527 2258 559 2322 iu
590 2258 741 2342 proelium
772 2257 877 2334 ducis,
910 2259 964 2342 qui
992 2281 1055 2352 nop
1087 2258 1124 2321 de
1157 2257 1303 2343 pecunia,
1338 2256 1391 2319 sed
1419 2255 1456 2319 de

383 2449 385 2452 ,
434 2377 532 2442 laude
566 2375 758 2441 contendunt
789 2377 993 2441 certamine!”
1007 2380 1030 2459 ¹)
1085 2375 1229 2461 Corporis
1260 2374 1456 2450 exercitatio,
1494 2398 1497 2403 ·

434 2517 603 2571 curruum,
629 2516 795 2580 equorum,
821 2517 975 2559 armorum
998 2495 1158 2570 tractatio,
1185 2493 1330 2579 splendor
1354 2492 1456 2556 diviti·

435 2638 545 2693 arum,
575 2614 684 2678 Musae
714 2616 901 2698 praestantia
928 2615 971 2678 ibi
995 2613 1158 2678 nobilitata
1181 2622 1263 2677 suut.
1312 2612 1455 2677 Vidimus

436 2742 547 2811 antea,
575 2754 702 2817 magnas
729 2754 821 2817 saepe
843 2733 876 2796 in
900 2732 1027 2796 Pindari
1050 2732 1236 2796 carminibus
1260 2753 1325 2795 esse
1347 2730 1456 2795 laudes

436 2854 587 2929 heroum,
619 2852 674 2934 qui
704 2850 789 2935 prius
822 2852 953 2915 fueraut.
1005 2849 1065 2914 sed
1093 2851 1203 2915 borum
1229 2851 1367 2935 ipsorum
1393 2872 1454 2914 uon

437 2978 564 3035 tantum
594 2971 757 3047 memoria,
790 2969 844 3034 sed
871 2971 938 3054 ipsa
968 2970 1062 3034 virtus
1086 2970 1168 3034 ludis
1192 2963 1265 3033 illis
1278 2969 1366 3053 quasi
1389 2991 1457 3053 pro·

438 3096 553 3175 pagata
583 3094 628 3152 est
659 3087 834 3173 pectoribus
866 3090 1031 3174 generosis.
1085 3087 1248 3168 Quomodo
1279 3088 1390 3174 aliquis
1419 3087 1457 3151 ad

440 3206 604 3285 Herculis,
637 3206 776 3291 Pelopia,
801 3208 1007 3272 Aeacidarum
1038 3208 1166 3292 gloriam
1197 3209 1323 3293 propius
1355 3208 1458 3293 potuit

440 3326 601 3404 accedere,
627 3349 719 3410 quam
742 3327 768 3389 si
790 3327 1015 3412 injustissimo
1036 3327 1171 3412 judicio,
1196 3328 1229 3392 in
1248 3327 1344 3391 totius
1366 3327 1458 3392 Grae·

440 3447 508 3510 ciae
539 3446 653 3524 oeulis,
682 3445 874 3510 fortitudinis
898 3446 1126 3511 nancisceretur
1149 3448 1340 3532 praemium?
1385 3446 1460 3512 Fuit

441 3574 547 3630 autem
586 3566 723 3650 profecto
763 3567 937 3630 certaminis
979 3576 1009 3630 et
1050 3566 1178 3653 parandi
1219 3575 1249 3632 et
1284 3566 1458 3652 perficiendi

441 3685 531 3749 labor
570 3684 694 3768 ingens:
739 3684 793 3749 sed
835 3686 943 3771 iugens
984 3685 1097 3770 pariter
1135 3686 1266 3751 dulcedo
1304 3686 1457 3751 victoriae.

441 3802 536 3868 Cauit
568 3802 738 3868 Pindarus:
763 3804 925 3881 „celeritas
954 3805 1065 3890 pedum
1097 3815 1192 3870 certat
1216 3806 1259 3871 ibi
1283 3829 1316 3871 ac
1340 3830 1459 3872 summa

440 3923 561 3988 roboris
594 3922 758 3987 fortitudo:
792 3925 890 3989 victor
921 3935 1025 3990 autem
1054 3927 1087 3990 in
1111 3926 1230 4011 reliqua
1253 3928 1315 3991 vita
1338 3927 1459 3991 dulcem

357 4078 363 4085 ·
441 4042 578 4125 quietem
615 4042 707 4106 habet
742 4050 867 4127 propter
898 4039 1106 4129 praemiaf’l)
1153 4045 1224 4109 Alio
1254 4046 1339 4110 loco:
1372 4047 1460 4125 „sine
1556 4097 1559 4101 -

442 4161 586 4245 perieulis
610 4161 717 4226 laudes
740 4184 841 4245 neque
863 4163 896 4226 in
921 4163 1099 4228 homiuibus
1125 4186 1223 4249 neque
1247 4166 1278 4229 in
1303 4166 1384 4231 cavis
1409 4189 1459 4229 na-

441 4280 534 4345 vibus
565 4280 748 4345 honoratae:
782 4282 872 4346 multi
904 4305 976 4347 vero
1004 4287 1226 4362 meminerunt,
1255 4287 1281 4349 si
1309 4308 1370 4369 qua
1394 4285 1460 4349 laus

446 4462 634 4472 *-

440 4575 444 4579 ¹
481 4569 502 4628 r)
521 4567 635 4615 uacat.
658 4569 727 4616 rm.
746 4567 785 4615 aa.
888 4570 911 4629 a)
932 4570 968 4617 or.
987 4572 1008 4620 1.
1029 4572 1089 4629 154,
1107 4588 1166 4635 seqq.
