3767 5534
811 758 875 817 599

386 959 461 1021 153.
497 957 631 1035 ἄγγελος
665 981 692 1020 κ.
726 980 755 1021 ν.
787 971 816 1019 λ.
852 955 983 1039 Egregie
1014 954 1121 1019 laudat
1151 955 1293 1031 Aenean,
1326 958 1356 1016 et

340 1095 433 1160 quam
457 1083 538 1139 recte
557 1074 604 1137 illi
620 1094 676 1136 sua
691 1073 826 1137 carmina
841 1073 1030 1149 committat,
1047 1071 1191 1135 ostendit.
1216 1069 1354 1153 Scytalae

340 1194 413 1257 satis
442 1200 550 1257 notum
585 1200 632 1256 est
662 1192 731 1276 quis
754 1214 829 1255 usus
853 1190 935 1275 apud
958 1190 1217 1254 Lacedaemonios
1239 1189 1353 1265 inerit,

339 1316 372 1373 et
404 1307 559 1394 quomodo
581 1310 614 1373 in
638 1331 673 1372 ea
696 1308 813 1393 Ephori
835 1307 980 1372 mandata
1004 1308 1042 1372 ad
1066 1309 1264 1391 imperatores
1292 1328 1358 1390 per-

339 1427 444 1492 venire
482 1427 645 1498 voluerint.
698 1426 785 1490 Inest
823 1448 911 1511 ergo,
943 1447 1040 1509 quum
1069 1432 1156 1488 tanta
1187 1447 1257 1489 cum
1288 1424 1354 1508 ejus

339 1566 401 1609 usu
424 1546 589 1629 conjuncta
611 1552 690 1608 esset
713 1544 861 1627 gravitas,
882 1565 993 1627 magna
1008 1544 1040 1607 in
1057 1543 1113 1606 hac
1130 1541 1355 1627 comparatione

340 1661 492 1747 dignitas:
516 1662 694 1746 praesertim
725 1682 821 1745 quum
844 1682 907 1724 non
930 1677 1036 1737 suam,
1065 1659 1117 1723 sed
1133 1660 1269 1743 ipsarum
1286 1658 1356 1721 Mu·

340 1801 446 1843 aarum
467 1800 537 1843 cum
560 1779 695 1863 appellet
714 1779 878 1863 scytalam:
896 1800 953 1842 nec
967 1779 1068 1842 minor
1083 1779 1115 1841 in
1131 1777 1358 1860 comparatione

342 1897 486 1975 crateris,
526 1919 563 1962 cx
602 1918 663 1981 quo
701 1896 855 1981 praeclara
886 1897 1020 1961 carmina
1049 1894 1218 1960 haurienda
1248 1894 1357 1958 forent.

342 2012 449 2098 Longe
472 2013 661 2078 dissimiliter
683 2015 788 2079 eadem
812 2015 1038 2099 comparatione
1061 2015 1161 2078 utitur
1181 2013 1361 2097 Aristopha-

343 2153 415 2208 nes,
447 2130 580 2197 Acharu.
595 2216 597 2220 ,
613 2133 677 2194 936
709 2131 747 2195 de
777 2131 982 2216 sycophanta:
1015 2129 1210 2212 πάγχρηστον
1242 2128 1358 2208 ἄγνος,

345 2250 454 2330 κρατὴρ
476 2254 582 2313 κακῶν.

392 2367 466 2429 156.
488 2364 559 2428 Jam
581 2372 719 2429 materna
741 2386 922 2450 proavorum
947 2366 1077 2450 Agesiae
1100 2366 1171 2429 sede
1187 2365 1359 2444 celebrata,

344 2481 385 2545 ad
416 2482 582 2565 praesentis
615 2482 731 2566 patriae
754 2481 894 2558 laudem,
916 2503 1008 2566 quam
1035 2484 1139 2567 attigit
1162 2505 1196 2545 vs
1221 2487 1258 2559 8,
1283 2482 1358 2545 cele·

343 2598 491 2664 brundam
514 2601 624 2684 pergit.
668 2600 708 2664 In
730 2598 859 2685 Ortygia
881 2601 983 2665 insula
1006 2602 1103 2685 prima
1120 2607 1354 2685 etmagnapars

347 2714 564 2801 Syracusarum
588 2716 657 2781 fuit.

392 2837 466 2898 159.
500 2834 713 2916 φοινικόπεζαν.
753 2835 884 2899 Divinae
920 2835 1180 2920 pulchritudinis,
1216 2844 1246 2898 et
1276 2834 1359 2898 dein-

345 2973 417 3035 ceps
439 2951 600 3017 λευκίππου
624 2951 745 3016 divinae
767 2952 928 3037 dignitatis
940 2953 1076 3037 epitheta
1088 2962 1179 3029 sunt,
1193 2974 1248 3017 nec
1269 2974 1359 3036 quae-

346 3068 418 3133 dam
438 3077 598 3153 ·praoterea
619 3070 652 3133 in
680 3071 729 3133 his
754 3070 913 3154 adjectivis
937 3092 1079 3155 expressa
1091 3071 1272 3154 significatio
1296 3092 1360 3134 csse

346 3185 476 3250 videtur.

394 3304 467 3367 160.
502 3303 665 3385 'Appiam
701 3302 795 3388 Apud
818 3303 1030 3381 Herodotum,
1055 3302 1090 3367 L.
1117 3302 1181 3366 VII
1209 3307 1288 3381 153,
1304 3304 1360 3369 Te·

345 3420 423 3484 lines
445 3428 647 3499 memoratur,
672 3443 688 3484 e
711 3421 875 3505 majoribus
897 3421 1041 3500 GeloniS,
1066 3422 1120 3506 qui
1142 3421 1224 3505 apud
1247 3421 1360 3485 Geloos

286 3620 290 3625 1
346 3537 550 3602 sacerdotium
581 3538 723 3603 habuerit
753 3538 890 3602 Deorum
913 3546 1066 3603 certorum
1090 3546 1119 3602 et
1143 3540 1271 3621 posteris
1294 3537 1363 3602 reli·

347 3655 463 3740 querit:
495 3656 517 3718 ii
545 3655 658 3739 posteri
690 3655 858 3737 ἱεροφνὶντοο
889 3663 945 3719 τῶν
977 3656 1095 3735 χθονίων
1126 3656 1191 3719 θεῶν
1222 3654 1360 3719 διετέλεον

344 3773 451 3845 ἐόντες.
497 3773 536 3838 Iu
566 3773 690 3837 scholiis
721 3774 873 3838 veteribus
897 3772 936 3836 ad
959 3775 991 3838 h.
1015 3774 1036 3837 l.
1060 3772 1156 3837 Hiero
1179 3773 1294 3837 dicitur
1316 3795 1361 3835 sa-

348 3892 520 3956 cerdotium
542 3891 686 3956 habuisse
707 3891 754 3955 vel
772 3890 890 3955 Cereris
907 3899 938 3955 et
953 3890 1169 3974 Proserpinae,
1188 3890 1234 3953 vel
1251 3890 1359 3953 harum

348 4019 379 4074 et
400 4008 486 4073 Jovis
509 4010 654 4074 Aetnaei:
679 4016 710 4073 et
732 4010 765 4072 in
789 4008 905 4074 scholio
928 4008 1017 4072 Urat.
1054 4011 1082 4071 A
1104 4007 1264 4092 adjicitur,
1289 4030 1358 4071 eum

347 4124 426 4190 illud
448 4125 591 4191 habuisse
613 4128 645 4190 ἐκ
669 4126 805 4206 διαδοχῆς
828 4127 915 4192 Λίνον
938 4132 989 4191 τοῦ
1014 4126 1152 4205 προγόνου
1170 4128 1283 4189 circis:
1304 4124 1359 4188 ubi

349 4242 524 4308 Bocckhius
554 4243 651 4308 edidit
680 4243 806 4318 Τνλίνον
837 4265 892 4327 pro
923 4244 1025 4309 Λίνοοι
1058 4251 1158 4319 recto,
1194 4250 1229 4306 ut
1259 4241 1358 4306 credo.

348 4358 387 4423 In
418 4360 479 4424 aiio
509 4380 633 4445 quoque
664 4360 780 4424 scholio
811 4360 936 4424 additur
963 4359 1124 4424 sacerdotii
1148 4379 1360 4424 commemora-

349 4477 429 4541 tioni
466 4475 571 4543 ἄνωθεν
608 4481 640 4542 ἐκ
677 4478 830 4559 προγόνων.
878 4479 982 4562 Atque
1021 4477 1094 4542 haec
1126 4478 1357 4542 scholiastarum
