3767 5534
997 722 1060 782 316

528 943 558 983 se
594 919 696 984 divino
731 922 840 1006 spiritu
874 922 973 985 inflari
1008 931 1038 985 et
1072 944 1248 1005 comparans
1279 945 1310 985 se
1334 923 1435 1006 ipsum
1459 945 1531 987 cum

526 1038 620 1123 Jovis
634 1031 753 1125 aquila,
777 1063 839 1104 non
862 1041 967 1105 decere
983 1065 1013 1105 se
1029 1042 1116 1126 quasi
1132 1063 1289 1105 corvorum
1305 1042 1530 1125 garrulitatem.

575 1160 645 1222 156.
681 1161 827 1235 μαθόντες.
863 1160 988 1245 Saepius
1020 1169 1145 1224 naturae
1177 1169 1207 1224 et
1228 1161 1351 1246 >ingenii
1375 1169 1533 1245 praestan·

527 1278 600 1341 tiam
624 1301 716 1364 supra
739 1277 884 1344 adscitam
909 1278 1079 1344 doctrinam
1102 1279 1254 1344 Pindarus
1271 1279 1421 1344 celebrat:
1446 1280 1534 1345 velut

527 1395 615 1461 Nem.
646 1397 697 1462 III
730 1400 782 1464 69.
810 1397 856 1461 Of.
890 1421 967 1482 quae
991 1399 1166 1483 scripsimus
1189 1400 1222 1462 iu
1246 1399 1468 1463 Dissertatione
1492 1400 1532 1463 de

527 1516 651 1582 Pindari
674 1516 846 1602 Sapientia,
871 1516 905 1582 C.
929 1516 982 1580 ΙΙΙ
1005 1519 1021 1602 b
1046 1520 1062 1580 l
1089 1540 1157 1602 pag.
1184 1520 1235 1581 ld.

573 1638 644 1700 158.
680 1637 830 1716 γαρύετον.
866 1636 996 1700 Dualem
1020 1658 1180 1700 numerum
1202 1638 1339 1722 positum
1354 1660 1417 1701 esse
1434 1636 1534 1701 credit

527 1755 688 1820 scholiasta
713 1764 813 1835 vetus,
840 1764 874 1819 ut
892 1756 1067 1820 indicentur
1084 1756 1281 1842 Bacchylides
1297 1764 1327 1820 et
1343 1755 1533 1834 Simonides,

528 1876 615 1958 quasi
637 1875 761 1940 Pindari
785 1877 1010 1941 obtrectatores.
1057 1875 1176 1956 Quodsi
1201 1885 1301 1940 autem
1325 1877 1357 1940 in
1381 1874 1534 1940 Theronis

527 2002 557 2059 et
581 1994 723 2059 Hieronis
746 1997 843 2085 gratia
866 1995 1090 2060 reconcilianda
1112 2017 1203 2081 opera
1226 1995 1285 2059 fuit
1300 1994 1479 2071 Simonidis,
1498 2002 1534 2059 ut

527 2137 544 2178 a
574 2114 737 2179 scholiasta
764 2116 989 2179 commemorari
1012 2116 1184 2179 monuimus
1209 2137 1277 2199 pag.
1302 2118 1380 2178 292:
1405 2114 1533 2179 minime

527 2257 597 2298 sane
629 2234 772 2299 credibile
803 2243 865 2313 est,
897 2236 1082 2314 Pindarum,
1108 2242 1138 2299 et
1160 2234 1304 2299 Hieronis
1328 2243 1358 2299 et
1381 2234 1532 2299 Theronis

526 2352 731 2431 laudatorem,
763 2354 796 2417 in
826 2354 884 2418 hoc
916 2355 1047 2418 carmine
1078 2354 1236 2419 ostendere
1263 2354 1412 2429 voluisse,
1437 2377 1530 2439 quam

526 2471 719 2537 vehementer
741 2472 928 2538 Simonidem
952 2481 1165 2539 contemneret.
1200 2473 1315 2539 Verum
1338 2495 1438 2557 neque
1460 2473 1532 2537 illos

526 2614 624 2676 neque
648 2592 771 2656 omnino
794 2602 891 2657 certos
915 2592 1063 2676 quosdam
1088 2593 1221 2657 aemulos
1242 2601 1295 2656 aut
1311 2592 1532 2657 obtrectatores

527 2712 696 2796 significare
726 2712 832 2776 voluit.
880 2711 952 2775 Non
980 2734 1066 2775 suam
1096 2712 1219 2804 quidem
1251 2713 1366 2796 ingenii
1389 2712 1438 2776 sui
1460 2734 1531 2775 con·

526 2830 682 2894 scientiam
706 2830 831 2895 occulit:
856 2853 960 2895 verum
984 2831 1127 2915 proponit
1148 2831 1342 2909 seutentiam,
1368 2853 1446 2915 quae
1468 2852 1531 2894 non

526 2948 565 3013 ad
594 2951 676 3014 huuc
700 2951 745 3014 vel
769 2950 857 3014 illum
880 2949 1135 3013 contemnendum
1160 2957 1190 3013 et
1213 2950 1300 3032 quasi
1324 2949 1421 3033 digito
1444 2971 1532 3013 mon-

527 3068 703 3145 strandum,
731 3068 783 3132 sed
806 3068 896 3153 longe
920 3068 1022 3153 potius
1047 3068 1085 3131 ad
1109 3091 1195 3132 verae
1219 3068 1385 3153 sapientiae
1406 3068 1530 3133 laudem

527 3196 557 3251 et
580 3187 760 3272 praestantis
784 3188 899 3272 ingenii
923 3188 984 3250 vim
1006 3187 1218 3251 declarandam
1241 3190 1408 3272 pertineat,
1439 3209 1531 3271 quam

527 3306 647 3389 assequi
670 3329 730 3370 non
755 3307 850 3391 possit
865 3306 1011 3391 insipieus
1027 3314 1058 3370 et
1073 3306 1235 3370 immodica
1251 3305 1425 3391 garrulitas.
1450 3305 1533 3369 Dua·
1590 3373 1593 3381 ,

527 3426 564 3490 lis
596 3450 739 3490 numerus
770 3449 824 3511 pro
856 3425 968 3511 plurali
1000 3434 1053 3489 est.
1101 3426 1265 3509 Gregorius
1290 3424 1469 3489 Corinthius
1493 3424 1532 3489 de

527 3545 598 3609 dial.
623 3545 696 3607 Dor.
721 3551 737 3629 p
760 3547 819 3622 30,
845 3544 927 3608 hune
951 3545 1050 3629 ipsum
1074 3544 1176 3607 locum
1200 3544 1370 3629 proferens:
1395 3545 1436 3610 ταὶ
1458 3560 1533 3619 πλη-

526 3665 641 3728 dorstad
664 3662 806 3733 πολλάκις
830 3664 982 3745 ὁμοφώνως
1006 3671 1064 3735 τοῖς
1088 3664 1188 3733 hainoie
1212 3662 1404 3747 προφέρουσιν.
1443 3661 1533 3727 Oete·

526 3806 594 3847 rum
617 3783 753 3848 mirabile
776 3791 838 3860 est,
871 3783 993 3868 inipso
1017 3804 1176 3845 corvorum
1200 3790 1230 3846 et
1252 3782 1447 3867 graculorum
1471 3781 1532 3845 cla·

526 3925 608 3967 more
632 3902 828 3988 significando
852 3902 942 3966 etiam
967 3901 1087 3966 dualem
1114 3902 1187 3986 poni
1211 3900 1293 3987 apud
1317 3902 1448 3965 Aratum
1464 3903 1528 3965 968

925 4020 1042 4101 κόρακες
1064 4058 1109 4069 -

660 4141 676 4216 ἦ
700 4164 769 4205 ποτε
792 4142 841 4205 καὶ
864 4139 1008 4220 κρώξαιντε
1030 4141 1132 4221 βαρείῃ
1154 4138 1266 4204 baccetur
1291 4146 1391 4221 φωνῇ·

527 4268 556 4324 et
583 4262 666 4323 1023

828 4378 878 4442 aa>
901 4378 955 4457 aaa
976 4378 1085 4456 atam
1111 4352 1219 4443 mittit.

574 4500 646 4562 159.
682 4498 758 4578 πρός.
792 4496 889 4562 Nulla
918 4499 951 4562 in
982 4497 1072 4562 verbo
1103 4498 1219 4577 yxpo'su
1247 4495 1443 4583 obstrependi
1475 4518 1530 4561 nec
