3767 5534
437 932 586 1018 Pythium
602 934 777 1019 Apollinem
793 935 928 1012 thronis,
946 949 1100 998 aeternam
1115 934 1223 997 colunt
1238 934 1334 1018 patris
1350 930 1454 1017 Olym·
1474 1004 1477 1011 .

438 1054 482 1137 pii
512 1051 668 1117 laudem.’'
681 1053 706 1135 ¹)
750 1053 928 1117 Clarissima
958 1076 1029 1117 vero
1052 1054 1119 1137 ejus
1140 1053 1187 1115 ris
1209 1074 1245 1115 ac
1267 1051 1406 1137 potentia
1427 1050 1455 1114 ai

439 1171 547 1236 debuit
570 1174 614 1236 ita
637 1172 801 1256 declarari,
824 1183 859 1236 ut
882 1195 946 1236 non
968 1180 1091 1236 tantum
1111 1194 1178 1262 eam
1196 1170 1453 1255 intelligeremus,

439 1290 492 1353 sed
522 1292 591 1376 ipso
622 1292 715 1354 simul
745 1314 1007 1355 commoveremur
1037 1290 1194 1376 exemplo,
1222 1311 1283 1352 non
1307 1289 1386 1352 alius
1409 1295 1456 1352 est

370 1408 373 1412 ’
439 1409 600 1473 sublimior
634 1410 692 1473 hoc
723 1410 887 1474 Pindarico
918 1410 1023 1473 locus:
1055 1409 1166 1486 „Tibi,
1197 1408 1314 1472 cithare
1344 1428 1453 1483 aurea,

441 1528 594 1592 auscultat
632 1529 772 1605 saltatio,
809 1530 993 1614 principium
1028 1528 1209 1604 hilaritatis,
1244 1525 1455 1609 obediuntque

439 1655 595 1710 cantores:
620 1656 655 1711 tu
678 1648 756 1711 torte
779 1648 872 1711 etiam
894 1648 1013 1711 fulmen
1036 1646 1207 1729 exstinguis
1227 1644 1343 1708 aeterni
1360 1644 1452 1727 ignis.

442 1765 560 1828 Dormit
591 1765 623 1828 in
648 1775 767 1850 sceptro
789 1765 875 1829 doris
899 1764 1021 1848 aquila,
1045 1763 1196 1828 celeribus
1219 1762 1276 1825 ulis
1298 1762 1455 1844 utrimque

441 1883 566 1959 solutis,
583 1885 688 1969 regina
704 1886 823 1961 arium,
839 1886 1020 1969 nigramque
1035 1906 1129 1947 curvo
1144 1885 1210 1967 ejus
1222 1882 1316 1968 cupiti
1325 1880 1456 1957 nubem,

441 2002 582 2066 ciliorum
606 2002 727 2068 dulcem
751 2026 866 2081 seram,
890 2003 1043 2067 offundis:
1067 2002 1121 2066 illa
1144 2009 1273 2065 stertens
1295 1998 1455 2065 mudidum

441 2131 563 2204 tergum
594 2121 773 2206 suspendit,
800 2124 864 2186 tuis
891 2122 1027 2208 jactibus
1058 2122 1184 2185 domita.
1219 2119 1334 2184 Verum
1364 2119 1457 2183 etiam

444 2238 528 2303 Mars
560 2240 729 2317 violentus,
753 2240 860 2305 relicto
884 2241 993 2326 procul
1016 2242 1173 2304 hastarum
1196 2239 1353 2315 acumine,
1376 2236 1460 2299 soret

444 2358 581 2421 animum
612 2358 704 2422 ludo:
738 2358 860 2443 telaque
890 2359 1028 2424 mulcent
1059 2359 1150 2422 etiam
1178 2356 1315 2421 Deorum
1340 2362 1459 2419 mentes

443 2476 597 2560 Apollinis
620 2478 769 2562 sapientil
792 2478 1057 2561 formosarumque
1076 2476 1247 2540 Musarum.
1286 2472 1459 2553 Quaecum-

443 2617 503 2678 que
538 2618 609 2660 vero
644 2618 707 2659 nou
741 2598 853 2660 amavit
883 2597 1024 2681 Jupiter,
1055 2604 1169 2659 terrore
1198 2594 1325 2679 fugiunt
1353 2614 1458 2657 vocem

444 2714 599 2779 Pieridum
631 2716 805 2794 audientia,
837 2724 918 2779 terra
945 2716 1082 2799 marique
1104 2716 1270 2791 immenso,
1294 2712 1401 2797 etqui
1423 2711 1458 2775 in

442 2834 570 2897 terribili
593 2813 719 2898 Tartaro
739 2820 838 2919 jacet,
862 2833 971 2919 'lbpho
995 2834 1093 2897 hostis
1117 2831 1322 2915 Deorum.”²)

488 2951 585 3038 Cujus
616 2953 676 3017 loci
699 2954 934 3038 intelligentiam
959 2953 1104 3038 adjuvare
1127 2951 1308 3037 explicando
1331 2949 1459 3013 omnino

444 3068 566 3133 difficile
582 3079 642 3149 est,
659 3094 698 3136 ne
714 3072 761 3135 vel
777 3072 899 3157 planius
915 3071 1070 3155 loquendo
1083 3070 1264 3135 senteutiam
1277 3068 1458 3132 deteriorem

444 3188 568 3266 faciam,
586 3190 633 3252 vel
649 3191 772 3274 singula
787 3191 999 3276 persequendo
1015 3190 1141 3254 efficiam
1154 3211 1203 3265 ea,
1217 3210 1295 3272 quae
1306 3186 1460 3251 Pindarus

444 3307 607 3391 significari
631 3309 774 3373 noluerit.
811 3308 892 3373 Nam
911 3316 1070 3393 poetarum
1093 3308 1176 3371 varia
1194 3308 1272 3370 ratio
1288 3313 1349 3369 est:
1366 3301 1459 3369 modo

443 3425 566 3511 singula
592 3435 752 3511 premunt,
777 3436 813 3491 ut
836 3428 1055 3512 distinguenda
1077 3427 1153 3491 sint:
1177 3425 1269 3490 modo
1292 3430 1403 3488 cuneta
1425 3423 1458 3486 in

444 3543 570 3607 eandem
606 3545 787 3608 sententiam
822 3547 993 3610 conferunt.
1041 3545 1109 3608 Hoc
1144 3552 1244 3608 autem
1277 3542 1346 3605 loeo
1380 3539 1459 3604 nihil

446 3660 532 3724 aliud
556 3662 746 3745 significatur
768 3664 828 3726 nisi
852 3665 896 3726 vis
921 3686 955 3726 ac
979 3663 1117 3747 potentia
1138 3661 1273 3724 musicae
1296 3665 1327 3723 et
1348 3658 1459 3743 poesis.

446 3777 531 3842 Haec
554 3779 636 3843 enim
659 3779 836 3843 dominatur
858 3781 889 3844 in
914 3781 1075 3857 omnibus,
1099 3778 1193 3862 idque
1215 3776 1307 3841 modo
1326 3774 1458 3860 duplici,

445 3896 608 3960 mulcendo
640 3898 716 3974 alia,
749 3898 808 3962 alia
838 3897 990 3962 terrendo.
1037 3895 1199 3979 Quidquid
1223 3896 1256 3959 in
1279 3891 1460 3957 mortalibus

445 4012 560 4077 bonum
591 4021 654 4092 est,
686 4014 837 4098 quidquid
868 4014 1003 4078 Deorum
1037 4021 1083 4078 est
1104 4014 1225 4097 ipsique
1248 4011 1301 4075 Dii
1324 4009 1461 4096 gandent

445 4138 476 4194 et
498 4131 673 4197 mulcentur
695 4155 768 4196 voce
790 4133 966 4210 Pieridum,
991 4132 1045 4196 sed
1067 4138 1200 4197 terretur
1219 4129 1372 4215 quidquid
1391 4127 1460 4191 Diis

444 4248 578 4314 invisum
598 4259 652 4314 est.
689 4250 775 4331 Quid
794 4251 827 4314 in
847 4250 1025 4315 homiuibus
1045 4250 1145 4313 choris
1164 4248 1311 4332 festisque
1328 4244 1460 4312 melius?

479 4523 504 4580 ι)
524 4523 561 4573 οι.
577 4524 645 4575 rrr.
663 4526 702 4574 10.
800 4527 826 4587 s)
845 4526 884 4592 ry.
903 4527 930 4585 1,
947 4526 1024 4576 initio.
1077 4496 1080 4502 ’
