3767 5534
926 682 966 740 53

432 882 550 959 fertur,
570 882 740 967 profectum
760 890 836 947 ate.
873 882 1046 946 Multorum
1066 891 1231 945 rectores:
1251 879 1340 944 multi
1356 887 1450 943 testes

432 1001 586 1084 utrisque,
602 1010 684 1066 recte
698 1002 762 1065 tuis
778 1000 917 1084 maleque
929 1000 1027 1065 factis.
1053 1000 1178 1063 Decoris
1191 1000 1222 1063 in
1236 998 1371 1062 consiliis
1384 1021 1450 1082 per·

432 1140 564 1182 manens
587 1118 613 1181 si
636 1120 724 1203 cupis
748 1119 870 1183 dulcem
890 1141 1009 1204 semper
1029 1119 1139 1181 lamam
1160 1117 1282 1195 audire,
1305 1139 1343 1180 ne
1363 1116 1454 1179 nimis

431 1236 571 1320 graverm
587 1236 755 1302 sumtibus:
773 1238 878 1301 emitte
893 1237 1107 1322 gubernatoris
1120 1236 1216 1299 instar
1228 1235 1330 1300 velum
1341 1235 1452 1298 ventis.

432 1351 488 1416 Ne
509 1354 651 1439 capiaris,
677 1377 695 1418 o
721 1355 816 1419 amice
822 1404 831 1434 ,
856 1355 997 1420 facilibus
1016 1355 1125 1431 lucris,
1147 1361 1267 1438 postera
1288 1353 1368 1417 lama
1387 1353 1452 1415 sola

431 1479 628 1537 mortuorum
650 1473 785 1538 virorum
808 1474 903 1538 vitam
926 1474 1043 1538 indicat
1063 1481 1093 1537 et
1112 1472 1311 1558 scriptoribus
1332 1479 1362 1535 et
1382 1493 1452 1556 poe·

431 1590 488 1654 tis.
527 1589 600 1655 Non
623 1592 730 1657 interit
753 1591 858 1656 (lroesi
880 1592 1017 1658 liberalis
1040 1592 1153 1668 virtus,
1178 1590 1231 1655 sed
1253 1597 1450 1654 crematorem

432 1729 532 1771 aeneo
562 1718 670 1787 tauro,
698 1710 854 1774 crudelem
880 1718 982 1774 mente
1011 1710 1185 1787 Phalarim,
1212 1709 1324 1772 infesta
1351 1706 1450 1775 ubivis

431 1825 518 1889 fama
539 1826 647 1904 babet,
671 1850 771 1913 neque
794 1851 864 1893 eum
888 1829 1023 1893 citharae
1042 1827 1186 1893 dulcibus
1207 1828 1364 1913 excipiunt
1383 1848 1452 1889 ean·

429 1944 531 2009 tibus.
568 1945 654 2009 Bene
677 1968 765 2031 agere
787 1946 920 2031 primum
944 1947 1147 2032 praemiorum
1166 1954 1224 2010 est:
1246 1947 1323 2011 bene
1344 1945 1450 2010 audire

431 2082 502 2125 sors
532 2062 684 2127 secunda:
713 2073 879 2148 utrumque
907 2066 961 2148 qui
983 2072 1092 2128 nactus
1116 2072 1179 2141 est,
1205 2086 1379 2150 supremam
1403 2085 1450 2126 co

430 2200 545 2243 ronam
568 2180 717 2265 accepit.'’
732 2183 755 2265 ι)

481 2296 533 2361 Sic
552 2298 677 2381 quidem
695 2300 942 2385 potentissimum
963 2323 1064 2385 regem
1085 2300 1280 2378 adhortatur,
1301 2309 1332 2363 et
1347 2308 1449 2363 monet

433 2415 598 2500 exemplis,
619 2427 656 2481 nt
671 2418 858 2502 posteritatis
874 2420 964 2483 etiarn
978 2419 1131 2504 judicium
1147 2419 1186 2483 ob
1202 2419 1307 2482 oculos
1324 2417 1448 2494 habeat,

433 2532 571 2616 velitque
602 2533 784 2599 liberalitate
812 2545 842 2599 et
862 2536 986 2620 justitia
1008 2558 1185 2600 mansuram
1208 2534 1336 2620 gloriam
1361 2555 1450 2617 quae·

433 2673 512 2715 rere.
551 2654 656 2736 Atque
687 2653 818 2718 eundem
849 2654 987 2718 laudavit
1018 2661 1143 2739 propter
1174 2654 1319 2717 virtutem
1345 2652 1449 2729 illam,

435 2792 516 2853 quae
543 2771 621 2835 solet
648 2794 712 2836 esse
739 2772 863 2857 regibus
887 2772 1084 2851 difficillima,
1109 2772 1292 2855 videturque
1316 2771 1450 2835 stultitia

435 2888 493 2965 iis,
520 2888 575 2972 qui
601 2911 657 2953 sua
679 2913 774 2974 regna
797 2890 890 2954 saluti
914 2891 1100 2975 populorum
1124 2896 1330 2975 anteponunt,
1355 2889 1450 2973 siqui·

435 3006 524 3085 dem,
551 3015 589 3071 ut
615 3008 658 3071 ait
685 3008 867 3087 Sallustius,
895 3008 1042 3093 „regibus
1069 3010 1142 3073 boni
1170 3031 1263 3094 quam
1289 3008 1362 3072 mali
1385 3030 1449 3071 sus·

435 3128 585 3211 pectiores
612 3135 703 3206 sunt,
732 3151 911 3213 semperque
938 3128 986 3193 his
1011 3129 1110 3193 aliena
1133 3128 1230 3192 virtus
1254 3126 1451 3192 formidolosa

435 3244 514 3309 est.”
527 3246 552 3329 Β)
597 3245 716 3310 Idcirco
747 3247 932 3332 praeclaram
964 3248 1157 3312 commendat
1188 3254 1279 3332 poeta
1306 3247 1450 3311 Hieronis

434 3363 577 3441 laudem,
605 3365 763 3449 appellans
791 3389 861 3430 eum
889 3367 994 3430 mitem
1018 3367 1153 3444 civibus,
1176 3388 1239 3458 non
1262 3366 1450 3431 invidentem

435 3482 542 3560 bonis,
567 3482 801 3568 hospitibusque
824 3492 940 3570 patrem
964 3486 1143 3572 mirabilem.
1157 3487 1181 3571 3)

481 3598 583 3680 Quam
604 3622 673 3665 vero
690 3602 820 3667 voluerit
835 3627 941 3668 verum
958 3627 976 3668 a
991 3604 1067 3668 falso
1082 3604 1248 3689 distingui,
1265 3626 1448 3688 morumque

436 3724 467 3780 et
490 3718 637 3783 orationis
661 3721 890 3806 simplicitatem
913 3729 1037 3787 secutus
1060 3723 1115 3800 sit,
1136 3745 1282 3807 respuens
1302 3722 1452 3786 adulatio·

436 3858 523 3914 nem,
547 3837 731 3923 intelligitur
754 3863 771 3902 e
795 3842 927 3905 carmine
951 3841 1063 3925 Pythio
1088 3840 1237 3919 secundo,
1258 3842 1296 3905 ad
1317 3840 1448 3906 eundem

436 3952 602 4019 Hieronem
639 3957 762 4041 scripto.
809 3958 965 4022 Admonet
996 3981 1083 4037 eum,
1115 3967 1152 4023 ut
1183 3958 1248 4044 ipse
1278 3969 1379 4044 qualis
1410 3966 1452 4022 sit

437 4071 606 4157 intelligat,
630 4096 686 4138 nec
710 4082 866 4160 tamquam
890 4077 993 4162 pueris
1017 4076 1186 4153 auscultet,
1214 4078 1373 4161 quicum,
1396 4077 1451 4161 qui

438 4189 497 4253 sibi
523 4190 617 4255 ludus
644 4194 701 4271 sit,
726 4196 864 4277 quamvis
887 4195 1028 4273 siminm,
1054 4218 1171 4280 semper
1193 4194 1330 4259 laudent.
1375 4193 1449 4259 Non

431 4352 629 4369 'h--u—

474 4464 497 4523 l)
515 4464 556 4530 Py.
575 4467 597 4514 I.
616 4466 675 4525 lot,
692 4483 753 4531 seqq.
853 4469 878 4530 2)
898 4469 961 4518 Bell.
983 4470 1034 4519 eat.
1054 4468 1076 4521 7.
1180 4469 1205 4529 3)
1223 4468 1263 4535 Py.
1282 4469 1338 4518 III.
1357 4470 1412 4518 124.
