3767 5534
924 703 987 762 226

445 905 552 970 domui
579 905 741 990 progenies
772 904 947 967 auxiliaris:
973 903 1055 970 unde
1080 906 1203 971 seminis
1228 906 1394 972 habentem
1418 931 1462 973 ra·

447 1026 544 1091 dicem
566 1026 653 1100 decet
669 1025 865 1090 Aenesidami
881 1026 978 1090 filium
996 1027 1150 1092 laudativa
1169 1028 1304 1093 carmina
1319 1029 1462 1114 lyrasque

444 1146 589 1211 nancisci.
625 1145 706 1211 Nam
728 1145 888 1232 Olympiae
905 1149 970 1233 ipsc
988 1149 1156 1233 praemium
1172 1150 1304 1235 accepit,
1321 1149 1461 1233 Pythone

368 1271 408 1330 90
446 1290 516 1331 vero
541 1276 571 1331 et
594 1267 624 1330 in
650 1266 769 1329 Isthmo
796 1289 940 1350 germano
969 1268 1056 1331 fratri
1079 1290 1256 1332 communes
1279 1270 1396 1353 gratiae
1419 1276 1462 1333 at

445 1386 583 1450 tulerunt
606 1386 695 1449 flores
712 1384 931 1469 quadrigarum
950 1407 1043 1449 cursu
1059 1386 1140 1450 facto
1157 1386 1331 1450 duodecies.
1364 1386 1460 1471 Expe-

447 1507 573 1571 rientem
598 1511 750 1569 certamen
776 1505 911 1569 nancisci
935 1507 1126 1591 propositum
1149 1505 1260 1570 liberat
1284 1530 1301 1570 a
1324 1507 1460 1572 tristitia.

445 1625 583 1689 Profecto
615 1625 740 1689 divitiae
773 1632 898 1689 ornatae
927 1624 1072 1690 laudibus
1096 1625 1200 1689 ferunt
1224 1625 1392 1691 multarum
1417 1649 1461 1690 re·

350 1748 407 1808 100
443 1768 510 1808 rum
543 1746 680 1829 copiam,
716 1744 901 1828 profundam
935 1743 1116 1829 praebentes
1148 1766 1252 1808 curam
1283 1744 1458 1821 fortiorem,

444 1864 527 1927 sidus
551 1862 765 1949 splendidum,
791 1886 896 1928 verum
917 1864 982 1927 viro
999 1864 1113 1927 lumen.
1150 1863 1267 1948 Siquis
1284 1886 1334 1927 eas
1351 1862 1458 1941 habet,

442 1984 538 2047 novit·
558 1983 710 2058 futurum,
744 2005 867 2060 eorum,
901 1982 956 2066 qui
989 1982 1038 2046 hie
1062 1983 1178 2046 mortui
1203 1982 1281 2058 sint,
1308 1982 1457 2047 continuo

376 2138 378 2141 ·
443 2101 558 2167 debiles
588 2102 704 2167 animas
735 2124 848 2187 poenas
872 2102 971 2179 luere,
997 2110 1027 2165 et
1051 2103 1212 2166 commissa
1234 2103 1266 2166 in
1290 2102 1350 2165 hoc
1372 2100 1459 2166 doris

443 2244 536 2306 regno
568 2221 681 2285 seelera
713 2221 770 2285 sub
800 2228 881 2285 terra
908 2220 1047 2305 judicare
1079 2220 1230 2305 aliquem,
1259 2220 1372 2285 infestd
1394 2243 1459 2285 sen-

442 2342 570 2405 tentiam
602 2340 784 2404 necessitate
816 2338 977 2403 dicentem.
1025 2338 1179 2405 Noctibus
1203 2340 1317 2425 pariter
1341 2362 1459 2424 semper

344 2464 405 2524 llll
442 2460 616 2545 pariterque
649 2459 757 2524 diebus
789 2458 884 2523 solem
910 2458 1058 2523 habentes
1085 2458 1158 2523 boni
1181 2460 1283 2524 minus
1307 2457 1459 2523 laboriosa

438 2582 502 2645 vita
531 2582 696 2659 fruuntur,
728 2602 790 2644 non
823 2588 937 2644 terram
962 2581 1124 2644 miscentes
1149 2580 1281 2643 maximo
1305 2601 1454 2643 manuum

440 2701 548 2766 robore
571 2724 628 2765 nec
651 2701 742 2764 maris
767 2722 878 2783 aquam
903 2708 1028 2784 propter
1051 2699 1167 2763 victum
1192 2698 1332 2762 inanem:
1350 2719 1455 2761 verum

440 2820 522 2907 apud
553 2820 719 2884 honoratos
751 2819 906 2896 Deorum,
939 2819 1116 2902 quicunque
1143 2817 1240 2901 gavisi
1262 2817 1388 2880 fuerunt
1408 2817 1456 2902 ju-

340 2943 402 3003 120
438 2940 604 3026 risjurandi
628 2939 705 3017 fide,
730 2939 872 3024 lacrymis
897 2961 970 3003 aevo
995 2944 1117 3033 carente
1140 2937 1304 3001 fruuntur:
1321 2935 1456 3000 illinere

438 3059 573 3124 laborem
603 3082 664 3123 non
681 3057 929 3143 'adspiciendum
956 3058 1067 3121 ferunt.
1116 3055 1280 3140 Quotquot
1305 3056 1457 3119 sustinue-

438 3189 511 3244 runt
542 3190 589 3244 ter
612 3178 778 3263 utrobique
801 3185 960 3242 manentes
985 3177 1022 3243 ab
1047 3176 1202 3262 injustitia
1224 3176 1350 3240 omnino
1375 3173 1455 3239 cohi·

438 3300 508 3363 bere
541 3300 693 3375 animum,
726 3297 877 3383 perfecere
907 3296 994 3360 doris
1028 3297 1104 3361 viam
1138 3295 1175 3359 ad
1207 3294 1301 3359 Croni
1325 3294 1452 3358 turrim:

339 3420 401 3480 130
438 3418 492 3482 ubi
516 3418 675 3482 beatorum
699 3417 817 3481 insulas
841 3439 931 3481 aurae
956 3416 1063 3480 oceani
1085 3415 1294 3492 circumflant,
1319 3422 1350 3478 et
1366 3414 1455 3478 flores

438 3538 523 3601 aurei
547 3537 673 3614 ardent,
698 3537 750 3601 alii
774 3560 790 3601 e
815 3544 894 3600 terra
919 3558 937 3599 a
961 3535 1079 3599 decoris
1103 3534 1279 3611 arboribus,
1305 3534 1381 3598 alios
1401 3532 1456 3597 alit

440 3679 538 3740 aqua,
571 3678 701 3739 quorum
734 3656 821 3719 sertis
852 3678 963 3718 manus
995 3654 1163 3718 redimiunt
1196 3662 1227 3717 et
1255 3674 1399 3728 coronas,
1424 3651 1456 3715 in

439 3784 522 3839 recto
543 3775 662 3860 judicio
686 3773 932 3838 Rhadamanthi:
958 3796 1050 3858 quem
1074 3780 1159 3858 pater
1177 3770 1297 3836 Oronus
1314 3777 1455 3856 paratam

342 3896 403 3955 140
440 3892 499 3957 sibi
515 3915 695 3957 assessorem
713 3892 822 3969 habet,
839 3893 968 3956 maritus
984 3891 1105 3970 Rheae,
1123 3912 1300 3975 supremum
1317 3888 1456 3952 omnium

361 4088 367 4099 ,
440 4011 584 4076 thronum
617 4010 769 4076 habentis.
816 4010 928 4075 Peleus
961 4017 992 4073 et
1015 4008 1151 4074 Cadmus
1175 4010 1207 4072 in
1231 4009 1269 4072 iis
1293 4029 1454 4072 numeran-

441 4138 510 4194 tur:
544 4138 575 4194 et
606 4128 759 4194 Achillem
792 4152 844 4206 eo,
878 4135 1041 4214 postquam
1072 4127 1158 4191 Jovis
1182 4133 1289 4213 pectus
1313 4124 1456 4209 precibus

440 4250 593 4326 exoravit,
619 4257 716 4313 mater
740 4248 878 4312 advenit:
904 4247 958 4331 qui
982 4245 1146 4310 Hectorem
1173 4244 1317 4331 projecit,
1345 4242 1455 4328 Trojae

439 4370 591 4433 invictum
622 4370 840 4433 inconcussum
873 4366 1032 4443 columen,
1066 4364 1267 4449 Cycnumque
1290 4363 1383 4426 morti
1406 4360 1456 4425 de·

440 4489 503 4566 dit,
537 4498 568 4550 et
600 4491 738 4552 Aurorae
772 4487 870 4549 filium
904 4485 1100 4570 Aethiopem.
1148 4484 1251 4547 Multa
1284 4481 1362 4545 mihi
1396 4480 1453 4545 sub
