3767 5534
907 697 971 763 417

432 905 535 963 narret
557 897 701 965 Rhodum
727 899 862 977 uenisse,
887 920 984 983 quum
1005 900 1068 983 jam
1090 898 1134 963 ibi
1149 898 1291 963 conditae
1307 900 1451 963 florerent

434 1016 540 1096 urbes,
578 1017 668 1082 illum
698 1041 753 1083 sua
777 1018 898 1083 colonia
921 1018 1042 1081 auxisse
1066 1026 1097 1081 et
1120 1039 1242 1082 ornasse
1265 1017 1398 1082 insulam
1422 1026 1453 1083 et

434 1158 471 1200 ex
502 1135 565 1199 illis
592 1136 710 1206 colonis
734 1136 886 1223 Diagorae
909 1143 1032 1220 gentem
1055 1134 1217 1200 oriundam
1241 1135 1336 1200 fuisse
1359 1135 1452 1220 signi·

434 1254 524 1347 licat:
557 1254 692 1339 primum
715 1276 788 1340 ergo
812 1254 905 1341 hujus
929 1255 1030 1339 gentis
1053 1261 1084 1318 et
1106 1253 1243 1318 coloniae
1267 1253 1450 1339 primordia,

436 1371 581 1458 deinceps
604 1373 743 1453 insulae,
767 1375 916 1458 inquam
939 1374 1164 1458 pervenissent,
1189 1382 1326 1437 vetustas
1345 1372 1451 1438 leudes

435 1493 639 1577 persequitur.
675 1493 818 1559 Absolvit
842 1500 947 1557 autem
971 1492 1031 1558 fere
1055 1492 1259 1557 narrationem
1282 1492 1321 1557 de
1343 1492 1452 1577 Tlepo·

436 1610 517 1675 lemo
547 1618 578 1676 et
601 1612 712 1676 transit
735 1612 773 1675 ad
797 1612 974 1697 antiquiora
996 1634 1030 1675 us
1056 1614 1114 1689 62,
1140 1610 1193 1675 sed
1217 1619 1286 1697 apte
1309 1610 1389 1675 redit
1413 1612 1451 1675 ad

365 1767 370 1776 ·
436 1727 651 1814 Tlepolemum
682 1738 713 1794 et
744 1732 809 1816 ejus
836 1731 922 1795 laudi
946 1730 1102 1795 cumulum
1127 1730 1234 1815 adjicit
1256 1753 1289 1793 vs
1315 1732 1396 1795 141:
1422 1736 1453 1795 et

437 1871 472 1924 vs
483 1848 559 1924 2147,
585 1849 695 1926 eximia
718 1849 915 1935 copulatione
938 1872 1010 1914 cum
1033 1850 1178 1933 antiquae
1200 1848 1370 1935 Tlepolemi
1390 1849 1454 1933 glo·

438 1966 501 2043 riae
532 1967 736 2052 perpetuitate
769 1975 919 2033 recentem
952 1968 1114 2054 conjungit
1144 1966 1267 2032 laudem
1291 1967 1452 2053 Diagorae.

439 2084 489 2148 Sic
513 2083 608 2148 Poeta
631 2108 687 2150 nos
711 2086 859 2151 contiuuo
887 2094 991 2171 raptos
1015 2086 1047 2150 in
1071 2085 1186 2150 medias
1209 2108 1257 2149 res
1280 2094 1452 2171 permovet,

439 2202 608 2267 identidem
639 2204 728 2289 plura
759 2206 923 2270 ostendens
947 2212 978 2272 et
1000 2206 1039 2269 ad
1062 2213 1196 2269 totarum
1219 2226 1320 2268 rerum
1344 2204 1454 2290 perdu-

440 2341 512 2385 cens
534 2322 787 2407 intelligentiam:
812 2332 858 2388 est
881 2347 954 2389 sane
978 2324 1035 2388 hoc
1052 2346 1171 2389 carmen
1189 2323 1342 2408 exemplar
1358 2323 1453 2407 quod·

439 2438 510 2503 dam
539 2438 625 2505 illius
655 2442 828 2526 praecepti,
860 2442 942 2526 quod
975 2453 1081 2528 postea
1113 2442 1260 2527 expressit
1283 2440 1451 2519 Horatius,

440 2578 505 2622 non
534 2556 654 2621 fumum
686 2580 723 2623 ex
753 2558 891 2645 fulgore,
924 2559 977 2624 sed
1006 2582 1043 2624 ex
1066 2560 1151 2624 fumo
1174 2558 1247 2623 dare
1269 2559 1387 2624 lucem:
1412 2561 1452 2625 A.

441 2673 477 2739 P.
505 2677 582 2747 143,

486 2790 657 2879 Tlepolemi
680 2795 712 2859 in
735 2795 880 2860 Rhodum
902 2797 1121 2882 profectionem
1145 2804 1176 2860 et
1195 2796 1233 2861 ab
1250 2818 1285 2861 eo
1301 2796 1452 2861 coloniam

437 2908 482 2974 ibi
511 2910 666 2975 conditam
690 2913 782 2977 etiam
805 2912 960 2978 Homerus
984 2922 1149 2993 memorat,
1174 2913 1213 2979 Il.
1239 2913 1360 2978 [1661

483 3030 679 3108 Τληπόλεμος
702 3029 725 3096 δ’
749 3032 811 3097 ἐπεὶ
834 3030 880 3097 οὖν
903 3033 1003 3116 τροέφη
1028 3035 1056 3098 ἐν
1078 3033 1200 3114 μεγοὶρορ
1224 3034 1373 3113 elatave,

484 3147 594 3212 adriae
617 3147 726 3228 οοοοτρὸς
749 3150 801 3214 ἑοῖο
824 3152 911 3233 φίλον
933 3152 1056 3231 μην-ρον
1079 3150 1225 3231 auclara,

485 3265 536 3341 ἤδη
559 3264 745 3347 γηράσκοντα
767 3268 936 3345 Λικύμνιον,
960 3268 1018 3351 ὄζον
1037 3268 1153 3349 Ἄρηος.

485 3379 566 3464 alda
588 3383 617 3448 δὲ
640 3392 709 3459 νῆοος
733 3384 840 3462 ἔπηξε,
865 3388 956 3451 πολὺν
979 3386 1004 3450 δ’
1027 3385 1079 3463 ἔνο
1103 3386 1175 3452 tadu
1197 3386 1320 3468 οὶρείροις

482 3502 525 3578 βῆ
547 3502 668 3582 φεύγων
691 3503 738 3567 ἐπὶ
762 3503 879 3568 πόντον·
905 3504 1071 3578 νὀοοείληοοον
1094 3503 1154 3583 νοὶρ
1178 3506 1203 3572 οἱ
1225 3502 1311 3568 ἄλλοι

482 3619 554 3692 υἱέες
578 3620 723 3685 victoira
745 3620 813 3698 βίης
836 3621 1036 3702 Ἡρακληείης.

482 3738 576 3819 οοῦτοὶρ
602 3734 650 3815 i‘y'
671 3740 700 3810 ἐς
723 3737 813 3803 ‘Peion
836 3733 894 3814 ἷξεν
917 3738 1064 3815 ἀλώμενος
1089 3736 1191 3815 layca
1215 3735 1352 3817 ποίοχοον.

480 3857 588 3937 τριχθὰ
610 3857 634 3921 δ’
656 3855 759 3938 ᾤκηθεν
781 3857 1012 3939 accumulatio,
1036 3858 1082 3933 ἡδὲ
1104 3856 1225 3939 φίληθεν
1314 3918 1315 3921 ,

481 3974 513 4037 ἐκ
534 3973 622 4052 Διὸς,
645 3972 713 4039 ἕστε
736 3976 820 4039 θεοῖσι
844 3975 893 4039 xxi
916 3967 1099 4054 οὶνθρώποοονν
1122 3973 1275 4040 deducar(

436 4087 496 4151 Sed
525 4087 652 4165 Homeri
683 4097 714 4153 et
740 4088 867 4155 Pindari
889 4091 1067 4155 testimonia
1089 4090 1255 4176 repudiant
1278 4085 1448 4152 Muellerus

436 4213 466 4271 et
489 4206 680 4287 Boeekhius,
702 4216 732 4272 et
747 4210 913 4293 posteriore
929 4210 1051 4275 demum
1068 4216 1167 4274 aetate
1184 4209 1329 4293 Argivum
1345 4203 1448 4268 Rhodi

434 4325 585 4389 coloniam
615 4326 788 4391 consedisse
818 4328 1004 4393 existimant.
1041 4327 1132 4393 Certe
1155 4326 1282 4403 Strabo,
1307 4321 1350 4387 Ιο.ι
1369 4319 1449 4385 XIV

435 4465 454 4526 p
479 4443 542 4507 65³
567 4443 731 4509 Dorienses
754 4445 831 4510 dicit
854 4469 922 4526 eos,
948 4448 1003 4532 qni
1026 4454 1097 4533 post
1120 4453 1249 4511 mortem
1271 4441 1365 4507 Codri
1386 4439 1452 4504 Me·

1284 4565 1317 4623 27
