<?xml version="1.0" encoding="UTF-8"?>
<!DOCTYPE html PUBLIC "-//W3C//DTD XHTML 1.0 Transitional//EN"
    "http://www.w3.org/TR/xhtml1/DTD/xhtml1-transitional.dtd">
<html xmlns="http://www.w3.org/1999/xhtml" xml:lang="en" lang="en">
 <head>
  <title>
</title>
<meta http-equiv="Content-Type" content="text/html;charset=utf-8" />
  <meta name='ocr-system' content='tesseract 3.04.00' />
  <meta name='ocr-capabilities' content='ocr_page ocr_carea ocr_par ocr_line ocrx_word'/>
</head>
<body>
  <div class='ocr_page' id='page_1' title='image "./pindaricarminao00pindgoog_0394.png"; bbox 0 0 3767 5534; ppageno 0'>
   <div class='ocr_carea' id='block_1_1' title="bbox 899 766 966 827">
    <p class='ocr_par' dir='ltr' id='par_1_1' title="bbox 899 766 966 827">
     <span class='ocr_line' id='line_1_1' title="bbox 899 766 966 827; baseline 0 0"><span class='ocrx_word' id='word_1_1' title='bbox 899 766 966 827; x_wconf 79' lang='lat'><strong>&#39;313</strong></span> 
     </span>
    </p>
   </div>
   <div class='ocr_carea' id='block_1_2' title="bbox 431 964 1452 3438">
    <p class='ocr_par' dir='ltr' id='par_1_2' title="bbox 431 964 1452 3438">
     <span class='ocr_line' id='line_1_2' title="bbox 435 964 1437 1051; baseline 0 -23"><span class='ocrx_word' id='word_1_2' title='bbox 435 964 520 1029; x_wconf 84' lang='lat' dir='ltr'><strong>dero.</strong></span> <span class='ocrx_word' id='word_1_3' title='bbox 566 964 733 1051; x_wconf 80' lang='lat' dir='ltr'><strong>Nunquam</strong></span> <span class='ocrx_word' id='word_1_4' title='bbox 756 989 817 1030; x_wconf 91' lang='lat' dir='ltr'><strong>non</strong></span> <span class='ocrx_word' id='word_1_5' title='bbox 840 967 1141 1032; x_wconf 88' lang='lat' dir='ltr'><strong>honorificentissime</strong></span> <span class='ocrx_word' id='word_1_6' title='bbox 1166 967 1315 1031; x_wconf 79' lang='lat' dir='ltr'><strong>Pindarus</strong></span> <span class='ocrx_word' id='word_1_7' title='bbox 1331 965 1368 1029; x_wconf 92' lang='lat' dir='ltr'><strong>de</strong></span> <span class='ocrx_word' id='word_1_8' title='bbox 1384 964 1437 1028; x_wconf 92' lang='lat' dir='ltr'><strong>illo</strong></span> 
     </span>
     <span class='ocr_line' id='line_1_3' title="bbox 434 1084 1437 1173; baseline 0.001 -26"><span class='ocrx_word' id='word_1_9' title='bbox 434 1084 604 1149; x_wconf 84' lang='lat' dir='ltr'><strong>existimat:</strong></span> <span class='ocrx_word' id='word_1_10' title='bbox 628 1085 755 1170; x_wconf 79' lang='lat' dir='ltr'><strong>gloriam</strong></span> <span class='ocrx_word' id='word_1_11' title='bbox 778 1088 842 1172; x_wconf 89' lang='lat' dir='ltr'><strong>ejus</strong></span> <span class='ocrx_word' id='word_1_12' title='bbox 866 1096 896 1150; x_wconf 88' lang='lat' dir='ltr'><strong>et</strong></span> <span class='ocrx_word' id='word_1_13' title='bbox 915 1088 1067 1173; x_wconf 87' lang='lat' dir='ltr'><strong>praeclara</strong></span> <span class='ocrx_word' id='word_1_14' title='bbox 1083 1088 1216 1151; x_wconf 86' lang='lat' dir='ltr'><strong>facinora</strong></span> <span class='ocrx_word' id='word_1_15' title='bbox 1231 1086 1340 1151; x_wconf 90' lang='lat' dir='ltr'><strong>bellica</strong></span> <span class='ocrx_word' id='word_1_16' title='bbox 1356 1086 1437 1150; x_wconf 90' lang='lat' dir='ltr'><strong>canit</strong></span> 
     </span>
     <span class='ocr_line' id='line_1_4' title="bbox 433 1202 1436 1271; baseline 0 -4"><span class='ocrx_word' id='word_1_17' title='bbox 433 1203 567 1268; x_wconf 87' lang='lat' dir='ltr'><strong>carmine</strong></span> <span class='ocrx_word' id='word_1_18' title='bbox 601 1202 752 1270; x_wconf 90' lang='lat' dir='ltr'><strong>Nemeaeo</strong></span> <span class='ocrx_word' id='word_1_19' title='bbox 786 1206 893 1270; x_wconf 88' lang='lat' dir='ltr'><strong>tertio:</strong></span> <span class='ocrx_word' id='word_1_20' title='bbox 929 1216 959 1271; x_wconf 88' lang='lat' dir='ltr'><strong>et</strong></span> <span class='ocrx_word' id='word_1_21' title='bbox 990 1206 1121 1271; x_wconf 92' lang='lat' dir='ltr'><strong>Isthmio</strong></span> <span class='ocrx_word' id='word_1_22' title='bbox 1152 1215 1258 1271; x_wconf 84' lang='lat' dir='ltr'><strong>octavo</strong></span> <span class='ocrx_word' id='word_1_23' title='bbox 1288 1228 1322 1267; x_wconf 87' lang='lat' dir='ltr'><strong>vs</strong></span> <span class='ocrx_word' id='word_1_24' title='bbox 1357 1206 1436 1267; x_wconf 74' lang='lat'>124:</span> 
     </span>
     <span class='ocr_line' id='line_1_5' title="bbox 431 1323 1437 1412; baseline -0.001 -25"><span class='ocrx_word' id='word_1_25' title='bbox 431 1323 554 1402; x_wconf 87' lang='lat' dir='ltr'><strong>‚‚hunc,</strong></span> <span class='ocrx_word' id='word_1_26' title='bbox 578 1325 693 1409; x_wconf 91' lang='lat' dir='ltr'><strong>inquit,</strong></span> <span class='ocrx_word' id='word_1_27' title='bbox 710 1348 749 1389; x_wconf 92' lang='lat' dir='ltr'><strong>ne</strong></span> <span class='ocrx_word' id='word_1_28' title='bbox 764 1332 919 1391; x_wconf 91' lang='lat' dir='ltr'><strong>mortuum</strong></span> <span class='ocrx_word' id='word_1_29' title='bbox 935 1326 1059 1412; x_wconf 90' lang='lat' dir='ltr'><strong>quidem</strong></span> <span class='ocrx_word' id='word_1_30' title='bbox 1076 1326 1209 1390; x_wconf 86' lang='lat' dir='ltr'><strong>carmina</strong></span> <span class='ocrx_word' id='word_1_31' title='bbox 1223 1324 1437 1399; x_wconf 86' lang='lat' dir='ltr'><strong>deseruerunt,</strong></span> 
     </span>
     <span class='ocr_line' id='line_1_6' title="bbox 432 1442 1440 1531; baseline -0.002 -24"><span class='ocrx_word' id='word_1_32' title='bbox 432 1466 539 1508; x_wconf 89' lang='lat' dir='ltr'><strong>verum</strong></span> <span class='ocrx_word' id='word_1_33' title='bbox 562 1443 599 1508; x_wconf 91' lang='lat' dir='ltr'><strong>ad</strong></span> <span class='ocrx_word' id='word_1_34' title='bbox 623 1467 731 1529; x_wconf 84' lang='lat' dir='ltr'><strong>rogum</strong></span> <span class='ocrx_word' id='word_1_35' title='bbox 754 1446 817 1531; x_wconf 91' lang='lat' dir='ltr'><strong>ejus</strong></span> <span class='ocrx_word' id='word_1_36' title='bbox 834 1446 1047 1531; x_wconf 89' lang='lat' dir='ltr'><strong>tumulumque</strong></span> <span class='ocrx_word' id='word_1_37' title='bbox 1063 1445 1241 1511; x_wconf 81' lang='lat' dir='ltr'>Heliconiae</span> <span class='ocrx_word' id='word_1_38' title='bbox 1257 1451 1365 1507; x_wconf 84' lang='lat' dir='ltr'><strong>stetere</strong></span> <span class='ocrx_word' id='word_1_39' title='bbox 1382 1442 1440 1506; x_wconf 89' lang='lat' dir='ltr'><strong>vir-</strong></span> 
     </span>
     <span class='ocr_line' id='line_1_7' title="bbox 433 1540 1438 1648; baseline -0.001 -23"><span class='ocrx_word' id='word_1_40' title='bbox 433 1563 538 1647; x_wconf 85' lang='lat' dir='ltr'><strong>gines,</strong></span> <span class='ocrx_word' id='word_1_41' title='bbox 562 1562 770 1648; x_wconf 82' lang='lat' dir='ltr'><strong>celebremque</strong></span> <span class='ocrx_word' id='word_1_42' title='bbox 793 1564 897 1628; x_wconf 88' lang='lat' dir='ltr'><strong>fletum</strong></span> <span class='ocrx_word' id='word_1_43' title='bbox 920 1565 1086 1629; x_wconf 90' lang='lat' dir='ltr'><strong>carminum</strong></span> <span class='ocrx_word' id='word_1_44' title='bbox 1111 1540 1306 1629; x_wconf 75' lang='lat' dir='ltr'><strong>infuderuntt</strong></span> <span class='ocrx_word' id='word_1_45' title='bbox 1324 1561 1438 1647; x_wconf 89' lang='lat' dir='ltr'><strong>quippe</strong></span> 
     </span>
     <span class='ocr_line' id='line_1_8' title="bbox 435 1676 1439 1768; baseline -0.002 -23"><span class='ocrx_word' id='word_1_46' title='bbox 435 1681 495 1745; x_wconf 90' lang='lat' dir='ltr'><strong>boc</strong></span> <span class='ocrx_word' id='word_1_47' title='bbox 528 1681 644 1767; x_wconf 77' lang='lat' dir='ltr'><strong>placuit</strong></span> <span class='ocrx_word' id='word_1_48' title='bbox 677 1676 922 1761; x_wconf 84' lang='lat' dir='ltr'><strong>Immortehbus,</strong></span> <span class='ocrx_word' id='word_1_49' title='bbox 958 1684 1086 1768; x_wconf 89' lang='lat' dir='ltr'><strong>probum</strong></span> <span class='ocrx_word' id='word_1_50' title='bbox 1119 1684 1216 1747; x_wconf 88' lang='lat' dir='ltr'><strong>virum</strong></span> <span class='ocrx_word' id='word_1_51' title='bbox 1248 1682 1338 1746; x_wconf 89' lang='lat' dir='ltr'><strong>etiam</strong></span> <span class='ocrx_word' id='word_1_52' title='bbox 1370 1688 1439 1766; x_wconf 90' lang='lat' dir='ltr'><strong>post</strong></span> 
     </span>
     <span class='ocr_line' id='line_1_9' title="bbox 434 1800 1439 1888; baseline 0 -25"><span class='ocrx_word' id='word_1_53' title='bbox 434 1800 594 1865; x_wconf 75' lang='lat' dir='ltr'><strong>interitum</strong></span> <span class='ocrx_word' id='word_1_54' title='bbox 629 1800 699 1865; x_wconf 91' lang='lat' dir='ltr'><strong>dare</strong></span> <span class='ocrx_word' id='word_1_55' title='bbox 733 1801 867 1867; x_wconf 81' lang='lat' dir='ltr'><strong>Duarum</strong></span> <span class='ocrx_word' id='word_1_56' title='bbox 897 1803 1069 1868; x_wconf 89' lang='lat' dir='ltr'><strong>cantibus.’&#39;</strong></span> <span class='ocrx_word' id='word_1_57' title='bbox 1116 1804 1217 1888; x_wconf 83' lang='lat' dir='ltr'><strong>Atque</strong></span> <span class='ocrx_word' id='word_1_58' title='bbox 1248 1802 1305 1865; x_wconf 91' lang='lat' dir='ltr'><strong>hae</strong></span> <span class='ocrx_word' id='word_1_59' title='bbox 1336 1806 1439 1865; x_wconf 89' lang='lat' dir='ltr'><strong>tantae</strong></span> 
     </span>
     <span class='ocr_line' id='line_1_10' title="bbox 432 1918 1439 2007; baseline 0 -25"><span class='ocrx_word' id='word_1_60' title='bbox 432 1918 540 1982; x_wconf 89' lang='lat' dir='ltr'><strong>laudes</strong></span> <span class='ocrx_word' id='word_1_61' title='bbox 567 1920 599 1983; x_wconf 89' lang='lat' dir='ltr'><strong>in</strong></span> <span class='ocrx_word' id='word_1_62' title='bbox 623 1942 657 1984; x_wconf 92' lang='lat' dir='ltr'><strong>eo</strong></span> <span class='ocrx_word' id='word_1_63' title='bbox 680 1921 811 1985; x_wconf 86' lang='lat' dir='ltr'><strong>carmine</strong></span> <span class='ocrx_word' id='word_1_64' title='bbox 834 1922 921 2007; x_wconf 80' lang='lat' dir='ltr'><strong>quasi</strong></span> <span class='ocrx_word' id='word_1_65' title='bbox 946 1921 1112 1985; x_wconf 85' lang='lat' dir='ltr'><strong>fundantur</strong></span> <span class='ocrx_word' id='word_1_66' title='bbox 1135 1921 1244 2006; x_wconf 84' lang='lat' dir='ltr'><strong>stragis</strong></span> <span class='ocrx_word' id='word_1_67' title='bbox 1268 1921 1332 2005; x_wconf 91' lang='lat' dir='ltr'><strong>ejus</strong></span> <span class='ocrx_word' id='word_1_68' title='bbox 1357 1941 1439 2004; x_wconf 88' lang='lat' dir='ltr'><strong>prae·</strong></span> 
     </span>
     <span class='ocr_line' id='line_1_11' title="bbox 434 2038 1439 2125; baseline -0.001 -23"><span class='ocrx_word' id='word_1_69' title='bbox 434 2039 541 2121; x_wconf 85' lang='lat' dir='ltr'><strong>conio,</strong></span> <span class='ocrx_word' id='word_1_70' title='bbox 577 2061 637 2123; x_wconf 87' lang='lat' dir='ltr'><strong>qua</strong></span> <span class='ocrx_word' id='word_1_71' title='bbox 669 2039 837 2125; x_wconf 78' lang='lat' dir='ltr'><strong>Telephum</strong></span> <span class='ocrx_word' id='word_1_72' title='bbox 866 2048 897 2104; x_wconf 94' lang='lat' dir='ltr'><strong>et</strong></span> <span class='ocrx_word' id='word_1_73' title='bbox 927 2040 1121 2105; x_wconf 89' lang='lat' dir='ltr'><strong>Memnonem</strong></span> <span class='ocrx_word' id='word_1_74' title='bbox 1153 2047 1184 2105; x_wconf 94' lang='lat' dir='ltr'><strong>et</strong></span> <span class='ocrx_word' id='word_1_75' title='bbox 1214 2038 1377 2104; x_wconf 78' lang='lat' dir='ltr'><strong>Hectorem</strong></span> <span class='ocrx_word' id='word_1_76' title='bbox 1409 2047 1439 2101; x_wconf 90' lang='lat' dir='ltr'><strong>et</strong></span> 
     </span>
     <span class='ocr_line' id='line_1_12' title="bbox 436 2156 1438 2244; baseline 0.001 -25"><span class='ocrx_word' id='word_1_77' title='bbox 436 2156 551 2220; x_wconf 90' lang='lat' dir='ltr'><strong>multos</strong></span> <span class='ocrx_word' id='word_1_78' title='bbox 585 2157 764 2222; x_wconf 91' lang='lat' dir='ltr'><strong>fortissimos</strong></span> <span class='ocrx_word' id='word_1_79' title='bbox 797 2158 906 2244; x_wconf 91' lang='lat' dir='ltr'><strong>dejecit</strong></span> <span class='ocrx_word' id='word_1_80' title='bbox 940 2160 972 2224; x_wconf 92' lang='lat' dir='ltr'><strong>in</strong></span> <span class='ocrx_word' id='word_1_81' title='bbox 1006 2160 1127 2223; x_wconf 89' lang='lat' dir='ltr'><strong>inferos.</strong></span> <span class='ocrx_word' id='word_1_82' title='bbox 1174 2158 1305 2222; x_wconf 73' lang='lat' dir='ltr'><strong>&#39;lantum</strong></span> <span class='ocrx_word' id='word_1_83' title='bbox 1338 2159 1438 2233; x_wconf 89' lang='lat' dir='ltr'><strong>abest,</strong></span> 
     </span>
     <span class='ocr_line' id='line_1_13' title="bbox 438 2276 1440 2365; baseline 0.001 -26"><span class='ocrx_word' id='word_1_84' title='bbox 438 2283 474 2339; x_wconf 91' lang='lat' dir='ltr'><strong>ut</strong></span> <span class='ocrx_word' id='word_1_85' title='bbox 498 2276 561 2339; x_wconf 87' lang='lat' dir='ltr'><strong>ulla</strong></span> <span class='ocrx_word' id='word_1_86' title='bbox 590 2277 707 2341; x_wconf 89' lang='lat' dir='ltr'><strong>bellicis</strong></span> <span class='ocrx_word' id='word_1_87' title='bbox 738 2278 921 2344; x_wconf 78' lang='lat' dir='ltr'><strong>facinoribus</strong></span> <span class='ocrx_word' id='word_1_88' title='bbox 954 2279 1083 2344; x_wconf 90' lang='lat' dir='ltr'><strong>Achillis</strong></span> <span class='ocrx_word' id='word_1_89' title='bbox 1115 2280 1236 2343; x_wconf 86' lang='lat' dir='ltr'><strong>subesse</strong></span> <span class='ocrx_word' id='word_1_90' title='bbox 1259 2279 1355 2365; x_wconf 86' lang='lat' dir='ltr'><strong>possit</strong></span> <span class='ocrx_word' id='word_1_91' title='bbox 1378 2300 1440 2341; x_wconf 92' lang='lat' dir='ltr'><strong>non</strong></span> 
     </span>
     <span class='ocr_line' id='line_1_14' title="bbox 439 2396 1442 2482; baseline 0.001 -23"><span class='ocrx_word' id='word_1_92' title='bbox 439 2396 697 2481; x_wconf 87' lang='lat' dir='ltr'><strong>praestantissima</strong></span> <span class='ocrx_word' id='word_1_93' title='bbox 726 2398 879 2463; x_wconf 87' lang='lat' dir='ltr'><strong>memoria.</strong></span> <span class='ocrx_word' id='word_1_94' title='bbox 925 2398 1044 2479; x_wconf 78' lang='lat' dir='ltr'><strong>Quodsi</strong></span> <span class='ocrx_word' id='word_1_95' title='bbox 1071 2399 1147 2463; x_wconf 88' lang='lat' dir='ltr'><strong>forte</strong></span> <span class='ocrx_word' id='word_1_96' title='bbox 1171 2400 1239 2482; x_wconf 93' lang='lat' dir='ltr'><strong>quis</strong></span> <span class='ocrx_word' id='word_1_97' title='bbox 1263 2398 1301 2462; x_wconf 90' lang='lat' dir='ltr'><strong>ad</strong></span> <span class='ocrx_word' id='word_1_98' title='bbox 1324 2404 1442 2462; x_wconf 87' lang='lat' dir='ltr'><strong>senten·</strong></span> 
     </span>
     <span class='ocr_line' id='line_1_15' title="bbox 437 2509 1442 2604; baseline 0.002 -27"><span class='ocrx_word' id='word_1_99' title='bbox 437 2514 512 2577; x_wconf 92' lang='lat' dir='ltr'><strong>tiam</strong></span> <span class='ocrx_word' id='word_1_100' title='bbox 546 2514 671 2580; x_wconf 83' lang='lat' dir='ltr'><strong>Pindari</strong></span> <span class='ocrx_word' id='word_1_101' title='bbox 705 2509 916 2582; x_wconf 83' lang='lat' dir='ltr'><strong>declarandam</strong></span> <span class='ocrx_word' id='word_1_102' title='bbox 952 2540 1059 2604; x_wconf 87' lang='lat' dir='ltr'><strong>parum</strong></span> <span class='ocrx_word' id='word_1_103' title='bbox 1094 2518 1192 2583; x_wconf 88' lang='lat' dir='ltr'><strong>valere</strong></span> <span class='ocrx_word' id='word_1_104' title='bbox 1227 2526 1315 2603; x_wconf 84' lang='lat' dir='ltr'><strong>putet</strong></span> <span class='ocrx_word' id='word_1_105' title='bbox 1345 2518 1442 2602; x_wconf 87' lang='lat' dir='ltr'><strong>ipsius</strong></span> 
     </span>
     <span class='ocr_line' id='line_1_16' title="bbox 438 2635 1443 2723; baseline 0.002 -26"><span class='ocrx_word' id='word_1_106' title='bbox 438 2635 614 2699; x_wconf 88' lang='lat' dir='ltr'><strong>testimonia</strong></span> <span class='ocrx_word' id='word_1_107' title='bbox 641 2635 782 2700; x_wconf 89' lang='lat' dir='ltr'><strong>Pindari:</strong></span> <span class='ocrx_word' id='word_1_108' title='bbox 813 2645 929 2715; x_wconf 85' lang='lat' dir='ltr'><strong>temen,</strong></span> <span class='ocrx_word' id='word_1_109' title='bbox 956 2638 1108 2723; x_wconf 91' lang='lat' dir='ltr'><strong>quomodo</strong></span> <span class='ocrx_word' id='word_1_110' title='bbox 1131 2661 1198 2703; x_wconf 90' lang='lat' dir='ltr'><strong>cum</strong></span> <span class='ocrx_word' id='word_1_111' title='bbox 1222 2636 1355 2702; x_wconf 91' lang='lat' dir='ltr'><strong>Pindaro</strong></span> <span class='ocrx_word' id='word_1_112' title='bbox 1377 2643 1443 2700; x_wconf 87' lang='lat' dir='ltr'><strong>tota</strong></span> 
     </span>
     <span class='ocr_line' id='line_1_17' title="bbox 439 2754 1442 2839; baseline 0.003 -23"><span class='ocrx_word' id='word_1_113' title='bbox 439 2754 605 2839; x_wconf 86' lang='lat' dir='ltr'><strong>antiquitas</strong></span> <span class='ocrx_word' id='word_1_114' title='bbox 632 2756 665 2819; x_wconf 93' lang='lat' dir='ltr'><strong>in</strong></span> <span class='ocrx_word' id='word_1_115' title='bbox 688 2754 842 2821; x_wconf 87' lang='lat' dir='ltr'><strong>laudando</strong></span> <span class='ocrx_word' id='word_1_116' title='bbox 866 2758 986 2822; x_wconf 83' lang='lat' dir='ltr'><strong>Achille</strong></span> <span class='ocrx_word' id='word_1_117' title='bbox 1009 2759 1211 2835; x_wconf 87' lang='lat' dir='ltr'><strong>consenserit,</strong></span> <span class='ocrx_word' id='word_1_118' title='bbox 1236 2764 1327 2821; x_wconf 90' lang='lat' dir='ltr'><strong>testes</strong></span> <span class='ocrx_word' id='word_1_119' title='bbox 1351 2757 1442 2820; x_wconf 88' lang='lat' dir='ltr'><strong>etiam</strong></span> 
     </span>
     <span class='ocr_line' id='line_1_18' title="bbox 438 2872 1441 2962; baseline 0.001 -26"><span class='ocrx_word' id='word_1_120' title='bbox 438 2872 531 2937; x_wconf 83' lang='lat' dir='ltr'><strong>affero</strong></span> <span class='ocrx_word' id='word_1_121' title='bbox 554 2875 746 2959; x_wconf 83' lang='lat' dir='ltr'><strong>gravissimos</strong></span> <span class='ocrx_word' id='word_1_122' title='bbox 770 2876 986 2962; x_wconf 89' lang='lat' dir='ltr'><strong>philosophos,</strong></span> <span class='ocrx_word' id='word_1_123' title='bbox 1009 2876 1166 2941; x_wconf 86' lang='lat' dir='ltr'><strong>Platonem</strong></span> <span class='ocrx_word' id='word_1_124' title='bbox 1183 2885 1214 2940; x_wconf 91' lang='lat' dir='ltr'><strong>et</strong></span> <span class='ocrx_word' id='word_1_125' title='bbox 1230 2875 1441 2939; x_wconf 88' lang='lat' dir='ltr'><strong>Aristotelem:</strong></span> 
     </span>
     <span class='ocr_line' id='line_1_19' title="bbox 439 2992 1445 3076; baseline 0.003 -21"><span class='ocrx_word' id='word_1_126' title='bbox 439 3013 572 3076; x_wconf 90' lang='lat' dir='ltr'><strong>quorum</strong></span> <span class='ocrx_word' id='word_1_127' title='bbox 594 2992 646 3057; x_wconf 91' lang='lat' dir='ltr'><strong>ille</strong></span> <span class='ocrx_word' id='word_1_128' title='bbox 669 3016 738 3058; x_wconf 91' lang='lat' dir='ltr'><strong>eum</strong></span> <span class='ocrx_word' id='word_1_129' title='bbox 763 3018 779 3059; x_wconf 86' lang='lat' dir='ltr'><strong>a</strong></span> <span class='ocrx_word' id='word_1_130' title='bbox 805 2995 870 3059; x_wconf 90' lang='lat' dir='ltr'><strong>Diis</strong></span> <span class='ocrx_word' id='word_1_131' title='bbox 894 2995 1077 3059; x_wconf 90' lang='lat' dir='ltr'><strong>honoratum</strong></span> <span class='ocrx_word' id='word_1_132' title='bbox 1101 3003 1131 3059; x_wconf 91' lang='lat' dir='ltr'><strong>ct</strong></span> <span class='ocrx_word' id='word_1_133' title='bbox 1153 2996 1185 3059; x_wconf 92' lang='lat' dir='ltr'><strong>in</strong></span> <span class='ocrx_word' id='word_1_134' title='bbox 1208 2994 1325 3059; x_wconf 83' lang='lat' dir='ltr'><strong>insulas</strong></span> <span class='ocrx_word' id='word_1_135' title='bbox 1345 2993 1445 3058; x_wconf 81' lang='lat' dir='ltr'><strong>beato</strong></span> 
     </span>
     <span class='ocr_line' id='line_1_20' title="bbox 438 3110 1452 3204; baseline 0.003 -31"><span class='ocrx_word' id='word_1_136' title='bbox 438 3132 509 3174; x_wconf 94' lang='lat' dir='ltr'><strong>rum</strong></span> <span class='ocrx_word' id='word_1_137' title='bbox 539 3110 663 3175; x_wconf 90' lang='lat' dir='ltr'><strong>missum</strong></span> <span class='ocrx_word' id='word_1_138' title='bbox 695 3135 759 3177; x_wconf 92' lang='lat' dir='ltr'><strong>esse</strong></span> <span class='ocrx_word' id='word_1_139' title='bbox 789 3112 880 3192; x_wconf 88' lang='lat' dir='ltr'><strong>dicit,</strong></span> <span class='ocrx_word' id='word_1_140' title='bbox 914 3115 986 3197; x_wconf 90' lang='lat' dir='ltr'><strong>quia</strong></span> <span class='ocrx_word' id='word_1_141' title='bbox 1013 3114 1110 3179; x_wconf 90' lang='lat' dir='ltr'><strong>sciens</strong></span> <span class='ocrx_word' id='word_1_142' title='bbox 1133 3114 1243 3177; x_wconf 87' lang='lat' dir='ltr'><strong>maluit</strong></span> <span class='ocrx_word' id='word_1_143' title='bbox 1265 3115 1328 3198; x_wconf 88' lang='lat' dir='ltr'><strong>ipse</strong></span> <span class='ocrx_word' id='word_1_144' title='bbox 1352 3112 1452 3204; x_wconf 36' lang='lat' dir='ltr'><strong>caede)</strong></span> 
     </span>
     <span class='ocr_line' id='line_1_21' title="bbox 439 3229 1444 3316; baseline 0.001 -22"><span class='ocrx_word' id='word_1_145' title='bbox 439 3229 581 3295; x_wconf 90' lang='lat' dir='ltr'><strong>Hectoris</strong></span> <span class='ocrx_word' id='word_1_146' title='bbox 605 3231 787 3316; x_wconf 88' lang='lat' dir='ltr'><strong>perficienda</strong></span> <span class='ocrx_word' id='word_1_147' title='bbox 810 3241 839 3297; x_wconf 88' lang='lat' dir='ltr'><strong>et</strong></span> <span class='ocrx_word' id='word_1_148' title='bbox 859 3233 955 3297; x_wconf 89' lang='lat' dir='ltr'><strong>amico</strong></span> <span class='ocrx_word' id='word_1_149' title='bbox 974 3233 1149 3298; x_wconf 87' lang='lat' dir='ltr'><strong>ulciscendo</strong></span> <span class='ocrx_word' id='word_1_150' title='bbox 1165 3240 1295 3298; x_wconf 90' lang='lat' dir='ltr'><strong>mortem</strong></span> <span class='ocrx_word' id='word_1_151' title='bbox 1310 3233 1444 3296; x_wconf 89' lang='lat' dir='ltr'><strong>invenire</strong></span> 
     </span>
     <span class='ocr_line' id='line_1_22' title="bbox 441 3351 1443 3438; baseline -0.001 -23"><span class='ocrx_word' id='word_1_152' title='bbox 441 3372 532 3433; x_wconf 88' lang='lat' dir='ltr'><strong>quam</strong></span> <span class='ocrx_word' id='word_1_153' title='bbox 566 3351 723 3437; x_wconf 86' lang='lat' dir='ltr'><strong>negligens</strong></span> <span class='ocrx_word' id='word_1_154' title='bbox 760 3374 794 3416; x_wconf 87' lang='lat' dir='ltr'><strong>ca</strong></span> <span class='ocrx_word' id='word_1_155' title='bbox 828 3353 865 3417; x_wconf 88' lang='lat' dir='ltr'><strong>ad</strong></span> <span class='ocrx_word' id='word_1_156' title='bbox 904 3360 1092 3418; x_wconf 89' lang='lat' dir='ltr'><strong>senectutem</strong></span> <span class='ocrx_word' id='word_1_157' title='bbox 1132 3354 1306 3438; x_wconf 87' lang='lat' dir='ltr'><strong>pervenire:</strong></span> <span class='ocrx_word' id='word_1_158' title='bbox 1342 3351 1443 3437; x_wconf 87' lang='lat' dir='ltr'><strong>Symp.</strong></span> 
     </span>
    </p>
   </div>
   <div class='ocr_carea' id='block_1_3' title="bbox 445 3448 1444 3558">
    <p class='ocr_par' dir='ltr' id='par_1_3' title="bbox 445 3448 1444 3558">
     <span class='ocr_line' id='line_1_23' title="bbox 445 3448 1444 3558; baseline 0.001 -25"><span class='ocrx_word' id='word_1_159' title='bbox 445 3448 505 3534; x_wconf 73' lang='lat'><strong>1&#39;79</strong></span> <span class='ocrx_word' id='word_1_160' title='bbox 538 3470 581 3533; x_wconf 81' lang='lat' dir='ltr'><strong>E:</strong></span> <span class='ocrx_word' id='word_1_161' title='bbox 616 3471 692 3535; x_wconf 89' lang='lat' dir='ltr'><strong>alter</strong></span> <span class='ocrx_word' id='word_1_162' title='bbox 723 3494 792 3535; x_wconf 86' lang='lat' dir='ltr'><strong>vero</strong></span> <span class='ocrx_word' id='word_1_163' title='bbox 826 3473 913 3558; x_wconf 86' lang='lat' dir='ltr'><strong>quasi</strong></span> <span class='ocrx_word' id='word_1_164' title='bbox 945 3472 1026 3537; x_wconf 90' lang='lat' dir='ltr'><strong>hunc</strong></span> <span class='ocrx_word' id='word_1_165' title='bbox 1057 3464 1158 3557; x_wconf 87' lang='lat' dir='ltr'><strong>ipsum</strong></span> <span class='ocrx_word' id='word_1_166' title='bbox 1189 3471 1314 3536; x_wconf 87' lang='lat' dir='ltr'><strong>Pindari</strong></span> <span class='ocrx_word' id='word_1_167' title='bbox 1345 3472 1444 3535; x_wconf 90' lang='lat' dir='ltr'><strong>locum</strong></span> 
     </span>
    </p>
   </div>
   <div class='ocr_carea' id='block_1_4' title="bbox 401 3583 1446 3793">
    <p class='ocr_par' dir='ltr' id='par_1_4' title="bbox 401 3583 1446 3793">
     <span class='ocr_line' id='line_1_24' title="bbox 401 3583 1445 3676; baseline 0 -24"><span class='ocrx_word' id='word_1_168' title='bbox 401 3583 405 3589; x_wconf 70' lang='grc'><strong>’</strong></span> <span class='ocrx_word' id='word_1_169' title='bbox 442 3590 621 3673; x_wconf 82' lang='lat' dir='ltr'><strong>expressisse</strong></span> <span class='ocrx_word' id='word_1_170' title='bbox 652 3590 790 3669; x_wconf 86' lang='lat' dir='ltr'><strong>videtur,</strong></span> <span class='ocrx_word' id='word_1_171' title='bbox 822 3590 962 3656; x_wconf 89' lang='lat' dir='ltr'><strong>Hectoris</strong></span> <span class='ocrx_word' id='word_1_172' title='bbox 990 3599 1021 3654; x_wconf 89' lang='lat' dir='ltr'><strong>et</strong></span> <span class='ocrx_word' id='word_1_173' title='bbox 1044 3590 1138 3676; x_wconf 81' lang='lat' dir='ltr'><strong>Cycni</strong></span> <span class='ocrx_word' id='word_1_174' title='bbox 1162 3590 1284 3654; x_wconf 87' lang='lat' dir='ltr'><strong>caedem</strong></span> <span class='ocrx_word' id='word_1_175' title='bbox 1302 3585 1445 3675; x_wconf 58' lang='lat' dir='ltr'><strong>⁴propriae</strong></span> 
     </span>
     <span class='ocr_line' id='line_1_25' title="bbox 434 3694 1446 3793; baseline 0 -22"><span class='ocrx_word' id='word_1_176' title='bbox 434 3694 526 3788; x_wconf 68' lang='lat' dir='ltr'><strong>&#39;illies</strong></span> <span class='ocrx_word' id='word_1_177' title='bbox 555 3708 668 3793; x_wconf 88' lang='lat' dir='ltr'><strong>gloriae</strong></span> <span class='ocrx_word' id='word_1_178' title='bbox 700 3708 870 3774; x_wconf 89' lang='lat' dir='ltr'><strong>vindicans:</strong></span> <span class='ocrx_word' id='word_1_179' title='bbox 900 3708 1025 3773; x_wconf 86' lang='lat' dir='ltr'><strong>Rhetor.</strong></span> <span class='ocrx_word' id='word_1_180' title='bbox 1049 3709 1084 3773; x_wconf 94' lang='grc' dir='ltr'>Π</span> <span class='ocrx_word' id='word_1_181' title='bbox 1109 3713 1168 3779; x_wconf 64' lang='lat'><strong>22„</strong></span> <span class='ocrx_word' id='word_1_182' title='bbox 1196 3708 1310 3773; x_wconf 83' lang='lat' dir='ltr'><strong>Verum</strong></span> <span class='ocrx_word' id='word_1_183' title='bbox 1334 3708 1446 3772; x_wconf 90' lang='lat' dir='ltr'><strong>idcirco</strong></span> 
     </span>
    </p>
   </div>
   <div class='ocr_carea' id='block_1_5' title="bbox 442 3827 1554 3914">
    <p class='ocr_par' dir='ltr' id='par_1_5' title="bbox 442 3827 1554 3914">
     <span class='ocr_line' id='line_1_26' title="bbox 442 3827 1554 3914; baseline 0.001 -24"><span class='ocrx_word' id='word_1_184' title='bbox 442 3827 580 3892; x_wconf 80' lang='lat' dir='ltr'><strong>Thetidis</strong></span> <span class='ocrx_word' id='word_1_185' title='bbox 618 3850 719 3912; x_wconf 89' lang='lat' dir='ltr'><strong>preces</strong></span> <span class='ocrx_word' id='word_1_186' title='bbox 755 3837 1045 3906; x_wconf 87' lang='lat' dir='ltr'><strong>commemorentur,</strong></span> <span class='ocrx_word' id='word_1_187' title='bbox 1081 3830 1152 3914; x_wconf 93' lang='lat' dir='ltr'><strong>quia</strong></span> <span class='ocrx_word' id='word_1_188' title='bbox 1187 3852 1253 3892; x_wconf 88' lang='lat' dir='ltr'><strong>eam</strong></span> <span class='ocrx_word' id='word_1_189' title='bbox 1287 3828 1446 3913; x_wconf 83' lang='lat' dir='ltr'><strong>insigniter</strong></span> <span class='ocrx_word' id='word_1_190' title='bbox 1552 3841 1554 3845; x_wconf 82' lang='lat'>&#39;</span> 
     </span>
    </p>
   </div>
   <div class='ocr_carea' id='block_1_6' title="bbox 442 3930 1527 4392">
    <p class='ocr_par' dir='ltr' id='par_1_6' title="bbox 442 3930 1527 4392">
     <span class='ocr_line' id='line_1_27' title="bbox 442 3930 1448 4032; baseline 0.002 -22"><span class='ocrx_word' id='word_1_191' title='bbox 442 3947 562 4032; x_wconf 86' lang='lat' dir='ltr'><strong>Jupiter</strong></span> <span class='ocrx_word' id='word_1_192' title='bbox 585 3948 713 4011; x_wconf 86' lang='lat' dir='ltr'><strong>amavit:</strong></span> <span class='ocrx_word' id='word_1_193' title='bbox 738 3930 775 4012; x_wconf 90' lang='lat' dir='ltr'><strong>ab</strong></span> <span class='ocrx_word' id='word_1_194' title='bbox 799 3947 903 4011; x_wconf 89' lang='lat' dir='ltr'><strong>eadem</strong></span> <span class='ocrx_word' id='word_1_195' title='bbox 925 3948 1078 4013; x_wconf 88' lang='lat' dir='ltr'><strong>Homerus</strong></span> <span class='ocrx_word' id='word_1_196' title='bbox 1100 3949 1185 4012; x_wconf 87' lang='lat' dir='ltr'><strong>Jovis</strong></span> <span class='ocrx_word' id='word_1_197' title='bbox 1209 3950 1343 4012; x_wconf 85' lang='lat' dir='ltr'><strong>animum</strong></span> <span class='ocrx_word' id='word_1_198' title='bbox 1367 3948 1448 4012; x_wconf 88' lang='lat' dir='ltr'><strong>flecti</strong></span> 
     </span>
     <span class='ocr_line' id='line_1_28' title="bbox 444 4066 1446 4153; baseline 0 -22"><span class='ocrx_word' id='word_1_199' title='bbox 444 4066 579 4151; x_wconf 86' lang='lat' dir='ltr'><strong>prodidit</strong></span> <span class='ocrx_word' id='word_1_200' title='bbox 604 4076 637 4131; x_wconf 91' lang='lat' dir='ltr'><strong>ut</strong></span> <span class='ocrx_word' id='word_1_201' title='bbox 660 4067 740 4131; x_wconf 92' lang='lat' dir='ltr'><strong>adsit</strong></span> <span class='ocrx_word' id='word_1_202' title='bbox 763 4067 834 4131; x_wconf 86' lang='lat' dir='ltr'><strong>forti</strong></span> <span class='ocrx_word' id='word_1_203' title='bbox 858 4069 922 4153; x_wconf 90' lang='lat' dir='ltr'><strong>ejus</strong></span> <span class='ocrx_word' id='word_1_204' title='bbox 946 4068 1027 4145; x_wconf 88' lang='lat' dir='ltr'><strong>filio,</strong></span> <span class='ocrx_word' id='word_1_205' title='bbox 1051 4068 1089 4133; x_wconf 88' lang='lat' dir='ltr'><strong>Il.</strong></span> <span class='ocrx_word' id='word_1_206' title='bbox 1114 4068 1131 4131; x_wconf 91' lang='lat' dir='ltr'>I</span> <span class='ocrx_word' id='word_1_207' title='bbox 1155 4070 1236 4146; x_wconf 85' lang='lat'>500,</span> <span class='ocrx_word' id='word_1_208' title='bbox 1261 4068 1344 4132; x_wconf 89' lang='lat' dir='ltr'>XIII</span> <span class='ocrx_word' id='word_1_209' title='bbox 1368 4070 1446 4132; x_wconf 83' lang='lat'><strong>350:</strong></span> 
     </span>
     <span class='ocr_line' id='line_1_29' title="bbox 444 4185 1527 4272; baseline 0.001 -23"><span class='ocrx_word' id='word_1_210' title='bbox 444 4194 534 4271; x_wconf 87' lang='lat' dir='ltr'><strong>atque</strong></span> <span class='ocrx_word' id='word_1_211' title='bbox 569 4186 634 4271; x_wconf 91' lang='lat' dir='ltr'><strong>ipso</strong></span> <span class='ocrx_word' id='word_1_212' title='bbox 670 4208 705 4251; x_wconf 89' lang='lat' dir='ltr'><strong>eo</strong></span> <span class='ocrx_word' id='word_1_213' title='bbox 740 4187 824 4265; x_wconf 90' lang='lat' dir='ltr'><strong>loco,</strong></span> <span class='ocrx_word' id='word_1_214' title='bbox 861 4209 922 4272; x_wconf 94' lang='lat' dir='ltr'><strong>quo</strong></span> <span class='ocrx_word' id='word_1_215' title='bbox 957 4188 1052 4251; x_wconf 90' lang='lat' dir='ltr'><strong>iratus</strong></span> <span class='ocrx_word' id='word_1_216' title='bbox 1086 4187 1208 4272; x_wconf 87' lang='lat' dir='ltr'><strong>Jupiter</strong></span> <span class='ocrx_word' id='word_1_217' title='bbox 1242 4185 1356 4251; x_wconf 81' lang='lat' dir='ltr'><strong>Achilli</strong></span> <span class='ocrx_word' id='word_1_218' title='bbox 1383 4193 1445 4263; x_wconf 88' lang='lat' dir='ltr'><strong>est,</strong></span> <span class='ocrx_word' id='word_1_219' title='bbox 1522 4189 1527 4204; x_wconf 73' lang='grc'><em>“</em></span> 
     </span>
     <span class='ocr_line' id='line_1_30' title="bbox 443 4305 1447 4392; baseline 0 -23"><span class='ocrx_word' id='word_1_220' title='bbox 443 4312 600 4391; x_wconf 86' lang='lat' dir='ltr'><strong>propterea</strong></span> <span class='ocrx_word' id='word_1_221' title='bbox 630 4305 713 4392; x_wconf 91' lang='lat' dir='ltr'><strong>quod</strong></span> <span class='ocrx_word' id='word_1_222' title='bbox 743 4306 906 4371; x_wconf 88' lang='lat' dir='ltr'><strong>Hectorem</strong></span> <span class='ocrx_word' id='word_1_223' title='bbox 930 4330 991 4371; x_wconf 90' lang='lat' dir='ltr'><strong>non</strong></span> <span class='ocrx_word' id='word_1_224' title='bbox 1015 4307 1171 4384; x_wconf 88' lang='lat' dir='ltr'><strong>redderet,</strong></span> <span class='ocrx_word' id='word_1_225' title='bbox 1196 4330 1228 4370; x_wconf 93' lang='lat' dir='ltr'><strong>se</strong></span> <span class='ocrx_word' id='word_1_226' title='bbox 1250 4307 1283 4369; x_wconf 88' lang='lat' dir='ltr'><strong>in</strong></span> <span class='ocrx_word' id='word_1_227' title='bbox 1306 4306 1447 4369; x_wconf 88' lang='lat' dir='ltr'><strong>Hectoris</strong></span> 
     </span>
    </p>
   </div>
   <div class='ocr_carea' id='block_1_7' title="bbox 445 4425 1552 4623">
    <p class='ocr_par' dir='ltr' id='par_1_7' title="bbox 445 4425 1552 4623">
     <span class='ocr_line' id='line_1_31' title="bbox 445 4425 1447 4510; baseline 0 -21"><span class='ocrx_word' id='word_1_228' title='bbox 445 4446 569 4510; x_wconf 89' lang='lat' dir='ltr'><strong>corpore</strong></span> <span class='ocrx_word' id='word_1_229' title='bbox 592 4425 738 4489; x_wconf 87' lang='lat' dir='ltr'><strong>servando</strong></span> <span class='ocrx_word' id='word_1_230' title='bbox 762 4425 974 4490; x_wconf 91' lang='lat' dir='ltr'><strong>consulturum</strong></span> <span class='ocrx_word' id='word_1_231' title='bbox 1000 4449 1063 4490; x_wconf 90' lang='lat' dir='ltr'><strong>esse</strong></span> <span class='ocrx_word' id='word_1_232' title='bbox 1087 4426 1216 4490; x_wconf 91' lang='lat' dir='ltr'><strong>Achillis</strong></span> <span class='ocrx_word' id='word_1_233' title='bbox 1232 4426 1341 4489; x_wconf 90' lang='lat' dir='ltr'><strong>honori</strong></span> <span class='ocrx_word' id='word_1_234' title='bbox 1357 4426 1447 4509; x_wconf 87' lang='lat' dir='ltr'><strong>signi·</strong></span> 
     </span>
     <span class='ocr_line' id='line_1_32' title="bbox 445 4543 1552 4623; baseline -0.002 -14"><span class='ocrx_word' id='word_1_235' title='bbox 445 4546 532 4623; x_wconf 85' lang='lat' dir='ltr'><strong>ficet,</strong></span> <span class='ocrx_word' id='word_1_236' title='bbox 564 4567 725 4609; x_wconf 89' lang='lat' dir='ltr'><strong>memorem</strong></span> <span class='ocrx_word' id='word_1_237' title='bbox 757 4545 865 4609; x_wconf 89' lang='lat' dir='ltr'><strong>amoris</strong></span> <span class='ocrx_word' id='word_1_238' title='bbox 896 4543 1050 4623; x_wconf 82' lang='lat' dir='ltr'><strong>Thetidis,</strong></span> <span class='ocrx_word' id='word_1_239' title='bbox 1083 4544 1120 4609; x_wconf 89' lang='lat' dir='ltr'><strong>Il.</strong></span> <span class='ocrx_word' id='word_1_240' title='bbox 1152 4543 1259 4608; x_wconf 86' lang='lat' dir='ltr'>XXIV</span> <span class='ocrx_word' id='word_1_241' title='bbox 1287 4547 1357 4609; x_wconf 90' lang='lat' dir='ltr'><strong>lIl.</strong></span> <span class='ocrx_word' id='word_1_242' title='bbox 1405 4545 1447 4609; x_wconf 95' lang='lat' dir='ltr'><strong>At</strong></span> <span class='ocrx_word' id='word_1_243' title='bbox 1543 4583 1552 4599; x_wconf 55' lang='grc' dir='ltr'><em>ι</em></span> 
     </span>
    </p>
   </div>
   <div class='ocr_carea' id='block_1_8' title="bbox 0 0 1908 5534">
    <p class='ocr_par' dir='ltr' id='par_1_8' title="bbox 0 0 1908 5534">
     <span class='ocr_line' id='line_1_33' title="bbox 0 0 1908 5534; baseline 0 0"><span class='ocrx_word' id='word_1_244' title='bbox 0 0 1908 5534; x_wconf 95' lang='lat' dir='ltr'><strong> </strong></span> 
     </span>
    </p>
   </div>
  </div>
 </body>
</html>
