3767 5534
885 374 950 413 ‘Iton

459 555 531 618 101.
569 552 707 617 Similem
740 554 835 617 Aeaci
858 554 980 619 laudem
1005 554 1161 640 hospitum
1185 558 1354 623 multorum
1379 558 1430 621 ad·

410 681 505 738 ventu
530 672 711 737 celebratam
736 672 890 758 praedicat
914 672 1005 738 Nem.
1029 673 1112 739 VIII
1139 678 1189 740 15.

459 794 531 855 103.
562 795 703 857 Πισᾶται.
735 790 877 855 Fortasse
890 800 1017 878 propter
1029 794 1259 878 cognationem,
1272 817 1309 860 ex
1321 793 1429 882 Opun-

410 911 449 973 tis
473 910 550 995 11ρεί
572 909 635 974 filia
657 911 829 996 repetitam.

459 1032 530 1093 104.
567 1024 618 1093 vla
646 1028 669 1093 δ’
698 1028 848 1107 Ἄκτορος.
884 1028 1075 1094 Menoetium
1106 1030 1230 1115 quidum
1254 1052 1291 1094 ex
1315 1032 1428 1094 Actora

411 1157 441 1215 et
465 1149 661 1212 Damocratia
683 1149 820 1233 Aeginae
844 1148 909 1212 filia
931 1149 1027 1213 fuisse
1049 1150 1175 1214 dicunt:
1200 1150 1252 1215 alii
1275 1149 1427 1235 Aeginam

412 1277 480 1355 post
510 1276 632 1354 partum
670 1272 800 1333 Aeacum
832 1268 942 1332 abiisse
970 1269 1003 1332 in
1026 1268 1218 1333 Thessaliam
1243 1276 1274 1334 et
1296 1277 1427 1354 nuptam

412 1388 516 1451 Actori
551 1387 702 1472 peperisse
734 1386 938 1450 Menoetium:
973 1386 1041 1451 ride
1072 1386 1191 1451 scholia
1224 1393 1337 1451 vetera
1385 1389 1426 1450 At

410 1514 490 1571 certe
520 1506 606 1571 sedes
634 1505 782 1570 Menoetii
805 1504 932 1590 Opunte
955 1506 1037 1570 fuit:
1055 1506 1127 1571 inde
1143 1528 1213 1571 eum
1229 1506 1325 1570 Actor
1340 1512 1426 1570 vocat

411 1625 449 1689 ad
473 1628 719 1710 Argonautarum
744 1625 936 1702 societatem,
962 1635 998 1689 ut
1022 1633 1069 1689 est
1093 1625 1181 1710 apud
1205 1624 1308 1710 Apoll.
1325 1622 1424 1689 Rhoe.

410 1742 427 1807 Ι
459 1746 511 1807 09.
559 1742 699 1806 Adduxit
730 1742 855 1825 quidem
886 1743 984 1807 filium
1014 1743 1191 1808 Patroclum
1218 1742 1366 1807 Phthiam
1386 1740 1423 1806 ad

410 1862 555 1939 Peleum,
587 1860 625 1925 Il.
658 1859 775 1924 XXIII
808 1864 868 1937 85,
900 1860 1007 1946 ibique
1038 1863 1130 1927 etiam
1162 1863 1229 1946 ipse
1257 1860 1319 1925 fuit
1341 1869 1424 1938 tum,

411 2003 508 2065 quum
531 1980 580 2044 hic
605 1980 643 2043 ad
667 1979 783 2044 bellum
807 2001 877 2043 cum
902 1980 1022 2044 Achille
1047 1980 1306 2065 proficisceretur,
1332 1978 1370 2043 Il.
1394 1978 1423 2042 X

317 2172 320 2179 ¹
413 2102 493 2164 766:
525 2098 581 2163 sed
610 2109 713 2162 tamen
744 2098 803 2182 ipsi
834 2099 877 2161 ita
905 2098 992 2162 sedes
1020 2098 1146 2182 Opunte
1168 2098 1298 2175 mansit,
1322 2105 1360 2161 ut
1382 2096 1424 2161 ibi

412 2218 500 2282 etiam
525 2217 582 2280 filii
602 2216 639 2279 ad
659 2239 690 2279 se
710 2216 842 2280 reditum
859 2222 1060 2301 exspectaret:
1078 2214 1117 2279 Il.
1136 2214 1250 2280 XVIII
1266 2216 1347 2279 326:
1363 2215 1424 2279 fere

412 2335 518 2399 eadem
541 2334 706 2398 traduntur
729 2356 746 2397 a
769 2334 933 2416 Strabone,
958 2333 995 2398 L.
1021 2334 1067 2398 IX
1092 2358 1111 2420 p
1135 2337 1219 2412 425,
1244 2332 1327 2398 Alm.
1350 2334 1422 2396 051.

460 2457 533 2518 108.
567 2456 745 2533 Τεύθραντος
769 2453 872 2518 πεδίον.
907 2452 999 2537 Regis
1023 2453 1147 2517 nomine
1170 2453 1254 2537 regio
1278 2452 1426 2536 significa·

411 2581 472 2635 tur.
498 2572 607 2635 Aesch.
632 2569 707 2655 Sup.
733 2574 795 2634 549
821 2571 1000 2649 Τεύθραντος
1023 2569 1101 2635 ἄστυ
1124 2576 1242 2637 Μυσῶν.

460 2691 532 2752 112.
570 2688 700 2752 Achillis
730 2688 876 2751 virtutem
904 2686 1031 2772 Telephi
1055 2689 1205 2773 sanguine
1228 2687 1422 2772 conspicuam

410 2808 517 2871 laudat
541 2808 630 2871 etiam
655 2805 712 2870 Ist.
738 2805 765 2867 V
790 2809 849 2883 52,
874 2804 930 2870 Ist.
953 2805 1036 2869 VIII
1056 2809 1128 2869 109.
1164 2804 1335 2890 Telephum
1350 2804 1427 2868 Her-

411 2926 488 2991 culis
519 2926 617 2990 filium
648 2926 743 2989 fuisse
775 2925 850 2989 dicit
880 2924 1020 3002 Taetaes,
1046 2925 1210 2989 Antehom.
1237 2924 1319 2987 269:
1343 2923 1422 2988 idem

411 3044 486 3114 dicit
506 3044 684 3108 scholiastes
701 3043 844 3121 Pindari,
861 3043 916 3107 sed
932 3043 1084 3107 adscitum
1100 3066 1118 3106 a
1133 3042 1323 3118 Teuthrante
1338 3064 1421 3127 rege,

410 3184 428 3226 a
458 3183 519 3247 quo
543 3161 616 3226 urhs
640 3161 758 3246 Mysiae
780 3184 892 3225 nomen
916 3162 1067 3245 acceperit
1090 3160 1307 3225 Teuthraniae.
1344 3159 1420 3223 uic

391 3279 504 3345 'dorus
528 3280 587 3344 Sic.
612 3278 660 3344 IV
683 3283 724 3343 33
749 3280 847 3343 filium
871 3279 1032 3356 Herculis,
1057 3278 1255 3342 Teuthrantis
1279 3299 1417 3362 generum

410 3409 441 3463 et
469 3420 683 3462 successorem.
731 3397 777 3461 De
801 3398 916 3482 proelio
940 3404 1042 3461 autem
1068 3396 1211 3460 adversus
1234 3395 1325 3460 illum
1349 3393 1418 3460 diffi-

410 3515 525 3579 cillime
548 3538 566 3579 a
581 3515 705 3580 Graecis
726 3522 898 3579 sustentato
914 3516 1067 3578 consentit
1083 3514 1115 3577 in
1131 3512 1253 3578 Achille
1269 3511 1417 3578 laudando

411 3652 481 3698 cum
511 3633 645 3699 Pindaro
677 3633 801 3697 Tnetzes
824 3655 860 3697 eo
883 3633 968 3710 loco,
995 3654 1086 3716 quem
1109 3632 1362 3708 commemoravi,
1386 3630 1417 3693 de

411 3749 553 3815 Patroclo
577 3750 657 3814 silet.

461 3872 531 3932 114.
567 3869 747 3950 Πατρόκλου.
784 3867 862 3931 Cum
887 3868 1025 3952 emphasi
1042 3868 1143 3952 ipsum
1159 3888 1272 3950 nomen
1288 3866 1412 3951 positun

411 3994 457 4052 est
479 4008 534 4072 pro
557 3987 672 4053 ἑαυτοῦ.
1194 4077 1198 4082 Ι

459 4106 531 4171 117.
567 4106 693 4184 μήποτε.
731 4104 868 4168 Achilles
892 4104 975 4189 apud
999 4104 1185 4180 Homerum,
1211 4101 1249 4167 Il.
1268 4101 1346 4167 XVI
1363 4104 1395 4164 at
