3767 5534
906 702 970 764 280

432 927 581 982 amorem,
615 904 814 988 expresserit:
849 902 902 966 sed
934 909 999 967 erat
1032 902 1240 987 Hippodamia
1274 904 1452 968 certaminis

432 1025 618 1110 praemium:
652 1024 684 1088 in
716 1024 754 1088 iis
786 1029 887 1087 autem
918 1023 1038 1102 verbis,
1064 1046 1141 1107 quae
1165 1022 1204 1086 ad
1228 1024 1398 1088 certamina
1422 1032 1454 1087 et

433 1145 575 1209 victorias
605 1145 779 1230 pertinent,
811 1143 886 1207 haee
910 1143 970 1206 tria
993 1150 1124 1227 possunt
1147 1165 1212 1207 esse
1237 1143 1375 1229 objecta,
1401 1142 1454 1207 ad·

433 1266 598 1343 versarius,
623 1265 726 1350 ipsum
749 1271 916 1342 certamen,
942 1263 1122 1349 praemium.
1160 1263 1227 1327 Hoc
1248 1264 1345 1349 igitur
1363 1262 1452 1341 loeo,

433 1408 530 1470 quum
562 1384 687 1448 verbum
711 1384 786 1448 ἑλεῖν
810 1382 950 1447 vincendi
976 1383 1134 1447 notionem
1158 1383 1288 1461 habeat,
1313 1382 1375 1447 duo
1401 1383 1453 1447 ad·

433 1506 551 1569 duntur
582 1504 718 1590 object-a,
752 1502 942 1567 adversarius
971 1511 1001 1566 et
1030 1502 1208 1587 praemium.
1258 1502 1365 1588 ipsum
1391 1525 1452 1567 eer-

434 1633 535 1688 tamen
567 1645 623 1708 pro
655 1622 774 1707 objecto
804 1621 870 1707 ejus
900 1621 985 1685 verbi
1008 1622 1142 1715 ponitur
1161 1621 1244 1707 apud
1268 1620 1453 1706 Sophoclem

433 1742 511 1807 Oed.
537 1741 604 1805 Col.
633 1744 717 1805 1148

610 1860 719 1941 χῶπως
742 1860 796 1937 μὲν
819 1859 900 1936 ἁγὼν
922 1859 1021 1940 ᾑρέθη,
1045 1860 1075 1923 τί
1098 1858 1143 1923 δεῖ
1163 1857 1261 1937 μθτην

615 1986 748 2058 κομτεῖν.
908 2065 914 2070 ..

483 2098 631 2163 Similiter
654 2097 704 2162 Ol.
729 2098 778 2162 IX
805 2100 864 2162 127
891 2096 1041 2177 κρθτησννν
1061 2096 1159 2180 ἔργον,
1185 2107 1216 2161 et
1242 2095 1333 2161 Nem.
1359 2096 1388 2160 X
1413 2100 1456 2161 46

438 2218 578 2299 ε’κρνθτησε
604 2220 739 2298 στρνντθν.
787 2217 933 2302 Aliquam
955 2218 1105 2283 habemus
1128 2218 1161 2281 in
1186 2224 1291 2281 nostro
1316 2239 1457 2282 sermone

439 2338 687 2416 similitudinem,
719 2337 925 2402 adversarium
951 2336 1075 2423 quidem
1101 2337 1160 2401 alio
1185 2337 1292 2415 modo,
1317 2338 1370 2402 sed
1395 2360 1459 2402 cer·

440 2464 542 2522 tamen
577 2466 608 2522 et
644 2457 812 2542 praemium
847 2457 954 2522 eodem
985 2457 1077 2521 modo
1110 2458 1201 2523 verbo
1234 2457 1455 2544 adjungentes,

441 2601 536 2664 quum
569 2578 706 2643 dieamus
737 2601 832 2643 eenen
856 2578 943 2664 strijd
967 2580 1088 2643 winnen
1113 2585 1143 2642 et
1169 2601 1263 2643 eenen
1288 2578 1361 2664 prijs
1385 2578 1460 2643 win-

442 2721 511 2763 nen.
558 2697 664 2762 Latini
686 2721 757 2763 vero
781 2698 889 2763 dicunt
912 2698 1075 2784 profligare
1102 2698 1219 2763 bellum
1243 2706 1273 2763 et
1296 2698 1460 2784 profligare

443 2820 557 2884 hostes

490 2943 563 3004 144.
598 2940 674 3005 τέκε.
710 2939 757 3003 De
780 2946 865 3025 patre
888 2939 947 3004 hoe
963 2940 1031 3004 loeo
1050 2939 1183 3017 dicitnr,
1201 2937 1461 3024 quemadmodum

443 3058 525 3144 apud
550 3058 719 3124 Homerum
742 3058 780 3122 11.
804 3058 852 3121 vl
877 3061 941 3122 154

665 3178 679 3243 ὃ
703 3176 728 3242 δ’
751 3175 810 3259 alpe
831 3183 965 3243 Γλαῦκον
987 3176 1079 3243 τέκεθ’
1104 3177 1179 3261 νὶὸν,

532 3300 627 3380 αὐτὰρ
649 3304 781 3371 Γλαῦκος
804 3299 915 3364 ἔτικτεν
938 3299 1082 3378 ἀμθμνντν
1106 3297 1350 3379 Βελλεροφόντην.

444 3418 533 3482 Conf.
559 3420 638 3497 200,
663 3418 743 3482 XXI
770 3421 847 3496 188,
868 3418 979 3482 XXIV
998 3419 1077 3496 255,
1101 3420 1181 3495 540,
1199 3415 1326 3481 Hesiod.
1343 3414 1461 3499 Theog.

446 3537 525 3616 287,
559 3536 703 3623 Sophoel.
735 3536 813 3601 Oed.
845 3536 911 3601 Col.
950 3540 1054 3616 1108,
1092 3536 1199 3621 Eurip.
1233 3534 1334 3620 Iphig.
1366 3533 1461 3597 Tanr.

446 3659 528 3735 273,
552 3656 659 3743 Eurip.
684 3657 791 3743 Suppl.
820 3659 915 3721 1133.

493 3780 564 3842 145.
600 3780 732 3859 ἄρετννῖσν
755 3777 941 3856 μεμννλθτννς.
981 3776 1068 3858 Quos
1102 3776 1185 3861 ipsae
1215 3776 1344 3839 virtutes
1368 3772 1463 3838 dilex-

444 3905 535 3960 erunt
569 3920 717 3982 carosque
751 3897 936 3962 habueruut.
987 3896 1135 3961 Similiter
1169 3894 1298 3959 Hesiod.
1335 3891 1394 3978 Op.
1432 3899 1464 3957 et

443 4015 482 4079 D.
509 4018 571 4080 231

573 4200 575 4203 .
645 4134 744 4218 θαλίης
767 4136 797 4201 δὲ
820 4135 981 4215 μεμηλθτνν
1004 4137 1078 4216 ἔργα
1103 4133 1247 4211 νέμονται.
1325 4160 1327 4165 ·

444 4256 553 4342 Ipsum
576 4256 693 4335 με’μηλε
717 4256 755 4320 de
779 4278 833 4334 eo,
859 4256 943 4340 quod
967 4278 1059 4321 eurae
1084 4255 1124 4318 sit
1140 4253 1189 4318 vel
1205 4275 1267 4339 quo
1284 4251 1458 4329 oblecteris,

445 4378 588 4461 frequens
612 4385 675 4455 est,
701 4376 787 4441 velut
810 4376 923 4441 ibidem
950 4378 1034 4454 238,
1061 4378 1141 4452 531,
1166 4372 1258 4443 Hom.
1282 4372 1321 4435 11.
1346 4370 1382 4435 ΙΙ
1406 4373 1459 4435 25.

496 4499 569 4563 145.
605 4498 690 4572 νὶνθς.
726 4496 866 4563 Fuerunt
897 4498 928 4563 in
960 4498 998 4563 iis
1031 4498 1162 4574 Atreus,
1193 4493 1359 4579 Thyestes,
1383 4490 1461 4555 Plis-
