3767 5534
1021 710 1086 770 458

542 912 646 970 tamen
669 906 707 970 de
730 929 778 971 re:
803 908 895 971 etiam
920 907 1002 993 apud
1025 908 1212 991 Lucianum,
1237 914 1347 979 Abdic.
1373 918 1416 980 24
1431 918 1469 989 ἀς
1486 942 1560 982 ποιν-

542 1021 673 1088 τάπατιν
706 1023 842 1102 ἀγνωμον
876 1035 975 1097 ποιεῖς.
1023 1028 1122 1092 Aliter
1157 1031 1240 1114 apud
1271 1034 1456 1099 Aeschinem
1487 1036 1558 1101 adr.

542 1140 679 1227 Ctesiph.
711 1142 745 1210 C.
771 1148 812 1208 90
837 1147 877 1210 τά
900 1146 979 1222 ξύλα
1002 1149 1051 1212 καὶ
1074 1151 1141 1221 τοὺς
1163 1150 1256 1222 λίθους
1278 1152 1327 1216 καὶ
1352 1152 1401 1218 τὸν
1425 1154 1556 1237 etlapsa,

541 1260 582 1324 τά
604 1259 713 1345 ἀφανα
734 1264 784 1327 καὶ
806 1266 975 1342 ἀγνώμονα.

587 1383 638 1445 79.
674 1384 839 1461 προμαθεῖν.
876 1382 1000 1469 Quippe
1031 1407 1108 1469 puer
1138 1385 1222 1449 lucta
1252 1393 1341 1451 antea
1370 1388 1555 1473 experiendo

543 1506 741 1583 praeparatur
764 1501 803 1565 cd
825 1501 911 1566 virile
935 1502 1138 1585 pancratium.
1185 1503 1279 1589 soph.
1304 1504 1385 1570 Phil.
1412 1508 1477 1570 538

695 1622 752 1697 ἐγὼ
776 1619 801 1683 δ’
824 1622 942 1701 ἀνάγκρ
965 1621 1128 1699 προάραάον
1150 1624 1280 1702 στέργειν
1304 1624 1403 1699 κακά,
1480 1706 1484 1717 ¹

541 1738 706 1802 necessitas
730 1762 777 1803 me
801 1740 936 1804 exercuit
960 1747 991 1804 et
1014 1740 1156 1805 erudivit.

586 1860 638 1921 83.
672 1854 771 1937 ἀνδρα.
809 1856 949 1922 Fortasse
973 1857 1137 1944 diligenter
1158 1860 1215 1922 hoc
1230 1859 1381 1925 vocabulo
1398 1883 1474 1925 usus
1491 1869 1552 1940 eat,

539 1998 602 2041 non
624 1976 707 2055 τινά,
732 1977 870 2041 intentus
893 1977 1014 2042 futurae
1037 1977 1123 2043 laudi
1147 1978 1367 2057 adolescentia,
1393 2001 1493 2065 quum
1508 1980 1552 2046 vir

541 2095 640 2160 factus
662 2096 750 2162 foret.
797 2096 839 2162 Et
861 2106 965 2163 tamen
989 2098 1077 2162 facile
1099 2098 1133 2163 id
1157 2106 1203 2163 est
1226 2100 1384 2185 argutius:
1408 2100 1448 2165 cl.
1473 2103 1526 2166 96.

586 2217 638 2277 82.
675 2216 849 2296 περαίτερον.
886 2216 985 2281 Valde
1008 2213 1130 2303 proprie
1153 2226 1184 2283 et
1206 2219 1414 2303 significanter
1429 2220 1489 2284 hoc
1504 2241 1553 2283 vo

541 2332 684 2399 cabulnm
707 2334 842 2419 positum
867 2343 929 2413 est,
955 2358 1051 2419 quum
1075 2345 1222 2421 sequatur
1247 2337 1400 2417 προβάοει.
1441 2337 1551 2403 Aeaeh.

541 2450 642 2516 Prom.
668 2455 729 2521 247

698 2577 741 2654 μή
764 2575 820 2639 πού
842 2600 870 2640 τι
894 2574 1021 2655 προῦβκς
1044 2574 1203 2640 adadezer>
1227 2575 1393 2656 περαιτέρω.

588 2695 640 2756 83.
677 2693 829 2773 προβάτει.
864 2693 971 2771 Plato,
1007 2692 1131 2778 Protag.
1168 2695 1232 2757 328
1268 2716 1286 2757 a
1315 2690 1394 2765 derce
1424 2694 1552 2777 διαφέρει

541 2811 724 2890 προβιβάσαι
749 2814 789 2883 εἰς
812 2814 933 2893 ἀρετήν.
959 2812 1014 2899 qui
1037 2812 1148 2876 melius
1172 2832 1263 2896 quam
1287 2812 1381 2877 ceteri
1404 2811 1444 2877 ad
1460 2812 1552 2877 virtu·

538 2938 601 2996 tem
624 2932 788 3017 provehere
801 2932 907 3016 possit.
932 2931 1012 2995 Xen.
1029 2930 1122 2995 Mem.
1140 2930 1176 2994 L.
1194 2930 1262 2994 10.
1280 2930 1348 2994 Vl.
1362 2930 1552 3012 προβιβάζειν

539 3052 579 3122 εἰς
602 3049 787 3129 ε’γκράτειαν.

586 3172 637 3235 87.
673 3171 753 3233 νίκαν
776 3168 959 3247 πριακοοτάν.
994 3167 1070 3232 Erat
1093 3168 1207 3253 quippe
1227 3168 1302 3233 haec
1331 3167 1552 3233 Alcimedontis

541 3288 668 3355 victoria
702 3286 855 3352 tricesima
888 3306 1010 3363 earum,
1045 3307 1121 3369 ques
1153 3293 1381 3370 reportaverant
1412 3284 1554 3371 discipuli

541 3411 694 3476 Melesiae.

585 3534 638 3595 90.
673 3531 851 3604 ἀπεθήκατο.
888 3530 917 3591 Α
933 3549 965 3591 se
977 3525 1150 3603 avertendi,
1164 3524 1287 3590 arcendi
1299 3523 1552 3609 significationem

539 3648 640 3712 habet.
673 3647 762 3712 Oonf.
787 3645 837 3709 01.
861 3644 893 3709 X
916 3647 970 3710 47.
1016 3642 1123 3724 Quum
1146 3651 1251 3708 autem
1274 3640 1501 3718 Alcimedonti‚
1524 3640 1550 3706 ai

539 3766 568 3830 ei
587 3767 719 3851 contigit
743 3773 779 3829 at
801 3764 955 3849 ephedrus
979 3770 1076 3840 esset,
1101 3760 1348 3826 contendendum
1372 3759 1467 3824 faerit
1481 3779 1550 3824 cnm

540 3884 720 3950 adversariis
745 3885 806 3969 jam
831 3881 976 3947 certando
1000 3880 1191 3965 defatigatis,
1216 3902 1264 3943 vas
1289 3881 1331 3941 9ιά
1356 3884 1388 3943 et
1412 3879 1454 3940 88
1478 3876 1552 3941 cela·

543 4004 649 4068 bratur
670 4002 794 4086 Jupiter
817 4008 924 4065 auctor
948 3999 1091 4063 victoriae
1115 4020 1150 4061 ac
1172 3998 1258 4078 τύχα
1281 3997 1428 4075 δαίμονος,
1454 3995 1551 4081 ipsius

542 4143 613 4186 vero
642 4119 843 4185 edolescentis
866 4118 1016 4182 fortitudo
1040 4116 1176 4181 modeste
1200 4116 1359 4192 laudatar,
1384 4136 1442 4179 nec
1463 4112 1551 4199 qnasi

542 4263 653 4325 magno
678 4240 811 4325 quodam
833 4238 935 4303 labore
959 4239 1025 4323 ejus
1044 4237 1143 4322 gloria
1157 4244 1246 4322 parta
1260 4234 1549 4321 praedicatonem

543 4382 613 4424 vero
644 4359 861 4444 ignominiam,
894 4379 972 4441 quae
1003 4356 1083 4420 victo
1114 4356 1240 4431 fuisset,
1272 4354 1325 4419 sed
1356 4375 1450 4439 quam
1478 4373 1549 4416 aae

542 4479 670 4557 avertit,
694 4478 803 4544 aeriter
825 4476 921 4541 Poeta
943 4475 1101 4559 depingit,
1125 4497 1187 4558 quo
1202 4473 1392 4537 luculentius
1407 4476 1549 4557 appareat
