3767 5534
922 728 986 789 295

442 931 499 998 Ist.
530 931 577 996 IV
609 933 649 998 77
681 933 771 1012 ἔρνος,
804 930 895 994 Hom.
929 930 967 993 Il.
996 928 1105 993 XXIV
1129 931 1194 994 474
1225 927 1295 1010 ὀζος.
1343 929 1458 994 Similis

441 1051 621 1138 metaphora
650 1060 697 1116 eat
727 1052 820 1136 hujus
844 1050 987 1114 carminis
1011 1072 1044 1113 vs
1069 1052 1110 1112 82
1134 1048 1303 1129 σπέρματος
1327 1048 1406 1130 ὀθζαν
1428 1058 1459 1114 et

442 1171 499 1257 Py.
522 1170 569 1236 IV
593 1173 635 1233 26
657 1170 769 1235 οόοτέοιν
791 1168 879 1252 ρ’θζαν.
920 1151 1163 1253 Τοηιθιιοόἰτρὶο
1187 1168 1459 1253 significationem,

441 1312 522 1375 quae
543 1290 577 1358 iu
599 1290 638 1354 iis
661 1289 818 1354 vocabulis
842 1296 905 1367 est,
931 1287 969 1351 ab
984 1287 1078 1353 οὶότοο
1094 1286 1217 1351 nomine
1234 1287 1339 1353 abessa
1355 1288 1458 1352 oredo.

441 1408 526 1493 Ihgo
548 1409 664 1474 retineo
687 1408 804 1473 decoris
830 1406 1095 1492 significationem.

491 1530 541 1596 la.
574 1528 727 1609 ὀρθόπολιν.
763 1525 801 1590 In
831 1525 948 1590 scholio
981 1533 1081 1589 vetere
1104 1523 1153 1589 τὸν
1175 1525 1309 1605 ὀρθοῦντα
1331 1526 1380 1590 καὶ
1405 1525 1459 1590 τώ-

439 1644 528 1726 ζοντα
556 1646 613 1719 τοὶς
643 1647 760 1728 πόλεις,
791 1648 828 1717 ὥς
860 1646 1042 1726 ἐρυσίπτολιν
1072 1642 1122 1708 καὶ
1145 1642 1312 1725 ταζόιτολιν.
1359 1644 1400 1708 Et
1423 1645 1455 1709 in

440 1764 538 1829 altero
561 1765 578 1841 ἢ
601 1765 674 1846 ὀρθόν
697 1768 726 1830 ἐν
748 1775 786 1845 τῇ
809 1764 910 1845 πόλει,
935 1766 953 1840 ἢ
977 1765 1053 1844 ὀρθόρν
1077 1764 1162 1830 τόλιν
1181 1763 1301 1845 ἔχοντα.
1338 1764 1457 1828 Postre-

439 1906 521 1949 mam
553 1884 806 1970 significationem
836 1885 919 1947 voois
952 1877 1137 1968 etymologia
1163 1883 1316 1968 postulat:
1342 1884 1393 1948 cui
1417 1884 1457 1948 sit

440 2004 503 2083 ὀρθὴ
526 2006 543 2081 ἡ
567 2004 661 2075 πόλις.
697 2002 845 2067 Similiter
867 2002 1048 2084 ὀρθόβονοιος,
1073 2003 1128 2087 qui
1152 2011 1199 2067 est
1221 2002 1298 2067 recti
1320 2002 1458 2081 consilii,

439 2122 614 2203 ὀρθοὲθειρος,
645 2120 777 2203 vallona,
810 2122 879 2186 alia.
927 2122 1130 2200 Karstenius,
1155 2122 1284 2187 activam
1309 2121 1459 2206 significa·

439 2241 555 2305 tionem
585 2242 819 2320 commendans,
852 2249 889 2306 ut
917 2243 957 2305 sit
986 2249 1084 2305 stator
1107 2242 1210 2319 urbis,
1236 2242 1323 2306 affert
1345 2241 1457 2307 Aesch.

439 2358 570 2424 Flumen.
604 2362 686 2438 962,
717 2382 778 2445 quo
802 2360 870 2424 loco
894 2359 1082 2425 Eumenides
1106 2360 1303 2447 appellantur
1325 2360 1458 2438 δαίμονες

438 2479 594 2561 ὀρθονθαοι,
627 2477 721 2562 idque
748 2501 813 2543 esse
836 2478 912 2542 dicit
935 2478 1039 2563 logum
1063 2479 1209 2557 tutrices,
1234 2487 1264 2543 et
1287 2486 1388 2543 tamen
1414 2479 1459 2544 ibi

436 2618 502 2660 non
531 2597 563 2660 in
594 2597 686 2679 ὀρθός,
718 2597 826 2661 sedin
851 2598 934 2673 νόμος
959 2598 1090 2661 activam
1114 2598 1368 2682 significationem
1392 2619 1457 2661 esse

437 2714 546 2794 credo,
571 2726 607 2780 ut
630 2717 672 2780 sit
694 2724 776 2781 recte
798 2717 1002 2781 moderantes.
1049 2716 1234 2795 Κοοαθτιολις
1258 2739 1347 2795 vcro,
1373 2716 1455 2801 quod

438 2856 550 2898 nomen
579 2834 673 2898 fuisse
696 2844 845 2899 memorat
869 2837 1016 2921 principis
1039 2837 1071 2901 iu
1094 2835 1264 2901 Locrorum
1288 2835 1458 2923 Epizephy-

435 2952 555 3017 riorum
585 2954 709 3018 civitate
739 2954 952 3039 magistratus,
986 2955 1075 3019 aliam
1110 2955 1203 3021 habet
1227 2956 1456 3041 compositionis

434 3073 605 3151 rationem,
637 3072 749 3156 idque,
782 3075 808 3137 si
838 3096 908 3138 oum
940 3075 1084 3155 ὀρθότολις
1108 3076 1303 3154 conveniret,
1327 3074 1458 3140 debebat

435 3213 502 3259 eoae
524 3190 721 3268 mardasan.
762 3192 803 3255 Et
825 3193 926 3269 κόσμοι
950 3192 1033 3278 apud
1058 3192 1215 3257 Cretenses
1240 3192 1334 3257 iidem
1356 3194 1455 3271 fuere,

435 3311 492 3396 qui
526 3310 619 3394 ἔφοροι
655 3310 739 3395 apud
773 3309 950 3395 Spartanos.
998 3310 1079 3377 Cum
1114 3334 1149 3376 ea
1183 3312 1454 3397 interpretatione,

433 3452 528 3515 quam
552 3429 680 3507 suadeo,
706 3430 799 3494 etiam
823 3431 968 3493 convenit
992 3430 1046 3515 Py.
1073 3429 1156 3494 VIII
1176 3432 1217 3493 31
1239 3431 1453 3504 οὶδικαιόττολις

432 3552 536 3626 νᾶσος,
554 3548 687 3633 Aegina,
705 3548 820 3614 habens
836 3549 992 3613 civitatem
1012 3548 1170 3613 florentem
1184 3550 1313 3634 justitia.
1339 3549 1454 3614 Tamen

433 3665 638 3752 etymologiae
654 3689 716 3730 non
734 3666 833 3730 omnis
850 3667 1064 3751 interpretatio
1077 3666 1268 3753 subjicienda
1279 3674 1334 3732 est.
1358 3668 1456 3734 Velut

432 3785 489 3870 Py.
516 3783 596 3848 VIII
619 3788 638 3847 2
663 3786 795 3866 Ἃονχιά
818 3784 933 3849 dicitur
956 3789 1186 3868 μενιοτόντολις,
1209 3786 1292 3869 quod
1315 3809 1387 3851 sane
1409 3796 1455 3852 est

433 3903 550 3974 activae
573 3904 818 3987 significationis,
848 3927 926 3989 quae
951 3904 1128 3969 civitatibus
1148 3906 1393 3989 magnitudinem
1414 3907 1455 3970 ef·

432 4022 527 4088 ficiat.
562 4020 635 4085 Non
659 4023 756 4106 igitur
780 4046 900 4108 pugno,
926 4025 952 4087 si
977 4024 1046 4110 quis
1070 4023 1219 4089 hocloco
1242 4023 1385 4104 ὀρθόπολιν
1408 4048 1454 4089 ac-

433 4142 498 4211 tivo
527 4140 756 4225 interpretetur.
802 4142 917 4206 Tamen
949 4143 1066 4206 retineo
1090 4165 1156 4207 eam
1180 4143 1452 4227 significationem,

435 4281 530 4344 quam
561 4260 661 4343 posui.
709 4258 791 4323 Nam
820 4259 899 4324 dixit
926 4262 991 4345 jam
1023 4260 1118 4325 Poeta
1146 4260 1318 4325 Theroncm
1346 4262 1453 4342 ἔρεισμ’

435 4377 653 4457 Ἀκράγαντος,
679 4377 798 4441 addidit
821 4378 963 4463 deinceps
988 4379 1093 4443 laudes
1116 4382 1268 4465 majorum
1290 4382 1376 4465 ejm,
1401 4380 1452 4444 ad-

433 4496 504 4582 jicit
526 4518 608 4560 nuno
632 4505 787 4581 praeterea
811 4496 933 4561 laudem
959 4505 989 4561 et
1012 4497 1189 4564 felicitatem
1214 4499 1355 4563 civitatis.
