3767 5534
932 729 972 786 49

435 928 503 1012 git:
518 926 543 1010 ¹)
566 925 768 989 Aristomenis
791 925 932 989 eximiam
955 925 1133 990 felicitatem
1159 925 1334 1011 praedicat,
1362 946 1458 1009 quum

434 1046 496 1123 iis,
528 1066 606 1129 quos
637 1045 777 1122 vicisset,
808 1066 871 1108 non
902 1045 1016 1130 pariter
1045 1045 1083 1108 ad
1107 1053 1235 1109 matrem
1259 1043 1459 1108 venientibus

438 1164 544 1227 dulcis
573 1164 655 1227 risus
685 1163 831 1227 excitaret
861 1161 990 1247 gaudia:
1005 1160 1029 1246 ⁹)
1059 1162 1296 1247 Agesidamum,
1322 1162 1458 1246 pugilem

439 1282 590 1346 victorem
610 1280 790 1367 Olympiae,
815 1282 883 1345 vult
905 1280 983 1345 ferre
1006 1282 1137 1366 gratiam
1160 1280 1242 1359 Ilae,
1263 1279 1460 1364 quemadmo-

439 1401 521 1466 dum
535 1400 650 1465 tulerat
665 1400 781 1465 Achilli
795 1400 967 1466 Patroclus.
983 1401 1007 1485 ³)
1030 1400 1153 1465 Laudat
1168 1400 1427 1485 hospitalitatem,
1437 1400 1462 1483 4)

440 1541 612 1604 congruam
644 1541 717 1583 saue
746 1520 945 1584 victoriarum
976 1519 1220 1604 magnificentiae
1252 1525 1282 1582 et
1308 1517 1461 1594 laetitiae,

442 1638 576 1723 ipsaque
607 1637 818 1703 conviviorum
848 1639 979 1704 candida
1002 1638 1124 1724 gaudia.
1138 1639 1164 1723 ὓ)
1210 1637 1347 1701 Multum
1372 1636 1463 1700 etiam

441 1756 605 1821 Melcsiam
630 1764 794 1837 memorat,
818 1758 976 1823 doctorem
999 1759 1182 1844 palaestrae,
1206 1777 1380 1840 nomenque
1404 1777 1464 1819 ma

443 1875 554 1960 gistri,
579 1874 804 1959 discipulorum
828 1883 973 1940 ornatum
995 1875 1148 1952 victoriis,
1174 1880 1281 1960 poetae
1305 1895 1378 1937 voce
1398 1894 1465 1958 pro·

445 2002 599 2078 pagatnm
615 1993 716 2058 estad
732 1995 952 2079 posteritatem.
965 1996 991 2079 6)
1015 1992 1170 2058 Arcesilae
1187 1991 1358 2078 Cyrenaeo,
1376 1992 1464 2076 cujus

445 2111 559 2196 auriga
570 2110 740 2176 Oarrhotus
751 2113 910 2177 victoriam
922 2120 1146 2197 reportaverat,
1159 2110 1301 2188 mandat,
1316 2116 1351 2173 ut
1363 2109 1464 2173 Deum

445 2229 576 2314 quidem
603 2239 780 2309 veneretur,
805 2230 992 2295 Carrhotum
1014 2253 1086 2295 vero
1109 2236 1190 2293 amet
1213 2252 1306 2314 supra
1331 2227 1465 2312 reliquos

446 2347 580 2412 sodales.
593 2348 620 2434 ⁷)
652 2349 854 2435 Hippooleam
877 2374 965 2429 ver0,
990 2352 1090 2436 ipsum
1115 2350 1277 2426 victorem,
1294 2348 1392 2412 filium
1409 2348 1468 2412 vic·

450 2467 550 2545 toris,
582 2490 687 2532 earnm
717 2467 863 2548 laudum,
895 2492 972 2554 quas
996 2468 1123 2533 mortale
1146 2490 1244 2553 genus
1268 2466 1466 2551 attingimus,

449 2585 631 2671 pervenisse
661 2587 744 2651 canit
774 2587 813 2652 ad
844 2610 969 2652 cursum
1000 2595 1179 2651 extremum.
1193 2587 1218 2671 8)
1271 2584 1468 2649 Psaumidem

453 2701 708 2781 Camariuaeum‚
726 2705 780 2790 qui
795 2713 948 2771 recentem
964 2705 1068 2769 sedem
1081 2712 1260 2790 patremque
1272 2725 1363 2768 suum
1376 2706 1469 2765 Acro·

448 2843 526 2886 nem
554 2820 651 2886 victor
681 2823 854 2902 nunciavit,
887 2832 917 2888 et
947 2823 1094 2889 laudibus
1126 2822 1237 2887 extulit
1267 2830 1298 2885 et
1324 2819 1466 2907 precibus
1502 2893 1506 2897 ,

449 2947 636 3024 prosecutus
667 2949 729 3019 est,
763 2951 799 3006 ut
829 2943 895 3028 ipse
925 2944 1017 3008 etiam
1045 2965 1137 3007 senex
1160 2940 1372 3027 praesentibus
1395 2939 1467 3004 filiis

451 3079 606 3121 summam
630 3059 782 3124 humanae
806 3060 961 3125 felicitatis
985 3069 1165 3147 capesseret.
1178 3063 1204 3145 9)

502 3174 619 3240 Verum
643 3184 764 3263 oportet
787 3179 933 3244 eximium
958 3180 1114 3264 quoddam
1130 3179 1223 3265 hujus
1239 3179 1357 3265 generis
1374 3201 1472 3245 exem-

457 3293 547 3380 plum
568 3317 632 3359 non
655 3299 913 3381 praetermittere,
938 3301 1004 3385 ejus
1028 3300 1187 3378 carminis,
1216 3320 1277 3382 quo
1300 3298 1474 3383 Thrasybu-

456 3414 525 3478 lum
540 3402 683 3494 donavit,
700 3416 823 3481 victoris
839 3418 1022 3484 Xenocratis
1038 3418 1137 3483 filium
1151 3418 1185 3482 in
1196 3417 1316 3504 Pythiis
1327 3418 1473 3481 victorem

457 3532 561 3597 curuli
591 3534 773 3613 certamine,
797 3537 988 3621 praeclarum
1008 3538 1152 3623 juvenem
1177 3545 1208 3601 et
1231 3536 1380 3621 singulari
1403 3556 1474 3619 erga

459 3658 579 3737 patrem
609 3653 723 3738 pietate
750 3656 963 3741 conspicuum.
1008 3656 1084 3721 Erat
1107 3658 1173 3741 ejus
1197 3664 1327 3740 patruus
1350 3676 1474 3738 quoque

458 3769 560 3834 Thero
593 3772 719 3836 victoria
741 3773 852 3839 clarus.
888 3775 1054 3861 Comparat
1077 3798 1148 3840 eum
1171 3774 1267 3839 Poeta
1289 3796 1360 3837 cum
1383 3774 1474 3838 heroe

459 3887 646 3967 Antilocho,
676 3892 755 3974 „qni
785 3914 840 3976 pro
871 3900 958 3977 patre
989 3891 1121 3957 Nestore
1153 3892 1354 3970 occubuerat,
1387 3891 1475 3956 vehe-

459 4013 593 4072 mentem
617 4009 771 4073 sustinens
795 4009 904 4075 ducem
928 4010 1118 4097 Aethiopum
1137 4011 1348 4076 Memnonem:
1366 4009 1476 4074 Nesto·

458 4125 501 4188 ris
532 4124 613 4189 enim
644 4148 769 4192 currum
803 4151 901 4214 equus
931 4129 1110 4215 impedivit,
1142 4129 1264 4194 Paridis
1295 4128 1475 4193 vulneratus

494 4324 518 4386 1)
534 4326 600 4376 tvm.
618 4326 664 4376 rr.
683 4328 707 4376 a.
807 4328 831 4389 a)
848 4328 891 4394 ry.
914 4331 989 4380 vin.
1007 4330 1065 4380 rai.
1165 4329 1189 4390 a)
1209 4328 1245 4379 oi.
1263 4329 1292 4379 r.
1312 4327 1352 4378 21.

492 4421 518 4480 a)
539 4420 574 4470 ov.
594 4421 633 4472 n.
652 4419 707 4473 lvo.
805 4424 830 4485 a)
848 4424 885 4474 ov.
903 4425 926 4474 r.
945 4423 985 4475 17.
1057 4425 1081 4487 a)
1093 4425 1131 4475 ov.
1147 4424 1223 4475 vrri.
1236 4423 1275 4475 u.
1287 4424 1352 4473 aem.
1365 4423 1475 4474 ruisi.

493 4513 683 4582 omum
805 4518 995 4586 amum
1161 4518 1415 4581 amram

1325 4618 1344 4672 4
