3767 5534
740 586 745 597 “
863 618 926 678 eoa

388 842 479 906 quam
511 820 602 884 modo
637 820 727 883 Poeta
755 820 850 898 dixit,
884 839 946 905 qua
977 819 1047 904 quis
1071 826 1200 883 conetur
1222 816 1406 881 tortioribus

389 938 559 1002 adversari:
593 939 650 1002 hac
682 939 794 1023 pariter
823 937 1029 1014 Molionidae,
1063 927 1207 1001 Herculis
1241 934 1409 999 exercitum

391 1057 491 1122 delere
523 1058 608 1135 ausi,
641 1058 810 1142 perierant:
851 1056 906 1120 hac
938 1062 1111 1143 postremus
1145 1058 1268 1140 Augeae
1299 1052 1409 1138 periit,

388 1176 487 1240 eidem
513 1176 576 1239 viro
600 1174 788 1239 adversatus.
814 1175 854 1237 ut
881 1197 967 1252 vero,
994 1196 1070 1258 quae
1091 1173 1242 1258 posterior
1257 1170 1409 1235 occisione

392 1293 633 1357 Molionidarum
664 1294 739 1370 fuit,
764 1292 868 1357 eadem
893 1300 1047 1376 postrema
1071 1291 1163 1376 hujus
1187 1290 1313 1375 quidem
1337 1288 1410 1353 belli

389 1411 491 1475 clades
516 1411 593 1488 fuit,
617 1420 648 1475 et
672 1411 755 1488 hoc,v
772 1410 828 1494 qui
851 1410 1003 1487 restabat,
1029 1410 1116 1473 hoste
1141 1408 1280 1484 devicto,
1295 1406 1412 1471 Hercu·

389 1530 433 1594 lea
457 1529 569 1592 festum
593 1528 739 1592 instituit.

435 1651 488 1711 49.
524 1647 645 1718 οὶοιώσιος
669 1647 811 1717 αντήσας.
850 1646 962 1710 Aesch.
986 1645 1062 1730 Sup.
1086 1648 1129 1711 86

625 1764 731 1843 οὶνρίας
757 1764 829 1835 ciale
854 1765 1035 1839 ἀντήσαντες
1058 1762 1173 1829 ὄλοιντο.

419 1881 529 1966 ·Sopb.
554 1880 631 1946 Oed.
657 1881 731 1946 Colo
753 1884 836 1945 1445
861 1883 986 1957 αντῆσαι
1010 1887 1115 1948 κακῶν.

436 2002 488 2064 51.
525 2001 553 2064 ἐν
576 1998 664 2076 Πίσα.
702 1999 866 2085 Conjuugo
890 2023 959 2065 cum
984 2002 1150 2079 σταθμᾶτο.

437 2120 489 2181 53.
524 2117 626 2188 ἄλσος.
662 2117 738 2182 Fere
760 2118 866 2182 lucum
889 2118 1059 2202 significare
1083 2117 1180 2195 solet,
1197 2118 1249 2183 sed
1268 2119 1409 2185 hocloco

364 2245 513 2301 tantum
538 2236 640 2301 locum
665 2258 803 2314 sacrum,
828 2235 1032 2327 quiquidem
1057 2237 1148 2300 etiam
1176 2247 1241 2300 tum
1267 2245 1332 2301 erat
1358 2259 1414 2301 nu-

393 2354 451 2418 dus
476 2354 653 2419 arboribus:
679 2354 761 2438 quod
787 2354 910 2438 quidem
933 2355 1068 2418 tenuisse
1087 2354 1272 2432 Pindarum,
1289 2337 1415 2439 apparet

367 2466 478 2549 mox,
511 2475 542 2536 ἐν
564 2473 687 2552 amaru.
735 2472 823 2536 Idem
846 2473 1000 2558 copiosius
1027 2473 1171 2558 proponit
1195 2472 1245 2560 Ol.
1271 2473 1407 2553 11140,

393 2600 424 2654 et
458 2599 565 2675 postea
596 2590 717 2655 arborea
747 2613 784 2655 eo
816 2591 853 2655 ab
878 2590 1013 2655 Hercule
1037 2598 1173 2676 portatas
1198 2614 1272 2655 esse.
1319 2590 1409 2655 Cous.

394 2709 552 2774 annotatio
583 2707 621 2772 ad
653 2708 703 2772 Ol.
734 2707 779 2771 VI
810 2711 863 2773 39.
909 2709 1029 2773 Ibidem
1058 2708 1165 2773 similis
1191 2731 1266 2773 usus
1290 2719 1338 2774 est
1359 2710 1409 2775 ad·

390 2827 496 2913 jectivi
517 2826 627 2907 ζαθεος.

439 2949 491 3010 55.
522 2945 640 3011 Ἄλτιν.
676 2946 842 3009 Pausanias
870 2946 907 3009 L.
933 2945 961 3005 V
993 2945 1028 3009 C.
1054 2945 1084 3008 Χ
1111 2947 1125 3009 l
1151 2948 1184 3011 τὸ
1208 2946 1239 3010 δὲ
1262 2945 1355 3017 ἄλσος
1376 2946 1410 3011 a

394 3064 463 3143 ἱερὸν
487 3070 536 3127 τοῦ
560 3062 628 3133 Διὸς
652 3063 906 3142 παραποιήσαντες
929 3064 962 3128 τὸ
986 3063 1076 3140 ὄνομα
1094 3062 1204 3127 Ἄλτιν
1226 3064 1259 3127 ἐκ
1284 3067 1411 3127 παλαιοῦ

395 3187 532 3258 καλοῦσι,
555 3182 604 3246 οιαὶ
628 3182 661 3253 δὴ
684 3181 732 3245 καὶ
755 3181 884 3262 Πινδάρῳ
907 3183 1058 3256 ’ποιήσαντι
1083 3184 1111 3252 ἐς
1135 3180 1225 3261 ἄνδρα
1249 3182 1411 3259 Ὀλυμπιο·

395 3300 472 3375 νίκαν
502 3298 589 3383 ᾆσμα
613 3300 721 3372 ’Ἄλπις
752 3301 959 3377 ἐπωνόμασται
987 3301 1019 3365 τὸ
1042 3301 1154 3381 χωρίον.
1202 3301 1248 3364 De
1273 3299 1411 3365 vocabuli

396 3418 580 3502 etymologia
610 3418 690 3482 conf.
723 3419 882 3482 annotatio
913 3419 1020 3482 critica
1051 3418 1089 3482 ad
1118 3418 1169 3483 Ol.
1194 3418 1247 3482 ΙΙΙ
1271 3421 1324 3482 30.
1370 3419 1411 3481 At

396 3558 579 3620 quamquam
611 3536 701 3606 ἄλσος
734 3542 764 3599 et
787 3534 873 3607 ἔροτις
897 3537 1067 3600 communis
1092 3536 1218 3620 originis
1242 3558 1300 3600 nec
1323 3535 1408 3600 ‹lissi-

397 3654 478 3718 milis
501 3655 730 3737 significationis
754 3677 818 3718 esse
843 3654 1021 3732 videantur,
1046 3656 1254 3720 ta’menl'acile
1271 3655 1410 3719 hocloco

397 3772 478 3834 iuter
507 3793 539 3833 se
569 3771 821 3857 distinguuntur,
854 3795 909 3836 nee
940 3773 1092 3837 Pindarus
1120 3773 1336 3857 etymologiam
1361 3772 1411 3836 sed

399 3910 513 3952 morem
545 3901 669 3953 secutus
701 3899 762 3967 est,
796 3913 858 3975 quo
881 3891 963 3954 Altis
987 3892 1109 3956 nomine
1133 3892 1256 3976 proprio
1280 3892 1333 3954 ille
1356 3900 1412 3955 ter·

400 4005 533 4069 minatus
556 4007 641 4070 Jovis
665 4007 753 4071 lucus
769 4008 895 4072 Pisaeus
911 4009 1131 4093 appellabatur.
1168 4008 1312 4073 Ceterum
1332 4009 1410 4073 Altis

401 4124 555 4188 continuit
586 4133 651 4189 tum
683 4126 744 4190 alia
773 4134 841 4190 turn
871 4128 1097 4191 sanctissimum
1127 4126 1213 4190 Jovis
1243 4127 1410 4212 templum:

401 4247 492 4325 atque
510 4242 645 4307 hocloco
658 4244 784 4308 Pindari
795 4245 920 4309 omnino
933 4246 992 4309 tria
1003 4246 1230 4329 significantur,
1243 4246 1340 4309 totins
1353 4245 1409 4308 loci

402 4361 605 4437 consecratio,
637 4360 719 4424 Altis
742 4362 933 4440 terminatio,
959 4362 1200 4446 circumjacentis
1224 4362 1324 4447 campi
1347 4361 1400 4427 des
