3767 5534
905 723 970 787 475

437 925 545 1004 tentia,
568 926 629 992 otte
651 949 690 1003 ys
711 925 746 991 τὸ
769 924 912 1006 repuleras
935 926 971 996 ὥς
995 922 1047 988 decl
1071 924 1141 995 θεοῖς
1165 922 1326 1002 πολεμοῦσί
1345 922 1443 989 cesai

435 1044 650 1122 ἐπιβουλεύοντι
674 1044 723 1109 καὶ
746 1042 911 1123 μάχονται.
959 1042 1004 1105 De
1028 1041 1104 1127 Bep.
1129 1040 1163 1105 ΙΙ
1187 1064 1217 1126 p.
1243 1043 1318 1107 878.
1447 1065 1449 1070 ·

479 1164 532 1227 62.
566 1161 661 1243 φέροις
683 1162 723 1227 δὲ.
758 1160 852 1225 Redit
874 1160 912 1224 ad
935 1159 1042 1224 laudea
1066 1158 1202 1244 Opuntis
1225 1165 1256 1223 et
1279 1160 1344 1245 ejus
1368 1157 1445 1224 anti·

433 1282 584 1366 quitatem
605 1280 756 1345 celebrare
778 1279 929 1356 instituit,
950 1278 1097 1342 continuo
1118 1278 1274 1363 appellans
1291 1300 1356 1343 eam
1373 1277 1446 1341 Pro·

434 1399 575 1485 tegentes
601 1398 726 1466 urbem:
751 1399 868 1484 quippe
891 1397 1076 1481 Protogenia
1099 1397 1296 1462 Deucalionis
1320 1406 1351 1463 et
1373 1397 1446 1483 Pyr·

432 1517 506 1584 rhae
535 1518 598 1583 filia
626 1518 706 1596 fuit,
731 1524 768 1581 ut
790 1524 897 1582 narrat
918 1516 1127 1602 Apollodorus
1149 1514 1186 1580 L.
1211 1515 1227 1580 I
1251 1515 1286 1581 Ο.
1309 1515 1391 1580 VII:
1416 1523 1447 1581 et

433 1644 566 1703 testatur
580 1638 745 1702 scholiasta
760 1644 849 1717 retus
867 1636 905 1699 ad
921 1658 955 1699 vs
976 1638 1032 1713 64,
1049 1657 1186 1700 narrasse
1202 1635 1348 1714 eundem,
1362 1636 1446 1701 illam

432 1755 465 1820 in
495 1756 620 1841 regione
650 1754 883 1840 Opuntiorum,
915 1776 1024 1839 nempe
1054 1753 1147 1839 Cyni,
1179 1753 1338 1819 educatam
1370 1776 1445 1820 esse.

479 1876 532 1939 64.
567 1870 612 1940 ἵν’.
647 1872 823 1939 Secundum
855 1872 1055 1951 Strabonem,
1086 1870 1125 1936 L.
1156 1871 1204 1936 IX
1235 1895 1265 1957 p.
1298 1874 1381 1951 425,
1412 1873 1444 1937 in

432 1990 568 2056 editione
599 1991 803 2056 Almelovenii
829 2014 860 2076 p.
886 1993 970 2069 651,
994 1997 1042 2068 et,
1068 1997 1104 2054 ut
1127 1997 1258 2055 testatur
1280 1990 1446 2055 scholiasta

432 2116 520 2173 vetus
543 2108 582 2173 ad
603 2109 686 2173 hune
704 2110 821 2188 locum,
844 2108 1013 2173 secundum
1033 2108 1275 2194 Apollodorum,
1296 2131 1358 2173 non
1377 2110 1446 2195 ipsa

432 2224 575 2311 Opunte,
592 2227 646 2292 sed
662 2226 742 2312 Cyni
757 2227 860 2292 sedem
876 2249 1005 2313 posuere
1021 2249 1105 2292 suam
1123 2227 1324 2312 Protogeniae
1340 2225 1447 2313 pareri-

435 2350 481 2407 tes
513 2344 684 2408 Deucalion
707 2351 738 2409 et
760 2344 891 2430 Pyrrha:
917 2367 1019 2409 verum
1043 2345 1122 2423 fnit,
1147 2352 1183 2409 ut
1205 2345 1319 2410 ibidem
1343 2354 1447 2410 monet

436 2460 562 2539 Strabo,
594 2461 698 2547 Gynus
729 2472 761 2529 et
790 2464 878 2529 valde
910 2464 1009 2529 vicina
1034 2463 1155 2550 Opunti
1179 2471 1209 2529 et
1232 2466 1296 2551 ejus
1319 2472 1444 2552 portnst

432 2579 470 2645 cf.
494 2579 584 2645 Euat.
608 2581 647 2645 ad
670 2580 709 2646 Π.
732 2581 769 2645 II
793 2584 866 2646 sal.

478 2699 530 2762 66.
564 2705 749 2779 Παρνασσοῦ.
783 2699 830 2764 Ee
861 2700 942 2766 enim
973 2701 1135 2786 appulerat
1169 2702 1342 2770 indiluvio
1365 2704 1448 2769 Deu-

432 2814 550 2882 calion:
574 2817 635 2882 vid.
659 2817 804 2902 Apollod
828 2816 865 2882 L.
889 2818 906 2881 I
928 2817 964 2883 Ο.
988 2818 1063 2883 VII.

473 2936 532 3000 59.
567 2935 722 3013 ὁμόδαμον.
756 2934 828 3001 Nisi
850 2935 958 3014 fallor,
982 2938 1111 3003 oonsilio
1134 2938 1192 3005 hoe
1216 2940 1374 3025 epitheton
1394 2964 1446 3026 po

432 3050 496 3116 snit
530 3051 643 3131 Poeta,
677 3074 739 3119 non
770 3055 914 3132 ὁμογενῆ,
947 3061 984 3118 ut
1012 3056 1199 3139 significaret
1228 3057 1343 3143 prolem
1376 3059 1446 3141 ἄτερ

432 3171 517 3241 aava
541 3170 721 3253 quaesitam

479 3287 532 3351 71.
567 3288 634 3353 aaa}
650 3285 674 3350 δ’
689 3286 853 3365 dedissetre.
889 3289 1115 3374 Apollodorum
1131 3290 1194 3357 ὅθεν
1208 3293 1258 3357 καὶ
1273 3293 1340 3359 asel
1355 3318 1447 3372 μετα·

432 3410 554 3489 (heptade
576 3405 775 3482 δνομνὶτθησννν
798 3407 858 3472 ἀπὸ
880 3414 931 3473 τοῦ
954 3409 1043 3482 adae.
1080 3408 1170 3475 Ovid.
1195 3411 1320 3477 Metam.
1342 3413 1359 3476 I
1378 3417 1444 3478 414

499 3522 578 3588 Inde
599 3545 697 3608 genus
721 3524 833 3589 durum
856 3547 962 3590 sumus
985 3528 1204 3612 experiensque
1226 3529 1365 3595 laborum
1454 3522 1456 3528 ’

499 3639 542 3705 ut
565 3641 749 3706 documenta
771 3642 896 3721 damus,
922 3665 983 3729 qua
1005 3645 1101 3709 simus
1125 3647 1241 3731 origine
1264 3648 1339 3713 nati.

481 3759 532 3822 72.
567 3754 656 3834 οἷμον.
691 3759 870 3825 Melodiam.
906 3761 1048 3845 Hymnus
1072 3763 1253 3828 Homericus
1274 3766 1306 3829 in
1327 3766 1446 3831 Merou-

432 3873 513 3937 rium
543 3876 608 3938 451
636 3877 754 3954 ἀγλαὸς
776 3874 855 3956 οἶμος
878 3878 984 3954 dardae
1020 3879 1141 3946 Gallim.
1159 3882 1273 3967 Hymn.
1289 3884 1322 3954 iu
1337 3884 1443 3949 Iovem

435 3994 476 4058 78
498 3994 586 4072 λύρης
609 3994 715 4073 οἴμους.
818 3972 821 3977 .

479 4112 531 4174 73.
567 4110 638 4175 atvs
661 4112 851 4180 diastasin.
887 4113 1059 4193 Homerus,
1085 4116 1144 4181 Od.
1169 4116 1186 4181 I
1210 4121 1273 4182 351

542 4229 595 4301 τὴν
617 4230 677 4308 γὰρ
699 4230 794 4305 ἀοιδὴν
816 4235 934 4308 μᾶλλον
958 4234 1131 4300 ε’τνκλείνυσ’
1154 4233 1306 4315 ἄνθρωπον,

543 4344 604 4420 ἥτις
627 4347 812 4413 desudassent
835 4349 964 4425 νεωτάτη
988 4354 1208 4435 ἀμφιπέληται.

431 4459 548 4526 Verum
579 4462 731 4530 Pindarus
763 4466 880 4553 aliquid
910 4469 1040 4541 interius
1070 4472 1228 4556 magisque
1251 4473 1441 4544 reconditum
