3767 5534
910 718 975 779 309

439 939 491 981 eos
514 917 676 1002 significari
700 919 866 995 existimat,
892 919 945 1002 qui
970 942 1065 1003 quum
1086 920 1222 984 nondum
1238 920 1270 984 in
1287 919 1443 983 beatorum

437 1035 552 1099 insulas
586 1037 809 1121 pervenissent,
845 1049 947 1102 tamen
979 1038 1041 1122 jam
1078 1047 1201 1123 propter
1235 1038 1330 1102 vitam
1361 1039 1443 1124 juste

436 1160 588 1238 peractam
618 1155 700 1240 apud
729 1156 841 1220 inferos
872 1155 938 1220 Diis
967 1156 1071 1220 dilecti
1102 1157 1172 1221 sint.
1219 1155 1333 1221 Verum
1358 1157 1441 1241 geni·

436 1272 535 1337 tivum
568 1274 710 1358 partitive
745 1275 879 1360 positum
918 1297 983 1338 esse
1018 1276 1174 1353 existimo,
1214 1285 1244 1340 et
1280 1276 1443 1361 significari

437 1391 518 1456 Deos
541 1391 676 1457 Inieros:
702 1394 825 1458 nomina
848 1401 950 1458 autem
975 1393 1057 1458 sileri
1081 1404 1204 1479 propter
1227 1395 1352 1459 eandem
1377 1418 1445 1459 cau-

435 1530 518 1585 sam,
553 1531 614 1594 qua
648 1533 680 1573 vs
715 1513 776 1574 108
812 1534 924 1575 nomen
956 1510 1069 1596 judicis
1101 1510 1224 1575 silentio
1255 1511 1442 1596 praetermis-

435 1652 504 1692 sum
524 1637 582 1693 est.
689 1686 691 1690 .

485 1750 557 1814 122.
590 1748 719 1830 ὀκχέοντι
742 1748 833 1814 πόνον.
870 1748 909 1812 Of
932 1748 1023 1813 Hom.
1047 1747 1106 1814 Od.
1131 1747 1195 1814 VII
1216 1704 1277 1812 21⁵1
1303 1749 1441 1830 ὀχέοντας

434 1865 530 1949 diddo,
555 1877 585 1932 et
608 1868 655 1932 XI
680 1871 740 1933 617
767 1869 855 1933 κοινὸν
877 1869 976 1948 μόρον,
1001 1865 1084 1950 ὅνπερ
1107 1870 1180 1945 ἐγὼν
1202 1868 1346 1949 ὀχέεσκον.

483 1989 556 2051 123.
590 1988 619 2058 ἐς
641 1986 710 2066 τρὶς.
746 1985 957 2072 Comparanda
984 2009 1163 2072 magnopere
1195 2010 1264 2051 cum
1295 1986 1442 2050 hocloco

434 2105 572 2197 Platonis
595 2107 746 2171 sententia
770 2115 833 2184 est,
865 2108 897 2171 in
923 2107 1060 2172 Phaedro
1085 2109 1159 2171 249.
1207 2106 1285 2171 Nam
1311 2107 1353 2172 ibi
1376 2106 1441 2170 reli·

434 2225 503 2309 quis
534 2226 636 2290 decem
659 2227 788 2291 vitarum
821 2227 918 2312 spatia
941 2228 985 2290 ita
1008 2226 1179 2312 peragenda
1201 2234 1291 2303 sunt,
1316 2233 1351 2289 ut
1374 2233 1443 2310 post

434 2345 562 2429 primam
594 2346 686 2409 vitam
712 2345 865 2431 judicium
896 2346 963 2424 fiat,
996 2354 1027 2410 et
1057 2346 1103 2410 rel
1133 2346 1163 2409 in
1195 2345 1298 2410 inferis
1332 2345 1380 2409 vel
1409 2345 1440 2409 in

434 2463 537 2548 aliquo
566 2464 641 2528 coeli
664 2464 731 2528 loco
761 2464 914 2549 reliquum
938 2474 1059 2550 tempus
1082 2465 1268 2549 transigant,
1293 2472 1325 2527 at
1347 2463 1442 2528 mille·

433 2584 511 2647 simo
541 2606 662 2668 quoque
692 2607 772 2648 anno
803 2606 898 2649 novae
923 2586 1001 2650 vitae
1025 2586 1077 2649 fiat
1100 2585 1239 2649 initium:
1266 2584 1441 2669 philosophi

435 2725 505 2767 vero
536 2712 697 2787 postquam
728 2712 788 2768 tres
812 2703 952 2789 periodos
975 2704 1169 2769 millenorum
1192 2727 1340 2769 annorum
1364 2727 1441 2768 com-

434 2820 612 2905 pleverunt,
636 2822 692 2885 alis
717 2822 845 2907 receptis
869 2822 907 2886 ad
931 2822 1012 2887 Deos
1036 2823 1158 2887 abeunt.
1206 2825 1363 2887 Annorum
1386 2844 1442 2885 nu-

435 2962 534 3004 meros
564 2940 622 3005 hoo
652 2941 718 3004 loco
749 2941 899 3006 Pindarus
930 2965 993 3006 non
1025 2942 1222 3007 determinat:
1256 2964 1359 3005 vemm
1382 2940 1439 3004 hoc

434 3060 565 3124 maxime
587 3060 780 3125 memorabile
804 3069 863 3137 est,
888 3061 919 3124 id
931 3062 1025 3147 justis
1041 3085 1059 3126 a
1074 3061 1207 3125 Pindaro
1223 3061 1331 3138 tribui,
1357 3060 1439 3144 quod
1518 3109 1522 3125 .

433 3202 453 3242 a
476 3178 602 3242 Platone
633 3178 778 3243 tribuitur
808 3180 1007 3265 philosophis.
1055 3179 1120 3244 Nec
1153 3203 1239 3243 sanc·
1251 3180 1370 3265 justitia
1398 3202 1440 3243 se·

433 3296 569 3361 cundum
599 3297 766 3362 Pindarum
797 3307 827 3362 et
857 3298 1051 3383 philosophia
1081 3299 1248 3363 secundum
1280 3298 1438 3362 Platonem

431 3416 514 3479 inter
536 3438 567 3480 se
591 3418 757 3481 contrariae
780 3425 862 3481 sunt.
910 3417 1092 3482 Conferatur
1114 3417 1232 3503 Fragm.
1249 3416 1360 3481 Thren.
1381 3416 1437 3493 IV,

432 3558 496 3621 quo
520 3536 597 3600 vitae
620 3543 689 3619 post
712 3559 826 3601 nonum
851 3559 965 3600 annum
988 3537 1142 3602 renovatio
1167 3543 1358 3601 memoratur.

482 3656 554 3717 126.
588 3655 711 3719 ἔτειλαν.
742 3654 834 3719 Recte
858 3654 1022 3720 scholiasta
1042 3663 1128 3719 vetus
1144 3656 1360 3739 interpretatur
1376 3657 1436 3719 ἕτε·

432 3773 572 3854 acturas,
598 3774 713 3849 ἤνυοοον.

479 3892 546 3962 Διὸς
578 3891 637 3956 ὁδὸν
664 3915 745 3970 napa
777 3892 875 3971 Κρόνον
905 3890 1010 3969 τύρσιν.
1058 3890 1254 3955 Manifestum
1286 3900 1346 3968 est,
1373 3891 1436 3975 ejus

431 4012 625 4087 inimicitiae,
652 4033 729 4095 quae
750 4011 820 4074 Jovi
844 4010 988 4075 adversus
1012 4009 1146 4075 Gronum
1162 4010 1253 4074 fuisse
1268 4009 1435 4088 dicebatur,

432 4130 561 4194 maxime
584 4130 711 4194 ahenam
735 4130 772 4194 ah
795 4131 853 4194 hoc
876 4130 943 4194 loco
968 4153 1032 4194 esse
1055 4130 1239 4194 memoriam.
1271 4128 1330 4193 Via
1351 4129 1436 4192 Jovis

433 4249 515 4335 apud
537 4248 703 4314 Homerum
727 4257 772 4313 est
796 4250 834 4313 ad
858 4250 1040 4334 Aethiopas,
1067 4258 1101 4313 ut
1124 4250 1166 4313 ihi
1187 4250 1305 4350 fruatur
1321 4248 1434 4333 epulis:

432 4367 469 4432 Il.
493 4369 511 4433 Ι
534 4370 608 4431 423.
655 4369 748 4454 Apud
772 4368 931 4434 Platonem
956 4376 1077 4447 contra,
1101 4369 1132 4434 in
1157 4368 1295 4432 Phaedro
1311 4391 1340 4452 p.
1360 4368 1433 4445 247,

434 4478 472 4553 ad
503 4488 568 4553 loca
598 4511 689 4573 supra
719 4488 837 4553 coelum
866 4491 980 4575 posita,
1011 4497 1047 4553 ut
1077 4475 1119 4555 ihi
1149 4489 1245 4574 ipsam
1265 4488 1435 4573 justitiam,
