3767 5534
1015 695 1078 756 560

541 899 685 975 afferens,
718 896 841 961 Gratias
871 896 1021 980 templum
1055 896 1093 960 ad
1117 896 1288 981 Cephisum
1312 920 1376 961 non
1401 905 1484 963 sorte
1508 919 1565 962 nee

540 1016 709 1082 hereditate
743 1014 908 1097 accepisse,
946 990 1004 1077 sedv
1035 1014 1141 1079 datum
1176 1016 1214 1079 iis
1250 1038 1318 1081 esse
1354 1017 1392 1080 ab
1429 1016 1564 1081 Eteocle.

541 1133 638 1214 Queis
669 1132 796 1216 argutiis
828 1133 853 1194 si
885 1132 1020 1216 argutias
1052 1155 1206 1217 opponere
1238 1134 1350 1211 velim,
1377 1134 1496 1211 dicam,
1512 1158 1567 1201 ‚se-

540 1250 677 1315 eundum
722 1250 772 1313 01.
817 1248 880 1312 VII
922 1251 985 1312 102
1018 1249 1100 1313 Deos
1132 1258 1214 1313 sorte
1246 1252 1328 1315 inter
1358 1275 1391 1315 se
1424 1252 1565 1316 divisisse

540 1378 638 1433 terrae
668 1368 824 1452 regiones:
856 1374 923 1431 tum
956 1368 1049 1452 igitur
1072 1375 1153 1432 sorte
1177 1368 1295 1433 Gratiis
1320 1371 1483 1435 obvenisse
1508 1369 1564 1433 Or·

540 1488 741 1551 ehomenum:
772 1508 829 1550 nee
858 1483 941 1566 ἕδραν
973 1508 1006 1549 vs
1038 1489 1057 1548 3
1087 1486 1239 1571 templum
1264 1488 1367 1552 solum
1392 1489 1563 1573 signifieat,

541 1605 594 1671 sad
626 1611 728 1669 totum
764 1604 864 1667 locum
900 1603 1103 1681 Orchomeni,
1136 1627 1225 1689 eujus
1260 1627 1332 1671 mox
1366 1608 1566 1692 appellantur

541 1723 673 1808 reginae.
705 1721 821 1785 Verum
846 1744 881 1784 ea
905 1722 998 1785 missa
1021 1722 1108 1785 facio.
1145 1720 1219 1786 Non
1243 1745 1308 1786 sors
1333 1725 1458 1808 proprie
1483 1725 1566 1789 diota

541 1842 591 1905 hie
621 1840 826 1924 significatur:
859 1839 950 1902 latior
981 1846 1027 1902 est
1058 1840 1261 1923 significatio,
1287 1843 1446 1924 quomodo
1471 1844 1561 1907 etiam

540 1958 652 2023 Latina
679 1956 828 2021 voeabula
851 1978 915 2019 sors
939 1964 971 2020 et
995 1956 1098 2020 sortiri
1122 1958 1298 2041 significent
1323 1960 1445 2045 aliquid
1470 1962 1563 2026 elicui

540 2075 695 2160 obtigisse.
741 2073 807 2138 Nec
839 2082 961 2138 tantum
993 2074 1030 2137 de
1061 2097 1114 2152 eo,
1143 2076 1227 2160 quod
1257 2078 1401 2143 universo
1425 2079 1562 2144 Deorum

541 2193 644 2277 generi
675 2192 804 2275 obtigit,
837 2192 874 2255 de
905 2192 1016 2269 sacris,
1049 2193 1174 2275 ponitur
1205 2195 1301 2278 apud*
1321 2195 1493 2261 Homerum
1521 2197 1558 2261 ss.

541 2309 651 2375 XXIV
678 2312 717 2375 70

585 2431 619 2494 τὸ
641 2430 701 2507 γὰρ
724 2430 861 2508 λάχομεν
884 2427 974 2508 γέρας
999 2430 1102 2504 turio:

586 2545 676 2610 Gonf.
701 2545 827 2609 Hesiod.
852 2544 969 2629 Theog.
994 2548 1078 2624 422,
1103 2549 1188 2611 424:

543 2686 647 2729 verum
679 2664 770 2728 etiam
803 2663 841 2727 de
872 2664 938 2747 ipsa
969 2663 1029 2727 loei
1055 2664 1154 2728 tutele
1177 2687 1212 2728 ee
1237 2669 1432 2751 possessione
1457 2670 1559 2733 divina

543 2782 627 2869 apud
650 2788 790 2847 nostrum
813 2780 864 2845 Ol.
889 2780 936 2844 IX
962 2784 1005 2845 24

742 2898 778 2965 ἂν
802 2899 974 2984 (Ὀπόεντα)
998 2900 1090 2978 Θέμις
1113 2901 1244 2982 θυγάτηρ
1268 2901 1303 2996 τέ
1326 2906 1351 2969 οἱ

743 3019 863 3099 σώτειρα
885 2993 1035 3099 asma

740 3134 938 3215 μεγαλοῒοξος
964 3137 1105 3215 Εὐνομία.

543 3252 634 3320 Nem.
662 3254 711 3319 XI
736 3258 753 3319 1

654 3379 719 3437 ssat
739 3372 821 3444 Ῥέας
844 3369 866 3436 ἅ
888 3398 922 3437 τε
945 3380 1111 3452 Πρυτανεῖα
1133 3372 1290 3455 tinomao
1313 3376 1431 3442 Ἑστία.

544 3490 623 3555 Plat.
647 3489 726 3554 Tim.
752 3491 792 3552 23
818 3489 838 3553 d
861 3496 914 3563 τῆς
937 3492 999 3555 θεοῦ
1025 3490 1221 3577 (Παλλάδος),
1253 3494 1339 3568 ’τήν
1362 3520 1397 3559 τε
1417 3495 1560 3574 ὑμετέροιν

544 3608 628 3674 πόλιν
651 3608 701 3673 καὶ
724 3608 802 3683 τήνδ’
825 3606 931 3689 ἔλαχε.
968 3607 1071 3686 Idem,
1094 3609 1126 3672 in
1151 3607 1247 3673 Oritia
1273 3614 1335 3674 109
1361 3634 1394 3675 a:
1411 3613 1465 3686 θεοὶ
1481 3611 1561 3677 ἅπαι-

545 3750 601 3791 rna
630 3734 687 3803 γῆν
717 3749 789 3791 ποτε
818 3724 899 3790 κατὰ
928 3727 995 3797 τοὺς
1022 3725 1127 3798 τόπους
1150 3727 1339 3809 eremana:
1367 3730 1424 3793 113
1450 3752 1483 3792 e:
1507 3730 1561 3803 τὴν

436 3919 438 3921 g
545 3851 626 3917 νῆσον
656 3844 796 3909 Ποσειδῶν
818 3845 870 3917 τὴν
892 3841 1076 3907 ’aerearum
1098 3843 1212 3924 λαχών.
1260 3845 1299 3910 In
1323 3846 1372 3910 his
1395 3854 1441 3910 tot
1464 3846 1559 3924 loeis,

546 3967 578 4024 et
608 3959 697 4044 plura
727 3962 826 4025 multo
849 3960 921 4025 addi
945 3967 1104 4045 poterant,
1129 3962 1155 4025 si
1179 3970 1291 4027 cuneta
1314 3964 1505 4028 emendanda
1528 3974 1560 4028 et

547 4077 682 4141 sananda
712 4088 801 4156 sunt,
827 4101 889 4143 una
911 4079 1079 4143 consolatio
1103 4086 1166 4157 est,
1191 4102 1257 4144 esse
1280 4088 1400 4166 praeter
1424 4081 1561 4145 Hartun-

547 4194 632 4278 gium
656 4197 746 4260 etiam
766 4197 844 4261 alios
868 4198 1111 4282 conjecturarum
1134 4197 1339 4263 fabricatores.

592 4308 784 4377 construunt
800 4322 903 4378 autem
918 4314 1100 4379 scholiastae
1116 4338 1186 4379 eum
1202 4317 1261 4380 hoe
1277 4318 1370 4381 verbo
1385 4317 1558 4401 genitivum

549 4426 675 4493 ὑδέτωνι
700 4437 730 4495 et
755 4453 827 4497 sane
850 4432 932 4517 apud
957 4433 1126 4498 Homerum
1150 4433 1323 4498 Il.·XXIV
1349 4437 1390 4500 76
1415 4447 1460 4497 est
