3767 5534
836 745 899 809 323

369 948 545 1029 laudandis,
574 959 605 1011 et
627 955 673 1010 est
696 946 810 1010 decoris
835 956 989 1030 praeterea
1012 946 1182 1037 amplisque
1206 957 1236 1012 et
1260 951 1372 1033 gravis·

369 1068 452 1131 simis
480 1065 721 1151 digressionibus
744 1066 943 1149 conspicuum
968 1074 999 1130 et
1021 1066 1188 1151 copiosum.
1235 1068 1280 1131 Ut
1302 1076 1372 1153 post

369 1186 492 1249 tertium
518 1206 638 1249 carmen
662 1206 753 1248 causa
775 1184 884 1260 fuerit,
910 1206 964 1247 our
987 1184 1082 1249 Poeta
1105 1186 1272 1272 secuudum
1296 1187 1373 1251 The·

369 1305 435 1367 roni
459 1304 586 1381 laceret,
611 1304 762 1367 contraria
784 1325 876 1366 causa
897 1326 960 1367 non
982 1304 1083 1368 fuerit.

417 1544 443 1604 1.
479 1539 658 1622 Φιλιξείιιιις.
694 1540 808 1625 Magna
830 1540 897 1604 laus
920 1540 1163 1626 Tyndaridarum
1190 1542 1222 1606 in
1240 1542 1373 1606 mortali·

368 1660 425 1724 bus
441 1659 621 1744 adjuvandis
637 1659 715 1723 luit·
730 1658 814 1723 Nota
829 1668 875 1723 est
891 1659 929 1723 de
946 1670 1064 1724 servato
1084 1660 1121 1725 ab
1139 1660 1200 1724 illis
1216 1660 1372 1726 Simonide

368 1778 517 1855 narratio,
553 1785 626 1841 nota
660 1777 697 1840 de
728 1777 841 1862 adjutis
860 1759 1100 1863 'navigatoribus
1132 1788 1162 1843 et
1192 1780 1370 1865 pervulgata

368 1896 455 1960 fama.
501 1895 682 1959 Theocritus
710 1895 780 1959 illos
808 1895 973 1980 appellavit
1004 1899 1128 1961 θνατοῖσι
1152 1897 1298 1975 dealbes,
1325 1898 1373 1963 ld.

370 2014 473 2079 XXII.
499 2017 550 2078 23.
598 2014 685 2093 Quae
714 2036 896 2098 persequens
920 2015 1100 2079 Brouwerus
1124 2016 1258 2080 ostendit
1279 2017 1374 2080 diver-

369 2156 432 2197 sam
455 2133 607 2217 quandam
630 2132 816 2197 Graecorum
839 2133 876 2197 de
899 2112 975 2219 ipsis
998 2133 1066 2198 Diis
1089 2143 1119 2198 et
1138 2134 1176 2199 de
1192 2135 1372 2199 mortalibus

370 2252 528 2316 divinitate
560 2251 679 2315 donatis
711 2252 910 2316 sententiam:
943 2252 1013 2315 illos
1045 2253 1124 2317 enim
1157 2263 1187 2316 et
1210 2253 1372 2317 saeviendo

370 2378 401 2435 et
422 2369 594 2456 adjuvando
618 2370 785 2454 potentiam
808 2369 990 2448 ostendisse,
1012 2370 1068 2434 hos
1088 2348 1177 2434 unice
1197 2370 1372 2435 auxiliando

368 2490 527 2553 delectari:
563 2489 642 2552 mss.
675 2490 712 2552 ue
743 2488 772 2552 a
803 2488 996 2553 cerisarios
1027 2490 1079 2553 cr.
1104 2468 1146 2553 n.
1179 2489 1207 2549 u
1241 2514 1271 2575 p.
1296 2493 1371 2555 436.

367 2607 517 2672 Pindarus
540 2615 641 2671 autem
667 2606 740 2671 alibi
759 2607 941 2691 Tyndaridis
959 2608 1059 2692 justos
1083 2608 1220 2672 homiues
1241 2609 1371 2694 maxime

367 2748 456 2790 curae
480 2749 544 2790 esse
568 2725 661 2803 dicit,
690 2725 780 2789 Nem.
805 2725 844 2788 X.
871 2728 953 2789 100:
979 2726 1036 2790 hoe
1059 2748 1129 2790 vero
1152 2726 1219 2790 loco
1243 2749 1371 2791 eureos

367 2846 558 2930 potissimum
581 2853 668 2909 ornet
691 2845 782 2909 laude
805 2844 1041 2929 hospitalitatis,
1072 2867 1150 2928 quae
1174 2853 1275 2909 tamen
1289 2869 1368 2951 ‘oum

367 2966 508 3029 universa
535 2965 589 3028 illa
607 2964 781 3050 adjuvandi
804 2964 895 3029 laude
919 2965 1168 3049 conjunctissima
1190 2974 1253 3044 est,
1278 2986 1371 3029 causa

367 3106 431 3147 esse
461 3083 597 3163 videtur,
631 3084 713 3185 quod
745 3084 809 3169 ipse
838 3083 956 3162 Thero,
980 3085 1081 3149 cultor
1103 3083 1246 3162 illorum,
1271 3084 1373 3169 hospi·

366 3202 485 3283 talitate
515 3204 645 3267 maxime
668 3203 853 3288 conspicuus
875 3203 943 3267 fuit.
991 3202 1071 3266 Vide
1094 3201 1145 3267 Ol.
1170 3202 1204 3266 ΙΙ
1230 3206 1287 3267 ll:
1317 3204 1371 3269 ubi

367 3322 433 3406 ipsa
455 3321 508 3385 illa
531 3322 628 3386 virtus
649 3322 787 3407 justitiae
812 3322 936 3386 nomine
953 3321 1133 3387 celebratur.
1162 3322 1204 3386 Et
1219 3322 1373 3409 quomodo

368 3441 492 3505 violatio
522 3441 679 3526 hospitum
711 3463 746 3505 ex
774 3448 872 3506 vetere
896 3441 1083 3506 Graecorum
1107 3443 1259 3507 sententia
1281 3444 1373 3507 maxi-

366 3582 432 3623 mae
450 3561 648 3624 immanitatis
668 3561 741 3639 luit,
763 3563 806 3626 sic
827 3563 1105 3647 praecipitavimus
1126 3570 1156 3626 et
1177 3585 1287 3647 magna
1302 3586 1372 3648 pars

363 3680 500 3765 justitiae
526 3680 643 3744 in'illis
666 3681 804 3745 tutandis
827 3682 1005 3766 ponebatur.
1036 3682 1155 3746 Eximio
1176 3682 1371 3760 Brouwerus,

366 3821 460 3883 quum
490 3822 508 3862 a
534 3798 666 3862 Pindaro
680 3798 860 3882 φιλόξεινοι,
890 3824 908 3864 a
930 3801 1093 3865 Theocrito
1116 3802 1241 3866 θνατοῖσι
1263 3801 1372 3878 βιηθόοι

366 3917 553 3994 dicerentur,
577 3920 871 4003 praestantissimum
894 3941 945 3983 eos
969 3920 1044 3984 dicit
1062 3920 1190 3984 titulum
1205 3920 1369 4004 accepisse,

367 4035 419 4119 qui
435 4036 472 4098 in¹
484 4036 612 4100 Graecia
627 4037 763 4121 potuerit
779 4037 847 4100 Diis
867 4037 972 4102 tribui.
997 4038 1137 4102 Fortasse
1153 4039 1190 4102 ad
1203 4008 1377 4102 Pindarum¹

365 4154 500 4239 respexit
511 4153 674 4232 bibamus,
692 4156 749 4240 Ep.
765 4159 838 4233 112,
857 4157 889 4219 in
905 4156 1066 4220 Themistii
1080 4152 1224 4221 laudibus
1240 4181 1370 4241 ponens,

366 4273 450 4355 quod
472 4273 526 4336 illo
549 4296 638 4338 nemo
662 4274 969 4359 magis'Tyndaridas
989 4275 1071 4339 colat
1086 4250 1188 4339 studio
1204 4276 1369 4361 hospitum.

412 4394 441 4453 2.
471 4392 583 4474 Ἑλένᾳ.
612 4392 700 4456 Socia
727 4393 780 4457 illa
795 4416 950 4457 sacrorum
966 4393 1166 4458 fraternorum
1182 4394 1251 4458 fuit.
1276 4396 1369 4480 Apud

367 4508 546 4594 Euripidem
570 4511 712 4577 Dioscuri
736 4535 802 4576 eam
825 4512 999 4598 appellant,
1024 4513 1095 4577 Hel.
1122 4516 1206 4576 1666

1193 4636 1249 4693 21*
