3767 5534
906 710 971 771 518

475 916 527 975 20.
563 912 677 977 Insitas
693 910 822 988 affirmat
837 909 1041 983 Locrensibus
1058 910 1203 988 virtutem
1216 919 1247 977 er
1259 913 1442 997 sapientiam

430 1054 494 1093 esse
525 1052 581 1093 uec
612 1052 701 1113 posse
732 1029 862 1105 mutari,
896 1027 1042 1112 exemplis
1073 1029 1281 1107 afoitissimo
1306 1038 1337 1093 et
1360 1053 1379 1093 a
1404 1054 1447 1093 sa

431 1148 622 1233 pientissimo
654 1146 779 1223 animali
809 1145 968 1214 desumtis.
1016 1144 1058 1209 Et
1088 1146 1188 1230 vulpis
1212 1146 1339 1233 quidem
1365 1169 1446 1226 oom-

431 1266 548 1351 paratio
577 1266 706 1329 fortasse
737 1265 906 1332 secundum
937 1271 1057 1330 nostros
1086 1287 1185 1329 mores
1209 1266 1311 1332 minus
1335 1266 1447 1331 decora

432 1393 464 1448 et
496 1382 742 1468 praeclarissimis
772 1382 959 1449 carminibus
982 1382 1085 1447 minus
1109 1382 1273 1464 videretur
1287 1406 1354 1450 esse
1378 1407 1446 1450 con·

434 1504 574 1566 veniens:
600 1501 653 1563 sed
677 1499 831 1577 Homerus
855 1521 948 1588 quam
971 1507 1015 1563 est
1038 1522 1212 1567 muscarum
1229 1509 1259 1565 et
1275 1524 1445 1587 cygnorum

433 1629 464 1684 et
494 1620 670 1703 quorumvis
694 1618 861 1685 bestiarum
884 1625 915 1688 et
937 1617 1136 1690 bestiolarum
1159 1620 1444 1703 comparationibus

434 1738 585 1803 refertus?
616 1737 687 1821 Ipse
710 1736 862 1808 Pindarus
886 1736 979 1804 etiam
1001 1735 1057 1813 Ist.
1082 1735 1129 1799 IV
1155 1738 1194 1810 77
1221 1737 1327 1805 eadem
1353 1746 1446 1824 atque

433 1857 492 1922 hoc
515 1856 583 1919 loco
607 1854 833 1937 comparatione
855 1852 956 1917 utitur

790 1970 892 2051 τόλμᾳ
917 1969 976 2047 γὰρ
999 1970 1078 2041 εἰκὼς

659 2088 746 2165 θυμὸν
773 2087 961 2167 ἐριβρεμετᾶν
984 2088 1068 2167 θηρῶν
1091 2086 1214 2152 λεόντων

659 2207 688 2269 ἕν
712 2207 802 2284 πόνῳ,
828 2214 915 2281 μῆνιν
938 2204 963 2268 δ’
986 2203 1118 2282 ἀλώπηξ.

436 2325 490 2408 Py.
527 2323 562 2386 ΙΙ
600 2324 660 2386 155
697 2321 764 2406 lupi
795 2322 938 2406 proponit
970 2322 1003 2388 in
1034 2321 1106 2385 odio
1137 2341 1242 2407 aperto
1277 2324 1450 2408 exemplum

438 2441 602 2516 laudabile.

485 2563 538 2624 20.
574 2557 667 2630 altor.
704 2557 763 2623 Vel
786 2557 825 2625 dc
848 2556 949 2622 colore
972 2556 1055 2620 fulvo
1079 2565 1110 2626 et
1134 2556 1260 2632 ardente
1288 2560 1349 2638 dici
1376 2561 1450 2638 exis-

440 2679 585 2756 timatur,
609 2676 657 2742 vel
682 2674 719 2740 de
742 2675 859 2747 feruore
882 2673 1016 2757 ingenii,
1040 2673 1123 2753 δρλίνν
1144 2685 1181 2756 τῇ
1205 2675 1331 2760 Bracchia,
1355 2684 1392 2741 ut
1407 2678 1451 2742 ait

439 2796 606 2859 scholiasta
639 2802 737 2858 vetus.
785 2791 942 2856 Posterius
977 2791 1053 2855 mihi
1085 2814 1191 2858 verum
1228 2793 1358 2860 videtur.
1406 2795 1450 2859 De

440 2913 575 2979 moribus
609 2912 733 2984 fervidis
768 2911 882 2987 dicitur
919 2910 1002 2995 apud
1036 2909 1236 2996 Sophoclem,
1272 2913 1323 2997 Aj.
1366 2916 1448 2983 1088

438 3031 522 3095 alluo
546 3030 700 3108 ὑβριστήςε
725 3028 762 3091 de
785 3028 873 3103 leone
896 3027 981 3110 Tyrt.
1008 3028 1116 3111 fragm.
1143 3030 1182 3091 10

584 3146 697 3218 αἴθωνος
720 3146 749 3209 δὲ
772 3147 884 3217 λέοντος
908 3144 986 3225 ἔχων
1008 3146 1037 3214 ἒν
1059 3146 1175 3220 στήθεσι
1198 3146 1296 3219 θυμόν.

796 3615 991 3692 OLYMPIA
1015 3616 1090 3682 XII.

485 3853 524 3918 Iu
555 3853 754 3937 inscriptione
781 3874 799 3920 a
821 3850 1024 3936 quibusdam,
1050 3858 1086 3914 ut
1110 3852 1142 3916 in
1166 3852 1248 3920 uotis
1272 3853 1388 3918 criticis
1409 3877 1453 3919 re·

439 3973 584 4049 tulimus,
608 3971 737 4050 refertur
760 3969 835 4042 haec
856 3968 1010 4052 Ergotelis
1034 3969 1161 4032 victoria
1178 3968 1215 4032 ad
1233 3943 1448 4055 Olyinpiadem

439 4087 611 4155 LXXVII:
636 4088 716 4162 idem
740 4088 773 4153 in
797 4087 921 4154 scholiis
941 4086 1087 4151 traditur:
1105 4109 1161 4155 nec
1178 4087 1342 4154 dubitandi
1359 4112 1451 4160 cansa

441 4228 505 4278 esse
537 4204 667 4268 videtur.
714 4205 924 4275 Memorantur
954 4204 987 4267 in
1020 4204 1145 4276 scholiis
1178 4205 1268 4268 etiam
1292 4213 1449 4291 tempora,

441 4321 554 4405 quihus
576 4321 689 4405 Pythia
713 4323 835 4392 vicerit:
860 4322 974 4405 quippe
992 4320 1140 4405 Pythiade
1156 4320 1266 4398 XXIX
1283 4322 1325 4388 ibi
1343 4324 1450 4388 vicisse

442 4436 567 4503 dicitur:
593 4439 678 4503 etin
702 4439 798 4505 altero
822 4438 937 4504 scholio
961 4445 1060 4504 vetere
1083 4438 1166 4525 prior
1188 4440 1315 4519 victoria
1338 4440 1450 4527 Pythia
