3767 5534
989 703 1051 762 550

874 898 1057 979 πιιρελέξοιτο
1081 907 1306 983 Κυανοχαίτης,

670 1018 698 1078 ἐν
721 1019 849 1095 μαλακῷ
872 1023 988 1094 λειμῶνι
1012 1018 1061 1082 καὶ
1084 1017 1197 1085 άνθεσιν
1220 1023 1373 1101 εἰαρινοῖσι.

516 1132 613 1195 Paulo
644 1133 732 1197 aliter
762 1134 844 1217 apud
876 1132 1038 1213 Ovidium,
1075 1136 1199 1201 Metam.
1233 1137 1280 1201 Ill
1306 1142 1387 1218 797,
1417 1142 1534 1208 dicitur

561 1250 651 1313 Hanc
673 1251 773 1335 pelagi
798 1259 896 1316 rector
918 1253 1033 1337 templo
1058 1255 1180 1319 vitiasse
1204 1256 1371 1322 Minervae.

560 1367 700 1431 Fortasse
724 1369 819 1453 igitur
844 1369 997 1434 Damaeus
1021 1393 1083 1435 non
1099 1371 1356 1459 Bellerophontae
1373 1383 1462 1459 pater
1478 1377 1532 1441 sed

516 1485 625 1570 Pegasi
659 1488 857 1570 significatur.
904 1488 1007 1553 Etiam
1040 1489 1207 1555 scholiasta
1239 1493 1278 1556 ad
1301 1493 1390 1557 Arati
1414 1493 1533 1560 Phoen.

519 1607 583 1668 205
608 1604 758 1689 Pegasum
781 1628 818 1669 ex
842 1604 989 1689 Neptuno
1013 1618 1206 1695 procreatum
1229 1610 1322 1675 luisse
1339 1611 1432 1675 dicit:
1450 1612 1531 1677 conf.

519 1748 589 1788 ann.
615 1724 653 1788 ad
681 1727 753 1788 lot.

565 1845 617 1904 99.
652 1848 754 1921 ταῦρον
787 1844 936 1920 apparea.
973 1844 1066 1927 Apud
1102 1844 1289 1923 Homerum,
1325 1844 1385 1910 Od.
1415 1846 1536 1925 1116,

519 1959 633 2024 Nestor
656 1960 794 2024 immolat

653 2079 773 2159 ταύρους
797 2080 1002 2156 παμμέλανας
1025 2082 1199 2162 Ἐνοτίχάονι
1223 2084 1416 2164 κνανοχιιάτρ.

521 2196 596 2261 Ideo
620 2197 791 2260 Scholiasta
813 2205 900 2260 vetus
922 2199 1061 2275 άρράντα
1084 2198 1216 2262 ncnvult
1239 2220 1303 2263 esse
1327 2198 1451 2276 album,
1481 2198 1533 2261 sed

522 2316 554 2378 in
577 2337 668 2399 grege
692 2316 893 2399 conspicuum
916 2322 947 2378 et
969 2316 1182 2400 magnitudine
1203 2316 1424 2401 splendentem.
1461 2316 1534 2381 Non

523 2436 596 2497 satis
626 2434 767 2497 idoneam
799 2434 892 2518 hujus
923 2433 1136 2517 explicationis
1164 2434 1312 2497 rationem
1336 2457 1401 2498 esse
1426 2435 1530 2514 credo,

524 2559 554 2614 et
589 2551 753 2634 significari
787 2550 929 2615 colorem.
977 2550 1149 2614 Taurorum
1183 2549 1332 2635 Neptuno
1364 2552 1535 2615 immolatio

524 2670 616 2732 etiam
640 2668 821 2752 proponitur
844 2667 927 2751 apud
951 2667 1126 2747 Platonem,
1147 2667 1179 2731 in
1197 2667 1309 2746 Critia,
1327 2692 1357 2753 p.
1378 2671 1440 2732 119
1457 2669 1492 2746 d,
1510 2691 1536 2734 e.

574 2790 646 2849 102.
681 2787 740 2850 άνδι
762 2788 787 2850 δ
810 2786 929 2852 ἔπαλτ’.
966 2786 1118 2851 Nonnulli
1142 2786 1252 2851 volunt
1274 2789 1392 2852 ἐπᾶλτ’.
1434 2787 1476 2850 nt
1493 2794 1538 2852 est

525 2905 690 2980 ἐπάλμενος
722 2905 813 2968 Hom.
846 2904 906 2968 Od.
938 2903 1018 2967 XIV
1042 2906 1124 2979 220,
1157 2903 1284 2967 Hesiod.
1312 2903 1428 2991 Theog.
1455 2908 1537 2968 855:

527 3025 701 3101 ἐπιάλμενος
725 3024 818 3088 Hom.
843 3022 902 3086 Od.
927 3022 1037 3088 XXIV
1061 3024 1141 3086 319:
1163 3022 1348 3098 μετάλμενος
1365 3022 1404 3087 ΙΙ.
1418 3022 1448 3084 V
1464 3026 1538 3090 336.

528 3143 588 3206 Sed
611 3139 701 3206 credo
725 3164 789 3205 esse
812 3139 898 3205 verbi
916 3140 1084 3217 τάλλομαι.
1120 3138 1271 3203 Convenit
1291 3137 1385 3203 Hom.
1401 3138 1440 3205 Il,
1458 3138 1541 3204 VIII

531 3264 571 3323 85
604 3261 744 3336 άλγιίοοις
774 3260 797 3322 δ’
820 3258 987 3323 άνέπαλτοι
1022 3257 1131 3321 Aesch.
1164 3255 1260 3320 Ohoe.
1291 3258 1354 3320 410
1384 3258 1542 3323 πέπαλταά

530 3403 577 3455 μοι
601 3380 686 3459 κέαρ;
712 3379 841 3441 maxime
867 3381 950 3455 524,
976 3377 1219 3461 Clytaemnestra

911 3495 944 3560 ἔκ
967 3498 994 3558 τ’
1016 3494 1162 3573 ὀνειράτων

689 3615 738 3679 καὶ
763 3613 1008 3689 νυκτιπλάγκτων
1029 3611 1174 3689 δειμάτων
1197 3612 1385 3690 πεπαλμένη.

534 3736 590 3799 Est
620 3757 691 3819 ergo
723 3756 777 3819 pro
804 3734 965 3797 ἐτέταλτο.
1013 3731 1160 3795 Similiter
1183 3731 1320 3796 ὑπέδεκτο
1343 3729 1472 3794 Hesiod.
1497 3725 1559 3792 Sc.¹

536 3855 577 3918 H.
612 3857 695 3917 442:
727 3854 807 3917 δέκτο
839 3851 931 3915 Hom.
964 3850 1002 3914 Il.
1035 3849 1095 3912 XV
1120 3853 1172 3916 87.
1219 3848 1292 3913 Non
1323 3870 1394 3933 ergo
1426 3855 1550 3912 tantum

536 3970 714 4055 prosiliendi
744 3970 882 4035 celeritas
914 3991 1019 4033 verum
1052 3970 1144 4032 etiam
1167 3968 1295 4052 agitatio
1319 3989 1373 4052 per
1395 3965 1550 4030 somnium

536 4092 648 4174 injecta
671 4089 869 4173 significatur.

586 4210 659 4269 103.
693 4208 788 4286 τέρας.
825 4205 908 4268 Illud
931 4207 1034 4289 ipsum
1057 4205 1176 4268 frenum
1201 4225 1337 4268 aureum.

587 4327 659 4387 104.
694 4320 779 4403 εὗρεν.
814 4322 886 4385 Non
918 4323 956 4387 ab
988 4322 1111 4385 exordio
1142 4344 1205 4385 rem
1235 4321 1330 4384 Poeta
1357 4326 1551 4395 narraverat,
1612 4407 1617 4416 Ι

539 4440 591 4504 sed
615 4450 777 4525 postquam
800 4441 932 4505 mediam
956 4440 1134 4528 proposuit,
1159 4447 1256 4506 totam
1279 4439 1317 4504 ab
1340 4437 1430 4505 initio
1453 4436 1553 4501 decla·
