3767 5534
855 738 896 797 39

362 960 438 1001 vero
470 938 535 1001 visu
565 938 751 1001 horrendum
775 938 909 1001 laborem
933 937 1058 1001 obeunt.
1106 938 1269 1023 Quotquot
1292 942 1382 1005 susti·

362 1065 503 1121 nuernnt
525 1064 572 1121 ter
595 1056 760 1140 utrobique
784 1064 941 1119 manentes
966 1056 1004 1121 ab
1028 1058 1111 1120 omni
1135 1067 1267 1123 mentem
1292 1060 1383 1124 absti-

360 1196 438 1238 nere
467 1174 596 1259 injuria,
629 1174 822 1259 perfecerunt
852 1173 930 1237 viam
959 1173 1044 1237 Jovis
1070 1175 1108 1239 ad
1132 1174 1225 1239 Croni
1252 1178 1380 1241 turrim:

360 1292 421 1356 ubi
451 1294 564 1357 circum
596 1292 755 1357 beatorum
784 1292 901 1357 insulas
924 1294 1030 1357 oceani
1054 1317 1145 1357 aurae
1169 1295 1304 1379 spirant,
1329 1298 1383 1360 flo-

360 1434 476 1495 resque
497 1413 583 1476 anrei
606 1412 730 1490 ardent,
756 1413 808 1476 alii
832 1414 946 1476 terreni
969 1436 987 1475 a
1010 1412 1179 1497 splendidis
1203 1413 1380 1493 arboribus,

361 1532 442 1595 alios
461 1532 558 1617 pascit
574 1555 668 1615 aqna,
687 1554 817 1615 quorum
834 1532 921 1595 sertis
939 1548 1047 1596 manus
1066 1533 1235 1597 redimiunt
1251 1534 1282 1596 in
1296 1535 1380 1618 justo

360 1649 593 1714 Rhadamanthi
622 1651 772 1737 jndicio.’'
787 1653 810 1733 ¹)
857 1650 1005 1715 Similiter
1035 1651 1095 1714 alio
1127 1652 1193 1715 loco
1226 1651 1380 1735 praedicat

360 1768 459 1832 solem
483 1769 585 1833 lucere
608 1769 705 1834 beatis
728 1777 812 1848 tum,
841 1790 938 1853 quum
963 1791 1023 1834 uox
1047 1770 1087 1832 sit
1110 1769 1192 1854 apud
1216 1792 1289 1845 nos,
1315 1791 1380 1832 esse

358 1909 487 1973 campos
511 1890 587 1953 rosis
610 1889 743 1953 nitentes
766 1890 946 1974 purpureis:

669 2009 751 2087 rapa
774 2008 805 2073 δέ
827 2018 927 2089 σφισιν
950 2010 1067 2082 εὐανθὴς
1170 2093 1173 2098 .

666 2123 750 2197 ἅπαις
771 2125 889 2201 τέθηλεν
910 2124 1008 2203 ὄλβος.

363 2245 468 2308 Omnis
490 2246 585 2326 eurpit
606 2248 689 2328 apud
708 2267 755 2308 eoa
768 2246 882 2328 florida
906 2244 1063 2308 beatitudo.
1078 2245 1101 2328 2')
1136 2243 1194 2307 Ille
1210 2265 1281 2306 sane
1299 2243 1378 2306 vitae

356 2364 454 2427 finem
477 2363 647 2447 datumque
670 2386 688 2427 a
709 2363 785 2427 Jove
809 2385 905 2426 novae
922 2364 1107 2447 principium
1123 2362 1203 2432 vitae
1219 2362 1375 2446 cognovit:

356 2482 519 2567 copulavit
534 2482 613 2547 inter
628 2505 660 2546 se
675 2483 740 2559 βίον
756 2482 914 2557 τελευτάν,
939 2482 1079 2547 διόσδοτον
1094 2483 1204 2561 ἀρχάν.
1218 2481 1241 2564 ³)
1272 2483 1376 2564 Atque

354 2601 447 2665 Jovis
470 2602 552 2665 viam
576 2602 729 2685 vitamque
752 2607 889 2666 nostram
911 2600 1063 2686 triplicem
1086 2600 1176 2672 Plato
1200 2622 1323 2685 quoque
1343 2600 1375 2663 iu

356 2720 502 2784 Phaedro
526 2722 643 2805 posuit,
668 2743 764 2805 quum
787 2720 962 2784 interfuisse
986 2719 1151 2803 aliquando
1175 2720 1288 2784 diceret
1308 2741 1376 2784 nos·

356 2851 424 2903 tras
455 2839 571 2903 animas
604 2839 708 2903 divino
732 2839 848 2916 itineri,
874 2860 935 2922 quo
960 2837 1036 2902 duce
1059 2837 1135 2901 Jove
1160 2838 1212 2901 Dii
1235 2845 1376 2923 spectant

357 2980 397 3023 ea
419 2956 504 3035 loca,
529 2958 561 3022 in
584 2958 696 3042 quibus
720 2958 786 3043 ipsa
809 2966 855 3020 est
879 2958 1002 3021 veritas:
1028 2958 1117 3042 cujus
1140 2956 1309 3041 spectaculi
1331 2980 1376 3020 re·

355 3076 519 3141 tinendam
550 3099 614 3140 esse
645 3088 675 3140 et
706 3076 896 3140 excitandam
927 3076 1104 3140 memoriam
1109 3102 1119 3154 3
1151 3076 1207 3139 alis
1239 3085 1308 3139 tum
1331 3077 1375 3139 in-

357 3201 494 3258 structas
516 3193 611 3258 fuisse
635 3195 765 3272 animas,
790 3206 821 3258 et
844 3195 906 3258 veri
929 3195 1106 3279 philosophi
1130 3194 1262 3258 animam
1283 3195 1374 3258 tertio
1447 3269 1449 3272 ¹

356 3315 470 3377 itinere
492 3335 670 3398 recuperare
694 3336 760 3378 eas:
786 3314 973 3398 reliquorum
997 3330 1120 3397 quoque
1142 3312 1295 3399 triplicem
1310 3313 1375 3377 fieri

357 3433 472 3509 vitam,
504 3442 535 3496 et
565 3454 620 3517 pro
651 3433 767 3499 meritis
799 3454 864 3496 esse
893 3433 1037 3517 praemia.
1050 3435 1076 3517 41)
1121 3431 1273 3496 Pindarus
1304 3453 1374 3495 vero

354 3552 451 3639 justis
482 3553 590 3616 animis
622 3552 759 3616 divinam
790 3553 871 3617 viam
900 3553 997 3637 ipsius
1027 3552 1112 3616 Jovis
1144 3559 1278 3636 apertam
1310 3572 1374 3614 esse

358 3672 452 3735 docet
474 3672 513 3735 ad
536 3672 694 3737 beatorum
718 3674 832 3736 insulas
856 3680 885 3736 et
909 3672 948 3735 ad
972 3670 1065 3737 Croni
1084 3672 1207 3755 regiam.
1249 3669 1372 3734 Etenim

357 3799 477 3855 remota
507 3799 552 3855 est
582 3791 674 3875 longe
697 3791 831 3875 perfecta
854 3791 999 3868 beatitas,
1030 3800 1059 3854 et
1083 3799 1185 3854 tamen
1209 3790 1274 3874 ejus
1298 3788 1375 3852 desi-

359 3910 481 3974 derium
508 3932 571 3974 uon
593 3918 745 3974 remotum
769 3909 806 3973 ab
830 3911 954 3995 optimis
979 3910 1151 3993 quibusque
1174 3908 1373 3973 mortalibus:

358 4029 457 4114 igitur
487 4030 534 4092 via
564 4029 656 4113 longa
687 4037 747 4105 est,
779 4029 873 4111 inque
903 4028 978 4092 locis
1002 4029 1054 4104 iis,
1079 4027 1135 4091 nbi
1157 4026 1286 4091 beatitas
1310 4035 1372 4103 est,

362 4227 551 4238 ..—

394 4364 419 4423 1)
439 4362 476 4410 Ol.
495 4362 530 4409 II.
549 4359 612 4420 104,
629 4374 688 4423 seqq.
790 4359 816 4419 2)
834 4358 928 4422 Pragm.
946 4357 1034 4406 Thran.
1052 4357 1072 4404 Ι.

395 4459 420 4520 3)
437 4458 530 4522 Fraqm.
546 4455 610 4521 apud
628 4455 761 4517 Hevnium,
780 4454 869 4503 Incert.
886 4452 977 4513 XCVI,
995 4453 1058 4517 apud
1074 4452 1223 4501 Boeckbium
1242 4452 1330 4501 Thrau.
1349 4451 1373 4499 8.

395 4558 422 4617 a)
440 4553 540 4605 raam.
557 4554 606 4604 aas
627 4554 697 4600 n-
715 4552 762 4599 aaa
782 4552 811 4599 n.
