3767 5534
854 727 891 786 15

356 924 544 1011 Neptunum
575 928 693 992 videret
721 927 916 1012 adjuvantem
939 927 972 989 in
997 926 1114 1011 proelio
1138 926 1290 1006 Achivos,
1320 949 1381 990 me-

354 1052 461 1109 tueret
490 1053 592 1110 autern
615 1069 655 1110 ne
679 1046 708 1109 id
732 1045 800 1109 fieri
822 1045 947 1130 Jupiter
969 1053 1102 1123 vetaret,
1127 1046 1182 1131 qui
1205 1046 1237 1109 in
1260 1068 1381 1110 summo

356 1164 474 1227 montis
505 1164 579 1229 Idae
607 1166 720 1230 vertice
743 1163 914 1229 residebat:
940 1164 1105 1229 eonsilium
1127 1163 1296 1229 meditatur
1319 1187 1381 1249 quo

355 1280 449 1345 illum
480 1282 635 1368 deciperet
665 1292 696 1347 et
728 1306 831 1347 amore
863 1305 919 1346 suo
952 1283 1099 1366 coituque
1129 1284 1381 1357 fruentem,con·

356 1400 484 1483 sopiret.
531 1399 652 1486 Corpus
685 1423 777 1464 suum
808 1401 899 1484 ungit
930 1400 1024 1464 odore
1052 1400 1221 1479 ambrosio,
1246 1402 1300 1486 qui
1323 1400 1381 1465 fra·

357 1540 452 1601 grans
482 1526 594 1583 terram
618 1520 799 1604 coelumque
822 1520 993 1603 contingit:
1019 1527 1112 1604 caput
1134 1520 1308 1584 immortale
1331 1519 1381 1584 de·

358 1646 447 1701 corat
469 1638 704 1723 splendentibus
727 1640 817 1725 spiris
841 1641 991 1705 crinium:
1018 1646 1131 1704 vestem
1155 1641 1267 1719 sumit,
1283 1641 1381 1725 ipsius

359 1756 518 1821 Minervae
540 1758 647 1823 textile
670 1782 765 1844 opus,
790 1783 898 1825 zonam
919 1760 1027 1844 quavis
1053 1759 1152 1844 gratia
1168 1761 1379 1844 praelustrem.

356 1876 440 1941 Tum
470 1900 541 1941 vero
565 1880 661 1944 altero
685 1880 757 1944 dolo
780 1903 837 1945 usa
859 1880 1013 1945 Venerem
1037 1880 1191 1966 appellat,
1217 1888 1267 1958 et,
1292 1881 1382 1965 quasi

357 1995 476 2060 Oceani
506 2004 537 2061 et
567 1997 712 2083 Tethyis,
745 2000 799 2084 qui
830 2000 929 2084 ipsam
962 1999 1161 2077 educassent,
1194 1998 1379 2063 discordiam

358 2116 583 2200 compositura,
620 2118 697 2203 petit
732 2118 770 2181 ab
805 2141 841 2182 ea
875 2125 906 2182 et
936 2117 1080 2202 impetrat
1102 2125 1237 2196 cestum,
1262 2116 1380 2182 blandi·

356 2243 463 2299 menta
485 2235 666 2313 habentem,
692 2236 764 2300 deos
787 2237 990 2321 hominesque
1020 2236 1187 2301 domantia.
1234 2236 1274 2301 In
1299 2238 1383 2300 auxi·

360 2354 441 2417 lium
468 2376 580 2419 vocans
611 2354 778 2432 Somnum,
807 2356 922 2420 frustra
946 2377 1074 2420 aureum
1097 2356 1125 2419 ei
1149 2355 1295 2419 thronum
1313 2378 1381 2441 pro·

361 2474 475 2537 mittit:
506 2479 631 2538 atvero
656 2474 684 2537 ei
707 2474 846 2559 pollicita
869 2474 1049 2538 Gratiarum
1073 2475 1166 2538 unius
1191 2473 1381 2539 connubium

364 2614 435 2657 eum
470 2600 634 2677 permovet.
681 2591 763 2658 Tum
797 2593 883 2657 illam
919 2592 957 2657 ad
992 2616 1024 2657 se
1059 2594 1231 2657 venientem
1260 2593 1383 2679 Jupiter

362 2711 495 2796 adspicit
512 2719 542 2775 et
558 2734 659 2776 amore
676 2720 762 2776 tanto
779 2712 966 2790 involvitur,
985 2719 1101 2795 quanto
1117 2735 1276 2797 nunquam
1293 2721 1383 2777 antea

361 2837 522 2914 correptus
553 2831 670 2895 inerat:
702 2830 788 2895 illam
821 2830 910 2916 quasi
941 2830 1058 2916 pudore
1087 2832 1290 2896 reluctantem
1322 2855 1383 2896 am-

364 2947 531 3032 plectitur,
567 2947 703 3013 obducta
733 2947 864 3025 nebula,
897 2971 951 3034 per
982 2971 1073 3032 quam
1106 2972 1145 3014 ne
1176 2948 1227 3013 Sol
1259 2950 1383 3034 quidem

363 3074 523 3153 penetret:
556 3068 615 3134 sub
645 3069 707 3133 illis
735 3069 806 3133 diva
829 3070 923 3134 tellus
947 3070 1092 3155 producit
1115 3069 1223 3133 florida
1246 3071 1385 3154 gramina

361 3186 525 3271 latumque
557 3195 587 3251 et
618 3210 741 3252 crocum
764 3195 795 3251 et
817 3188 1040 3272 hyacinthum,
1063 3195 1100 3252 ut
1122 3188 1155 3251 in
1178 3188 1280 3252 herbis
1304 3189 1385 3252 fiori-

361 3305 486 3389 busque
520 3306 647 3390 repositi
680 3305 780 3390 iisque
815 3306 908 3370 levati
943 3306 1043 3370 solum
1078 3313 1176 3370 terrae
1206 3329 1269 3370 non
1293 3308 1385 3372 attin·

361 3431 454 3510 gant:
480 3424 571 3489 etde
594 3424 729 3489 obducta
751 3424 867 3489 nebula
889 3447 981 3489 aurea
1003 3425 1152 3509 fulgentis
1176 3426 1253 3490 roris
1277 3435 1385 3511 guttae

363 3544 518 3613 defluunt.
537 3545 561 3629 1)
607 3543 679 3625 Qua
717 3546 892 3609 narratione
931 3545 1009 3629 quid
1049 3545 1228 3624 candidius,
1265 3546 1385 3632 elegan-

363 3665 446 3742 tius,
471 3663 630 3728 venustius
653 3686 719 3727 esse
735 3663 859 3748 potest?
893 3663 935 3727 Et
951 3671 1072 3742 tamen,
1089 3664 1191 3728 nescio
1208 3666 1384 3749 quomodo,

362 3782 532 3869 perfectam
545 3776 709 3866 'quandam
733 3781 766 3845 in
788 3781 923 3846 Homero
940 3782 1182 3861 humanitatem,
1199 3784 1231 3847 in
1248 3783 1384 3848 Pindaro

363 3900 560 3965 divinitatem
582 3901 660 3965 mihi
682 3900 788 3964 videor
811 3900 964 3965 admirari.
1012 3900 1106 3981 Quod
1129 3924 1192 3965 non
1208 3900 1276 3965 dico
1293 3924 1383 3981 sane,

363 4041 429 4105 quo
453 4019 583 4085 alterum
608 4026 729 4105 po'e'tam
755 4019 842 4084 alteri
870 4026 1025 4105 praestare
1045 4020 1198 4106 judicem:
1224 4020 1276 4084 sed
1300 4021 1383 4107 apud

364 4137 537 4203 Homerum
570 4138 695 4203 omnino
726 4137 863 4203 Deorum
895 4144 1008 4202 natura
1039 4139 1165 4223 propius
1200 4138 1317 4203 accedit
1348 4138 1386 4202 ad

365 4258 526 4323 homines:
560 4258 646 4323 velut
676 4259 709 4322 in
741 4258 798 4322 hac
821 4258 892 4343 ipsa·
911 4280 945 4322 re
968 4265 1015 4321 est
1037 4258 1260 4343 δολοφρονέουσα
1282 4258 1387 4323 atrata

406 4519 430 4581 1)
449 4520 517 4568 Iliad
541 4521 610 4569 XIV.
628 4518 768 4568 asa-353.
