3767 5534
998 724 1062 783 402
1105 759 1108 765 -

526 920 666 1002 Agesiam
691 919 806 983 invidia
829 942 967 1003 pressum
992 920 1103 985 vidisse
1124 921 1207 1005 apud
1222 922 1302 985 cives
1319 920 1542 1004 Syracusanos,

525 1036 564 1099 ob
588 1036 733 1101 Hieronis
756 1038 840 1100 haud
863 1036 957 1101 dubie
981 1039 1147 1102 amicitiam
1172 1039 1262 1121 eique
1279 1038 1455 1122 praestitam
1473 1058 1544 1121 ope·

524 1176 604 1216 ram:
631 1155 687 1217 hac
710 1153 748 1217 de
772 1177 862 1217 causa
886 1154 960 1218 haec
983 1153 1150 1219 Pindarum
1175 1155 1339 1220 addidisse.
1387 1153 1473 1233 Quid
1490 1176 1544 1217 au·

525 1280 585 1335 tem
617 1273 654 1334 de
686 1272 739 1334 illa
767 1273 897 1355 Agesiae
920 1272 1012 1337 caede
1036 1280 1067 1336 et
1090 1272 1206 1336 invidia
1230 1273 1457 1349 existimemus,
1478 1274 1540 1356 jam

524 1390 741 1475 explicavimus
772 1391 810 1453 ad
841 1413 874 1453 vs
909 1393 970 1453 123
996 1414 1064 1475 pag.
1089 1394 1164 1479 393.
1213 1390 1280 1454 Hoc
1309 1390 1432 1473 quidem
1457 1411 1542 1452 ranno

525 1508 681 1583 addimus,
714 1509 824 1572 mirum
857 1509 952 1572 videri
980 1509 1087 1586 nobis,
1117 1509 1261 1592 Agesiam
1285 1509 1418 1572 invisum
1443 1507 1539 1571 fuisse

526 1625 721 1711 Syracusanis
753 1633 876 1711 propter
908 1627 1073 1693 amicitiam
1097 1626 1264 1702 Hieremia,
1289 1628 1372 1711 ejus,
1397 1626 1452 1711 qui
1480 1631 1544 1688 erat

526 1764 577 1807 eos
608 1747 722 1825 κοόονρῷ
753 1747 877 1825 σκάπτῳ
906 1745 1024 1826 διόπων,
1057 1743 1144 1823 ἄρτιον
1174 1744 1342 1821 μηδόμενος.
1378 1741 1496 1810 Verum
1526 1763 1544 1804 a

526 1862 758 1925 scholiastarum
795 1885 919 1947 qnoque
950 1862 1151 1946 explicatione
1182 1862 1315 1927 discedo.
1372 1860 1543 1924 Cohaerere

528 1981 601 2043 haec
633 1982 707 2044 mihi
739 1982 882 2045 videntur
915 2004 984 2045 oum
1017 1982 1161 2046 Hieronis
1185 1983 1360 2046 laudatione
1385 1989 1416 2045 et
1439 1982 1543 2045 referri

527 2099 566 2162 ad
589 2101 654 2183 ejus
678 2108 708 2162 et
732 2101 861 2183 Agesiae
885 2101 1059 2164 amicitiam.
1108 2100 1303 2184 Comparatio
1325 2101 1391 2184 ipsa
1407 2101 1482 2163 satis
1498 2108 1544 2162 est

527 2216 609 2280 clara
631 2223 662 2279 et
684 2218 860 2300 perspicua:
879 2226 913 2280 ut
929 2218 1014 2280 navis
1031 2217 1150 2281 duabus
1166 2218 1286 2281 firmata
1301 2217 1443 2281 anchoris
1460 2216 1544 2280 haud

528 2334 615 2397 facile
646 2341 826 2418 tempestate
857 2342 1036 2416 quassatur,
1070 2335 1113 2398 sic
1144 2335 1177 2399 in
1208 2335 1343 2398 amicitia
1375 2357 1439 2398 esse
1463 2335 1544 2397 vitae

529 2452 730 2535 praesidium,
756 2453 781 2513 si
805 2453 920 2516 amicus
944 2452 1068 2538 adjuvet
1089 2454 1231 2517 amicum.

578 2573 650 2635 174.
686 2571 766 2635 τῶνδ’
801 2571 910 2635 ἐκείνων
947 2595 989 2635 τε.
1032 2571 1291 2655 Syracusanorum
1323 2579 1354 2634 et
1384 2569 1546 2655 Stympha-

529 2687 652 2751 liorum.

579 2808 651 2869 176.
687 2804 869 2889 Neptunum
900 2805 1035 2868 invocari
1071 2812 1161 2888 putat
1187 2827 1267 2868 unus
1291 2804 1545 2881 scholiastarum,

531 2922 616 3006 quod
646 2924 774 3006 Agesias
806 2924 870 3008 ejus
902 2923 942 2985 sit
973 2922 1150 3007 progenies,
1177 2924 1291 3008 quippe
1315 2922 1483 2999 ex'Jamo,
1508 2944 1546 2985 ex

532 3040 674 3120 Euadne,
706 3063 742 3105 ex
770 3040 919 3125 Neptuno
952 3048 982 3105 et
1013 3039 1131 3105 Pitana.
1181 3041 1243 3104 atii
1267 3040 1355 3105 πλόον
1378 3040 1546 3125 significari

532 3159 729 3223 crediderunt
759 3160 839 3222 vitae
869 3180 1005 3224 cursum.
1052 3160 1187 3223 Omnino
1212 3158 1377 3241 significari
1400 3158 1545 3223 existimo

530 3279 755 3363 navigationem
786 3278 819 3341 in
849 3277 1001 3356 Siciliam,
1034 3285 1065 3341 ct
1095 3276 1278 3361 Neptunum
1302 3298 1363 3340 non
1387 3276 1477 3339 aliam
1504 3275 1544 3339 ob

530 3417 654 3460 causam
676 3396 823 3481 appellari
846 3397 906 3459 nisi
930 3397 1003 3479 quia
1026 3396 1066 3459 sit
1090 3396 1174 3459 Deus
1191 3395 1291 3460 maris.
1328 3393 1423 3473 Quod
1438 3405 1544 3458 autem

531 3512 713 3597 Neptunum
748 3512 843 3577 Poeta
872 3514 1006 3598 appellet
1037 3513 1244 3598 Amphitritae
1274 3513 1436 3588 maritum,
1470 3519 1556 3576 sunt·

530 3633 583 3714 qui
616 3631 648 3695 id
670 3640 794 3716 propter
817 3631 1002 3715 singularem
1027 3653 1148 3695 causam
1172 3631 1238 3694 fieri
1261 3631 1454 3707 existiment,
1480 3631 1545 3694 sive

531 3755 567 3811 nt
596 3751 684 3832 quasi
714 3751 808 3813 comis
838 3759 867 3813 et
896 3750 1083 3835 tranquillus
1106 3756 1192 3833 pater
1215 3749 1346 3813 familias
1369 3771 1544 3832 repraesen-

529 3876 629 3947 tetur,
661 3870 724 3933 sive
753 3876 788 3932 ut
810 3868 905 3933 Poeta
928 3891 999 3933 eum
1023 3868 1309 3933 commemoratione
1333 3867 1473 3952 conjugis
1497 3888 1544 3931 aa·

529 3988 666 4052 rissimae
696 3986 877 4051 demulceat.
924 3985 998 4050 Non
1023 3988 1067 4050 ita
1091 3994 1145 4050 est.
1193 3984 1251 4048 nst
1280 3985 1367 4069 epico
1390 4006 1474 4047 more
1497 3985 1544 4047 ita

530 4104 649 4181 dictus,
675 4105 828 4188 quomodo
853 4104 933 4189 apud
958 4104 1125 4168 Homerum
1150 4103 1188 4168 Il.
1212 4101 1296 4167 136

665 4222 828 4288 Ἀπόλλωνι
852 4223 957 4286 ἄνοικον
981 4222 1029 4285 τὸν
1053 4222 1175 4298 ἠύκομος
1199 4218 1266 4284 τέκε
1289 4222 1395 4295 nard·

529 4340 619 4405 Pind.
647 4338 699 4403 Ol.
723 4338 758 4402 Π
784 4341 845 4403 140

855 4523 861 4532 ,
955 4456 1055 4537 Κρόνος
