3767 5534
901 722 964 785 307

698 925 767 992 ἵστω
790 926 814 990 δ’
836 922 913 996 ὅστις
936 927 994 1004 οὐχ
1017 924 1180 1004 ὑποπτέροις

696 1046 840 1125 Φριιντίσιν
861 1045 950 1116 daris.

432 1163 475 1230 111
497 1164 578 1250 apud
600 1163 798 1249 Sophoclem,
825 1164 928 1248 Antig.
955 1166 1017 1227 209

595 1286 667 1349 ἀλλ’
689 1282 767 1357 ὅστις
789 1284 883 1355 εὔνους
905 1257 973 1365 ratde
997 1293 1034 1364 τῇ
1057 1284 1157 1364 πόλει,
1182 1283 1269 1346 danda

597 1403 648 1469 nat
673 1403 726 1484 ζῶν
748 1404 849 1482 ὁμοίως
872 1402 904 1479 ἐξ
926 1404 997 1481 ἐμοῦ
1018 1403 1186 1479 τιμήσεται.

432 1520 515 1587 Nam
545 1544 653 1609 parum
683 1545 755 1589 11111
786 1532 817 1587 11
840 1545 927 1607 saepe
951 1521 1028 1585 nihil
1051 1521 1113 1585 fere
1136 1520 1281 1585 differunt
1304 1520 1384 1583 inter
1407 1542 1439 1582 se

433 1641 511 1713 ὅστις
535 1648 566 1706 11
588 1640 615 1706 εἷ
635 1666 690 1714 τις.

483 1764 555 1826 104.
590 1761 665 1825 Loci
696 1762 847 1827 sententia
877 1762 938 1826 fere
971 1760 1120 1846 ejusmodi
1143 1782 1207 1824 esse
1231 1760 1440 1836 existimatur,

435 1886 489 1957 ut,
513 1881 566 1965 qui
588 1880 703 1944 divitiis
726 1887 756 1944 et
779 1863 874 1964 gloria
898 1880 1031 1964 reliquos
1055 1886 1193 1963 superet,
1218 1878 1305 1941 facilc
1330 1876 1367 1940 ad
1391 1897 1440 1940 su-

435 1999 571 2085 perbiam
594 2008 625 2063 et
648 1999 868 2064 contumaciam
893 1999 1087 2084 perducatur:
1114 1997 1222 2061 debere
1245 2005 1346 2060 autem
1371 2018 1440 2059 eum

435 2119 558 2183 retineri
580 2118 764 2203 cogitatione
783 2118 909 2204 judicii,
940 2118 1022 2202 quod
1047 2118 1078 2181 in
1102 2118 1205 2181 inferis
1230 2117 1365 2181 futurum
1390 2117 1438 2180 sit.

434 2232 586 2302 Non'est
616 2238 667 2302 111.
714 2238 883 2304 Poenarum
914 2237 1055 2324 quidem,
1081 2258 1158 2322 quae
1181 2237 1276 2300 malos
1298 2243 1438 2312 manent,

435 2357 520 2441 prior
535 2356 790 2420 'commemoratio
818 2365 881 2433 est,
905 2378 1011 2424 verum
1035 2363 1065 2419 et
1089 2354 1204 2431 brevis,
1230 2363 1259 2418 et
1282 2355 1367 2440 quasi
1392 2377 1442 2418 ne-

435 2477 566 2540 cessario
590 2475 757 2561 postulata,
782 2498 878 2559 quum
901 2476 979 2539 vitae
1003 2482 1071 2560 post
1094 2484 1222 2539 mortem
1241 2475 1360 2538 futurae
1377 2497 1442 2538 nar-

434 2596 515 2660 ratio
549 2595 739 2659 instituatur.
792 2593 951 2679 Copioaior
988 2594 1086 2659 multo
1122 2601 1151 2657 et
1185 2594 1280 2678 magis
1314 2594 1441 2659 illustris
1509 2646 1513 2658 .

434 2714 658 2800 praemiorum,
690 2735 767 2799 quae
798 2713 885 2777 bonis
912 2713 1065 2798 justisque
1089 2718 1161 2776 sunt
1183 2712 1355 2798 proposit-a,
1379 2711 1443 2774 lau·

433 2832 521 2898 datio
555 2840 611 2896 est.
656 2832 828 2909 Summam,
864 2853 941 2915 quae
976 2831 1097 2894 mortali
1128 2831 1303 2914 contingere
1328 2830 1440 2915 possit,

433 2950 611 3015 felicitatem
635 2950 832 3035 praedicavit,
856 2950 888 3013 in
912 2948 1027 3012 divitiis
1051 2956 1081 3012 et
1101 2948 1360 3033 praestantissima
1378 2948 1441 3031 glo·

432 3070 482 3135 ria
504 3071 649 3156 positam:
675 3069 712 3133 ab
736 3091 771 3132 eo
794 3070 873 3132 vitae
897 3090 988 3132 cursu
1012 3076 1133 3131 evectus
1153 3067 1248 3132 Poeta
1264 3068 1440 3152 ampliorem

432 3198 576 3254 aeternae
598 3189 677 3252 vitae
699 3210 822 3253 cursum
845 3188 932 3271 ponit
955 3187 994 3250 ob
1018 3186 1140 3263 oculos,
1165 3188 1339 3271 majoraque
1358 3209 1441 3271 prae-

433 3311 516 3387 mia,
548 3331 640 3395 quam
670 3331 721 3385 ea,
746 3330 823 3391 quae
847 3308 956 3371 victori
979 3305 1139 3392 Olympiae
1162 3307 1346 3371 tribuantur.
1395 3308 1444 3372 Ita

434 3430 481 3507 ei,
516 3430 564 3493 cui
579 3430 626 3513 ‚in
654 3429 710 3492 1111
734 3429 796 3491 vita
818 3427 954 3492 lucidum
979 3426 1063 3491 sidus
1087 3435 1117 3490 et
1133 3427 1282 3512 splendor
1305 3428 1441 3492 sincerus

436 3549 583 3634 contigit,
607 3547 788 3633 proponitur
810 3546 881 3609 solis
906 3554 1000 3610 noctu
1023 3552 1054 3609 11
1076 3546 1212 3610 interdiu
1235 3547 1365 3611 lucentis
1385 3547 1443 3610 tul·

435 3689 508 3751 gor:
532 3673 562 3729 11
584 3674 653 3752 post
675 3667 763 3729 flores
786 3673 816 3727 et
838 3684 963 3727 coronas
988 3664 1142 3749 quadrigis
1163 3662 1322 3749 Olympiae
1340 3664 1442 3741 datas,

436 3793 559 3871 postea,
591 3786 640 3849 via
670 3784 708 3848 ad
738 3783 831 3847 Croni
858 3784 965 3847 turrim
991 3792 1127 3868 peracta,
1152 3784 1239 3847 sertis
1264 3794 1294 3847 et
1317 3783 1442 3848 floribus

437 3905 537 3968 aureis
572 3904 602 3967 in
638 3904 795 3967 beatorum
812 3908 814 3912 ’
830 3902 937 3965 insulis
968 3902 1072 3986 justus
1108 3901 1281 3979 ornabitur,
1318 3924 1379 3966 non
1410 3903 1442 3965 in

437 4022 656 4089 Hellanodicae
679 4022 816 4105 quamvis
839 4040 936 4105 aequo
957 4019 1090 4105 jndicio,
1114 4020 1166 4083 sed
1182 4022 1213 4084 in
1232 4029 1313 4085 recto
1326 4020 1442 4105 jndicio

438 4142 663 4206 Rhadamanthi
686 4140 845 4204 assidentis
870 4138 929 4223 ipsi
953 4160 1094 4223 supremo
1115 4138 1226 4203 Crono,
1260 4138 1379 4219 Quodsi
1403 4139 1446 4203 di·

438 4263 530 4328 vitiae
553 4269 675 4326 ornatae
699 4259 841 4326 laudibus
865 4282 932 4324 1111
957 4268 987 4323 11
1010 4258 1196 4344 profundum
1220 4247 1443 4343 praeclarorum

438 4382 607 4446 facinorum
637 4380 773 4443 studium
804 4379 964 4463 injiciunt,
997 4386 1031 4441 nt
1059 4401 1092 4440 vs
1117 4380 1157 4439 99
1182 4376 1356 4461 expressum
1380 4384 1442 4454 111,

440 4503 516 4566 hacc
548 4507 644 4576 certe,
684 4521 761 4583 quac
799 4496 940 4581 deinceps
978 4503 1179 4573 memoratur,
1218 4495 1340 4561 futurae
1375 4504 1444 4581 post

1267 4619 1321 4675 20*
