3767 5534
911 716 973 780 487

483 921 554 983 184.
590 914 653 986 οἷον.
678 919 865 984 scholiastae
874 927 989 983 veteres
1003 924 1165 996 testantur,
1180 918 1256 982 alios
1268 918 1378 1003 legisse
1387 914 1450 984 οἷον.

481 1040 556 1108 134..
588 1040 617 1103 ἐν
638 1040 805 1118 Μαραθῶνι.
843 1036 881 1101 In
911 1037 1077 1100 Heracleis.

463 1158 553 1238 ¹134.
589 1157 723 1227 συλαθεὶς
746 1157 895 1232 ἀγενείων.
936 1154 1012 1219 Fuit
1033 1162 1115 1218 aetas
1139 1162 1323 1218 certatorum
1347 1156 1453 1239 triper-

433 1275 507 1352 tita,
539 1275 665 1352 natat,
697 1275 855 1353 ἀγενείων,
886 1274 1008 1356 ἀνδρῶν,
1039 1275 1095 1357 qui
1124 1271 1248 1356 quidem
1279 1274 1387 1352 etiarn,
1418 1281 1452 1339 ut

433 1393 598 1472 hocloco,
623 1394 811 1473 πρεσβύτεροι
838 1393 1035 1457 vocabantur.
1076 1392 1205 1457 Exstant
1229 1402 1332 1456 autem
1355 1415 1454 1457 erema

434 1510 502 1596 pla,
534 1510 696 1595 aliquoties
728 1519 847 1596 praeter
882 1520 1012 1574 aetatem
1044 1512 1178 1596 corporis
1210 1511 1316 1575 faciem
1348 1520 1377 1574 et
1395 1511 1451 1575 'vel

433 1630 622 1695 debilitatem
646 1631 693 1694 vel
724 1631 818 1695 robur
842 1630 976 1693 valuisse
1004 1631 1048 1693 ita
1070 1631 1102 1693 in
1126 1630 1293 1715 partiendis
1315 1605 1452 1694 certami-

434 1749 541 1827 nibus,
566 1759 602 1813 ut
625 1748 736 1833 aliquis
761 1749 799 1812 ab
822 1770 858 1813 eo
883 1749 1064 1825 certamine,
1087 1750 1137 1812 cui
1153 1749 1297 1812 interesse
1314 1749 1450 1826 volebat,

433 1875 601 1931 arceretur:
634 1874 726 1951 atque
758 1868 852 1930 etiam
887 1889 943 1929 sua
975 1867 1109 1951 aliquem
1140 1867 1297 1931 voluntate
1328 1868 1451 1951 gravius

434 1991 586 2050 certamen
610 1984 738 2048 subiisse
759 2006 851 2067 qnam
874 2007 931 2047 sua
951 1993 1033 2048 aetas
1053 1985 1187 2049 ferebat:
1207 1992 1298 2068 atque
1311 1984 1386 2049 adeo
1399 1984 1451 2048 ali-

434 2124 525 2186 quem
550 2124 611 2165 nno
635 2102 685 2166 die
709 2102 846 2187 plurium
868 2110 1003 2165 aetatum
1027 2105 1192 2166 certamina
1208 2103 1355 2167 subiisse:
1374 2103 1451 2167 Pau-

434 2245 498 2291 san.
529 2222 566 2288 L.
590 2222 638 2290 VI
661 2222 695 2287 G.
722 2221 799 2285 XIV
826 2225 853 2285 l.
894 2221 983 2285 Conf.
1006 2222 1036 2285 J.
1062 2222 1102 2285 H.
1128 2222 1263 2300 Krause,
1290 2223 1348 2287 Die
1372 2226 1453 2307 Ago·

433 2341 529 2408 nistilr
553 2341 607 2405 der
630 2341 799 2416 Helleneu,
823 2340 859 2403 B.
886 2340 903 2403 I
926 2363 956 2425 p.
983 2343 1058 2403 266.
1093 2340 1331 2426 Epharmostum
1350 2350 1452 2406 antem

434 2467 572 2544 ereptum
597 2482 633 2523 ex
655 2459 848 2528 imberbibus
872 2460 966 2521 fuisse
992 2458 1127 2522 videmus
1153 2468 1182 2523 et
1207 2459 1340 2523 virorum
1364 2460 1455 2523 inter-

434 2579 529 2646 fuisse
552 2578 727 2642 certamini:
753 2578 836 2661 quod
861 2578 904 2641 sic
928 2578 1144 2662 exponendum
1164 2587 1257 2663 puto:
1274 2579 1368 2642 fuisse
1385 2601 1455 2642 eum

434 2705 532 2763 aetate
562 2697 749 2775 imberbem,
782 2698 835 2761 sed
863 2699 925 2783 jam
959 2707 1026 2762 tum
1058 2698 1185 2763 robusta
1215 2699 1291 2763 facie
1322 2699 1455 2785 fortique

433 2838 574 2901 corpore,
598 2823 635 2879 ut
655 2839 724 2879 eum
741 2816 779 2880 ab
795 2816 979 2880 imberbium
998 2817 1164 2881 certamine
1182 2818 1348 2881 arcuerint:
1366 2817 1453 2881 illum
1559 2851 1572 2866 ·

435 2943 537 2998 antem
564 2941 630 2998 tum
654 2935 777 3018 petiisse
801 2942 831 2997 et
854 2944 1041 2998 sustentasse
1064 2943 1218 2999 certamen
1243 2936 1338 3000 virile.
1375 2935 1454 2999 Sunt

387 3124 389 3127 y
435 3052 489 3136 qui
519 3052 709 3129 existiment,
741 3052 830 3116 illum
852 3052 957 3116 furtim
983 3053 1180 3139 semetipsum
1205 3053 1242 3116 ab
1265 3053 1455 3129 imberbibus

435 3192 588 3255 separasse
612 3179 643 3234 et
666 3171 738 3234 viris
761 3171 981 3234 immiscuisse:
1007 3193 1111 3234 verum
1135 3148 1259 3235 id'mihi
1274 3194 1311 3235 ex
1327 3171 1454 3240 Pindari

435 3288 533 3357 serbis
566 3310 708 3373 apparere
740 3311 801 3352 non
826 3288 956 3373 videtur.
1005 3290 1147 3361 Συλειθεὶς
1170 3290 1308 3366 ἀγενείων
1333 3291 1455 3374 proprie

435 3406 586 3491 significat
617 3405 765 3490 spoliatus
797 3406 844 3469 vel
875 3408 1011 3491 privatus
1036 3407 1242 3484 imberbibus‚
1265 3408 1298 3472 id
1323 3415 1368 3472 est
1391 3430 1453 3472 cer·

435 3526 549 3592 tamine
580 3523 763 3592 imberbium
796 3524 973 3588 destitutus.
1020 3523 1093 3588 Non
1114 3526 1234 3589 >mirum
1264 3533 1364 3589 autem
1389 3533 1451 3604 est,

435 3643 578 3710 rictorem
605 3642 782 3725 ingentibus
810 3643 1013 3726 spectantium
1045 3653 1205 3727 exceptum
1229 3666 1293 3708 esse
1317 3643 1453 3707 clamori·

435 3761 503 3830 hus.
551 3759 624 3823 Fuit
654 3760 836 3825 Marathone
869 3762 901 3825 in
925 3761 1082 3825 Heracleis
1106 3769 1210 3846 patera
1234 3770 1377 3847 argentea
1398 3783 1453 3846 pro

436 3879 582 3963 praemio.

483 3999 555 4061 138.
590 3996 724 4075 ὀξυρεπεῖ
751 3997 822 4077 δόλῳ
851 3999 976 4063 ἀπτῶτι.
1018 3998 1180 4084 Exquisita
1202 4000 1363 4065 verborum
1386 4023 1455 4066 con·

432 4115 592 4200 junctione
616 4114 797 4198 exprimitur
819 4115 1018 4200 prarmosti
1041 4140 1087 4181 ars
1112 4127 1141 4181 et
1165 4118 1280 4195 virtus,
1301 4126 1363 4181 tam
1381 4118 1455 4181 cele-

434 4233 525 4301 ritate
545 4228 648 4317 >quam
679 4233 821 4296 firmitate
853 4235 975 4298 eximia.
1020 4236 1113 4308 Δόλες
1141 4244 1244 4300 autem
1267 4259 1329 4300 non
1353 4237 1455 4320 ipsum

435 4359 480 4444 est
503 4352 601 4415 malac
625 4352 874 4435 significationis:
901 4354 985 4418 velut
1008 4354 1046 4425 Il.
1074 4354 1126 4423 III
1152 4358 1214 4419 aba
1241 4356 1364 4440 Ulysses

572 4470 649 4542 εἰδὼς
672 4471 824 4557 παντοίους
846 4497 880 4540 τε
894 4473 1003 4545 -δόλους
1026 4476 1075 4541 aet
1099 4477 1196 4554 μήδεαι
1219 4476 1325 4541 πυκνά.
