3767 5534
903 733 967 797 447

431 938 451 1002 3
482 936 632 1023 Aeginam
660 893 755 1000 Poeta
785 934 921 1021 appellat
949 932 1127 1009 πολυξέναν,
1157 939 1187 996 et
1218 930 1308 996 Nem.
1339 930 1367 992 V
1400 930 1440 993 15

431 1056 526 1137 φίλαν
547 1055 633 1134 ξένιον
655 1054 784 1136 ἄρουραν.

476 1172 531 1235 33.
569 1170 684 1248 τεθμὸς.
724 1170 907 1255 Appositum
950 1168 1044 1233 fuisse
1078 1169 1199 1252 signum
1233 1192 1259 1248 χ
1294 1174 1441 1233 memorat

431 1288 596 1353 scholiasta
628 1296 732 1366 vetus,
767 1309 891 1352 causam
925 1287 1089 1372 adjiciens,
1120 1286 1163 1351 ὅτι
1194 1287 1298 1363 τεθμὸν
1328 1293 1376 1351 νῦν
1407 1286 1442 1352 οδ

432 1406 534 1485 δόγμα
563 1406 613 1471 καὶ
643 1408 695 1480 τὴν
724 1406 835 1483 δόκιροιν
865 1406 981 1487 εἴρηκεν.
1029 1404 1123 1485 Quod
1153 1413 1255 1470 tamen
1282 1406 1442 1469 nonsatis

433 1542 587 1610 assequor.

478 1646 532 1707 34.
566 1643 625 1708 καὶ.
662 1644 802 1709 Fortasse
824 1643 881 1707 hac
905 1643 1056 1728 particula
1081 1642 1174 1706 Poeta
1199 1642 1347 1726 Aeginam
1363 1665 1442 1707 com·

434 1782 539 1846 parare
563 1761 629 1825 vult
652 1760 827 1847 Olympiae,
852 1770 884 1825 et
906 1762 965 1846 ipsi
985 1761 1107 1845 justitia
1123 1760 1368 1843 advenarumque
1384 1761 1441 1824 fre·

435 1879 560 1962 quentia
581 1879 740 1964 gloriosae.

479 1999 533 2059 36.
568 1997 726 2075 δαιμονίαν.
762 1997 815 2081 Py.
841 1997 875 2060 II
900 2000 917 2059 5
942 1995 1108 2081 Syracusae

889 2115 994 2194 ἀνδρῶν

747 2232 842 2298 ἵππιον
864 2258 899 2298 τε
921 2234 1142 2313 σιδαροχαρμᾶν

751 2352 893 2428 δαιμόνιαι
916 2352 1026 2435 νροφῑί.

480 2469 534 2531 39.
570 2476 675 2549 Δωριεῖ
703 2472 767 2551 λαῷ
798 2469 1012 2547 ταμιευομέναν
1046 2468 1078 2545 ἐξ
1108 2469 1229 2534 Αἰακοῦ.
1277 2466 1447 2531 Scholiasta

435 2592 528 2647 aetus
551 2584 709 2669 aliquanto
733 2596 802 2671 post
821 2589 957 2650 Aeacum
973 2587 1122 2670 Aeginam
1138 2608 1156 2649 a
1170 2586 1318 2649 Triacone
1333 2585 1448 2668 Argivo

437 2711 616 2786 aucupatam
633 2726 697 2767 esse-
713 2704 802 2782 dicit,
818 2703 950 2788 ideoque
966 2706 1130 2788 Aeginetas
1146 2704 1247 2767 vocari
1264 2703 1445 2767 Dorienses:

438 2820 615 2886 Herodotus
637 2822 674 2887 L.
700 2822 781 2886 VIII
804 2825 846 2886 46
871 2824 1035 2906 Aeginetas
1061 2822 1222 2886 Dorienses
1239 2845 1273 2885 ex
1290 2821 1447 2906 Epidauro

438 2960 503 3002 esse
534 2940 679 3005 affirmat:
712 2941 791 3005 coni.
826 2940 863 3004 L.
895 2939 922 3001 V
956 2943 996 3004 83
1006 2966 1015 3016 ;
1046 2949 1076 3003 et
1099 2939 1226 3017 Strabo,
1250 2939 1287 3003 L.
1312 2939 1394 3002 VIII
1417 2962 1446 3023 p.

440 3058 515 3121 375.
561 3056 650 3137 Quae
681 3059 806 3143 quidem
835 3059 1009 3123 testimonia
1041 3058 1192 3121 Herodoti
1215 3066 1246 3121 et
1269 3057 1448 3122 scholiastae

438 3176 519 3239 inter
542 3199 574 3239 se
596 3199 731 3262 congrua
754 3177 927 3242 efficiuntur
951 3187 981 3241 et
1005 3178 1222 3241 confirmantur
1246 3176 1447 3254 aPausania,

438 3292 475 3357 L.
501 3293 534 3356 Π
557 3292 593 3358 C.
618 3294 729 3359 XXIX
754 3298 791 3372 5,
816 3304 931 3380 partem
959 3296 1141 3380 Argivorum
1165 3303 1448 3371 narranteeorum,

439 3413 492 3497 qui
524 3412 714 3497 Epidaurum
747 3413 911 3491 habereut,
943 3415 975 3477 in
999 3414 1149 3497 Aeginam
1172 3413 1328 3478 transiisse
1350 3420 1381 3475 et
1404 3433 1451 3475 ve·

440 3530 556 3594 teribus
580 3531 737 3613 Aeginetis
760 3532 886 3595 mixtam
908 3530 1104 3595 Doriensium
1122 3553 1220 3595 mores
1236 3539 1268 3595 et
1283 3552 1452 3595 sermonem

439 3648 591 3713 intulisse.
630 3647 719 3712 Conf.
744 3648 890 3725 Mueller,
916 3650 1065 3733 Aeginet·
1083 3673 1112 3742 p.
1137 3653 1191 3713 43.
1228 3649 1342 3713 Verum
1365 3648 1450 3712 illam

441 3774 510 3850 post
541 3769 675 3830 Aeacum
706 3740 856 3830 coloniam
887 3767 917 3831 h.
951 3767 970 3831 l.
1004 3790 1065 3831 non
1098 3768 1250 3852 significat
1280 3766 1450 3844 Pindarus,

440 3907 541 3968 noque
564 3883 597 3960 ἐξ
618 3886 729 3950 Αἰακοῦ
751 3886 795 3948 ita
819 3886 952 3969 positam
975 3893 1038 3963 est,
1062 3886 1319 3969 quemadmodum
1343 3885 1453 3949 scholi·

441 4010 507 4066 asta
540 4002 625 4081 vult,
658 4025 713 4087 pro
743 4003 824 4081 μετα
855 4002 903 4068 τὸν
926 3980 1052 4069 Alauda:
1077 4002 1110 4081 ἐξ
1132 4026 1194 4068 non
1218 4004 1370 4089 significat
1401 4003 1453 4067 aii-

441 4128 558 4203 quanto
581 4129 668 4205 post,
693 4130 724 4184 et
746 4122 790 4185 ita
813 4121 938 4186 demum
963 4122 1114 4207 significat
1126 4132 1213 4208 post,
1226 4133 1278 4201 ut,
1292 4124 1391 4207 siqua
1405 4145 1453 4187 res

442 4247 565 4302 narrata
587 4238 627 4301 sit
651 4238 697 4302 vel
721 4248 804 4301 corto
827 4247 964 4325 tempore
980 4240 1059 4304 iacta
1075 4264 1139 4304 esse
1155 4241 1361 4324 intelligatur,
1378 4240 1452 4317 alia,

443 4379 521 4441 quae
552 4359 617 4441 ejus
649 4357 692 4419 rei
715 4364 835 4442 tempus
860 4366 1025 4422 consecuta
1048 4360 1105 4435 sit,
1130 4359 1191 4422 dici
1216 4361 1311 4443 possit
1333 4359 1398 4421 fieri
1421 4360 1452 4423 ἐν

443 4476 554 4540 τούτου.
591 4474 651 4537 Hic
673 4496 744 4537 uero
768 4495 829 4537 non
853 4482 1008 4539 narratum
1035 4482 1081 4538 est
1104 4477 1196 4539 Aeaci
1220 4498 1346 4559 regnum
1364 4474 1452 4559 quasi
1553 4506 1554 4510 ,
