3767 5534
983 664 1041 749 ao

506 890 643 975 Delphos
667 890 821 975 profectus
845 898 940 968 esset,
965 890 1035 974 pius
1059 890 1164 967 heroe,
1190 896 1225 954 ut
1244 889 1310 955 Deo
1331 890 1412 955 dona
1432 891 1527 955 ferret

504 1010 732 1088 manubiarum,
762 1033 838 1095 quas
865 1010 903 1075 de
926 1010 1018 1097 Troja
1040 1017 1230 1095 portaverat,
1255 1010 1372 1075 rixatus
1396 1010 1524 1095 quidam

502 1153 574 1195 eum
596 1131 732 1215 pugione
755 1130 918 1195 interfecit.
956 1128 1114 1216 Indignati
1138 1130 1332 1194 vehementer
1357 1137 1431 1193 sunt
1450 1128 1523 1193 Del-

503 1250 648 1336 phenses:
673 1250 727 1314 sed
749 1250 802 1314 ille
816 1251 923 1337 fatum
946 1252 1124 1333 repleuerat,
1145 1250 1178 1314 τὸ
1201 1249 1339 1329 μόρσιμον
1363 1249 1521 1317 ἀπέδωκεν.

502 1367 569 1434 Nec
591 1376 694 1433 tamen
718 1370 776 1433 fuit
799 1369 905 1434 infelix
929 1392 1010 1433 mors
1034 1370 1191 1448 habenda,
1217 1391 1273 1434 nec
1297 1370 1409 1435 Fatum
1432 1370 1523 1434 inies·

500 1496 585 1552 tum:
618 1496 724 1552 contra
757 1495 853 1552 morte
885 1488 1015 1573 Delphis
1047 1489 1169 1552 inventa
1193 1488 1416 1573 Neoptolemus
1440 1488 1519 1553 illud

499 1607 596 1671 fatum
616 1608 764 1693 explevit,
787 1630 848 1692 quo
865 1606 1026 1692 oportebat
1042 1607 1175 1691 aliquem
1190 1630 1298 1693 regum
1315 1608 1518 1673 Aeacidarum

501 1750 619 1812 semper
653 1728 738 1792 intus
769 1727 875 1791 adesse
907 1735 1028 1791 vetusto
1059 1728 1130 1791 luco
1163 1750 1257 1814 prope
1289 1728 1427 1813 pulcram
1460 1728 1518 1792 Dei

501 1846 626 1912 domum
650 1856 680 1911 et
704 1847 862 1912 custodem
884 1870 949 1911 esse
967 1847 1124 1911 festorum.
1139 1846 1162 1931 ¹)
1197 1847 1280 1931 Ergo
1301 1856 1331 1912 ct
1352 1847 1518 1912 fortissimo

502 1967 566 2031 viro
596 1968 747 2032 maximus
779 1974 982 2051 aeternusque
1010 1967 1125 2045 honos,
1155 1975 1185 2031 et
1208 1968 1300 2031 sacris
1325 1968 1519 2054 praestantis·

501 2088 577 2151 sima
599 2086 676 2151 Fato
701 2095 786 2172 parta
810 2086 960 2152 custodia.

545 2205 679 2270 Omnino
703 2229 764 2270 non
789 2206 914 2290 quidam
938 2206 1007 2269 Fati
1031 2206 1138 2270 horror
1161 2215 1207 2270 est
1231 2206 1313 2291 apud
1337 2206 1517 2271 Pindarum.

501 2325 686 2411 Magnorum
704 2324 942 2389 infortuniorum
960 2325 1162 2410 graviumque
1178 2346 1323 2402 casuum,
1340 2324 1425 2389 velut
1440 2324 1518 2389 Tan-

500 2444 556 2509 tali
586 2444 633 2509 vcl
665 2444 800 2523 Ixionis,
832 2445 970 2530 ipsorum
1001 2444 1135 2509 virorum
1162 2445 1398 2529 intemperantia
1425 2466 1517 2509 eausa

500 2570 563 2642 est,
588 2564 745 2649 punienda
767 2564 844 2631 Diis.
880 2563 1134 2629 Vicissitudinem
1158 2571 1260 2628 autem
1285 2586 1386 2628 rerum
1412 2563 1516 2627 huma·

499 2706 608 2749 narum
632 2707 714 2761 esse,
739 2693 775 2748 ut
797 2683 981 2748 felicissimis
1005 2685 1045 2748 sit
1069 2683 1234 2748 metuenda
1252 2683 1377 2747 fortuna
1398 2690 1516 2748 contra·

498 2804 560 2882 ria,
593 2804 710 2868 miseris
741 2826 811 2868 vero
843 2803 993 2889 speranda
1024 2803 1147 2880 melior,
1176 2803 1300 2867 omnino
1325 2802 1513 2868 videbimus:

498 2924 552 2989 sed
575 2924 655 2988 illud
678 2924 790 2989 Fatum
814 2947 941 3010 urgenS,
962 2925 993 2989 in
1015 2947 1102 2989 casus
1123 2923 1285 3007 cladesque
1305 2922 1515 3008 irreparabiles

498 3044 661 3130 dejiciens,
698 3066 795 3128 eoque
829 3045 896 3129 ipsa
931 3066 1053 3122 eorum,
1090 3044 1144 3128 qui
1175 3044 1354 3127 capiuntur,
1388 3042 1516 3106 consilia

498 3163 650 3248 dirigens,
684 3163 767 3247 quod
798 3162 922 3247 quidem
954 3172 984 3227 et
1016 3162 1097 3248 apud
1130 3162 1300 3227 Homerum
1324 3170 1354 3226 et
1378 3162 1516 3226 Herodo-

497 3289 583 3360 tum,
608 3288 639 3346 et
661 3302 732 3346 vero
756 3282 838 3367 apud
860 3289 966 3367 poetas
990 3282 1122 3367 tragicos
1145 3289 1247 3345 movet
1271 3280 1513 3366 quamplurima,

497 3402 556 3467 hoc
586 3402 682 3487 igitur
711 3401 756 3465 ita
786 3402 872 3467 abest
902 3424 920 3464 a
952 3400 1103 3479 Pindaro,
1133 3410 1169 3466 ut
1193 3423 1228 3466 eo
1252 3402 1318 3486 ipso
1341 3401 1426 3478 loco,
1451 3423 1513 3485 quo

496 3519 627 3585 maxime
657 3542 891 3585 commemorare
921 3519 1079 3599 videatur,
1103 3528 1207 3585 tamen
1230 3520 1417 3606 gravitatem¹
1434 3542 1514 3583 acer-

495 3639 685 3725 bitatemque
711 3640 807 3704 leniat
830 3647 861 3705 et
883 3640 1032 3704 minuat·

541 3759 573 3823 Is
605 3766 707 3825 autem
737 3759 823 3825 locus
851 3767 897 3824 est
920 3760 959 3826 de
983 3767 1074 3845 gente
1096 3758 1175 3845 Laji.
1212 3757 1306 3844 Apud
1329 3757 1513 3845 Sophoclem

532 4021 556 4082 1)
577 4022 642 4071 Nem.
667 4022 725 4071 VII.
743 4022 782 4071 64.
818 4022 961 4087 Quanquam
980 4022 1051 4071 verba
1069 4026 1095 4073 τὸ
1111 4028 1227 4091 μόρσιμον
1242 4023 1357 4073 ἀπέδωκεν
1373 4021 1514 4086 simpliciter

496 4116 526 4165 de
549 4116 636 4166 mortis
659 4117 710 4167 lato
733 4118 797 4168 dicta
819 4134 870 4169 esse
894 4122 1008 4183 possunt,
1027 4118 1092 4183 quod
1108 4118 1250 4168 mortalibus
1267 4117 1361 4168 cunctis
1377 4117 1512 4182 impendet:

495 4212 528 4262 cl.
545 4228 565 4263 e.
582 4230 605 4278 g.
623 4214 693 4263 Hom.
711 4214 743 4263 Il.
761 4215 847 4264 XXII.
866 4215 909 4273 1³,
928 4214 970 4263 ubi
987 4214 1075 4279 Apollo
1092 4213 1196 4264 Achilli:

700 4312 725 4361 ol
740 4317 783 4375 pie
797 4330 831 4375 με
845 4317 954 4373 renisu,
972 4314 1022 4363 luel
1037 4314 1097 4363 otta
1113 4318 1228 4380 μόρσιμός
1244 4315 1302 4377 slat·

496 4410 577 4456 tanim
600 4407 630 4456 de
652 4422 680 4456 eo
701 4407 751 4457 fsto
769 4406 979 4466 mensurant,
998 4424 1045 4472 quo
1063 4408 1190 4472 oportebat
1207 4407 1393 4472 Neoptolemum
1411 4424 1439 4457 eo
1458 4409 1510 4458 loco
1569 4468 1575 4479 ·

495 4518 523 4553 sc
542 4506 651 4568 tempore
667 4503 743 4564 mori,
760 4503 786 4554 id
803 4504 866 4568 quod
883 4508 951 4570 patet
968 4521 980 4555 e
998 4505 1152 4570 sequentibus
1168 4509 1240 4575 ἐχρῆν
1255 4505 1280 4556 δὲ
1296 4525 1316 4556 κ.
1334 4526 1356 4557 τ.
1374 4508 1394 4556 λ.
