3767 5534
838 770 899 830 Sl?

371 972 561 1047 recoloravit:
591 969 656 1049 ὦρον.
704 969 796 1048 Quod
828 978 928 1033 autern
955 978 1091 1053 tempora
1112 969 1197 1031 Jovis
1221 968 1312 1043 dicit,
1338 970 1374 1029 si-

371 1089 482 1152 militer
512 1090 602 1153 etiam
635 1089 802 1152 Homerus:
836 1089 902 1159 Διὸς
935 1088 1070 1165 μεγάλου
1102 1088 1241 1164 terami,
1274 1086 1311 1150 Il.
1341 1086 1374 1149 ΙΙ

374 1210 451 1286 134,
484 1217 514 1272 et
545 1209 683 1293 saepius:
716 1209 828 1294 quippe
860 1207 1011 1291 quidquid
1036 1216 1099 1270 arte
1122 1206 1256 1270 humana
1278 1208 1375 1291 majus
1490 1252 1498 1270 .

371 1350 434 1391 esse
451 1327 621 1404 videbatur,
638 1328 700 1391 fere
716 1327 883 1391 divinitatis
900 1326 1031 1410 quodam
1048 1326 1183 1411 epitheto
1199 1326 1372 1390 ornabatur.

370 1446 484 1510 Tamen
515 1447 573 1510 hoc
603 1446 670 1510 loco
701 1446 797 1529 magis
829 1446 948 1529 proprie
981 1453 1011 1509 et
1042 1445 1262 1528 significantius
1292 1445 1376 1507 Jovis

371 1573 508 1651 tempora
539 1565 631 1641 dicit,
663 1572 822 1649 propterea
853 1563 934 1647 quod
967 1565 1039 1628 huic
1066 1564 1131 1627 Deo
1155 1564 1220 1627 ludi
1243 1563 1378 1648 Olympii

372 1692 457 1748 erant
480 1685 657 1748 consecrati.

415 1805 445 1865 4.
482 1801 739 1887 Praepositionem
764 1802 818 1865 ὑπὸ
842 1801 1022 1866 scholiastae
1043 1801 1197 1885 explicant
1213 1773 1266 1885 per
1280 1802 1377 1877 μετὰε

371 1944 431 1985 non
455 1920 551 1984 male:
576 1922 737 1985 conserunt
761 1922 851 1985 Hom.
876 1921 914 1984 Il.
939 1920 1035 1984 XVII
1059 1922 1123 1983 492

459 2039 578 2120 νύμφαις
601 2039 624 2103 δ’
648 2042 680 2103 ἕκ
702 2041 842 2115 θοολοὶμων
865 2040 968 2105 ὃοοΐδων
992 2041 1046 2103 ὑπὸ
1069 2022 1285 2116 λοομπομενοὶων

458 2160 568 2235 ἠγίνεον
590 2160 648 2223 οὶνοὶ
671 2157 756 2223 doru.

371 2276 515 2341 Similiter
545 2276 720 2342 Herodotus
752 2278 769 2341 I
801 2282 858 2345 17:
883 2280 1072 2359 ἐστρατεύετο
1096 2280 1156 2343 ὑπὸ.
1178 2254 1323 2357 rupim:
1345 2302 1379 2341 τε

370 2397 418 2460 nal
442 2397 586 2470 πνκτοἙων
610 2398 659 2461 ecl
683 2400 783 2462 οούλοῦ.
809 2397 849 2460 E:
872 2399 939 2482 ipse
962 2397 1133 2474 PindaruS,
1159 2396 1208 2460 Ol.
1234 2396 1298 2460 VII
1319 2398 1375 2459 23:

370 2516 421 2579 κοί
444 2541 490 2579 ννν
513 2514 561 2580 ὑπ’
585 2517 757 2596 ἀμφοτέρων
781 2517 958 2598 (φόρμιγγος
981 2518 1030 2581 nal
1056 2519 1162 2599 οὐλῶν)
1178 2517 1229 2580 σὺν
1246 2514 1378 2597 Δοοονόρορ

369 2634 511 2711 κοοτέβοον.
549 2633 694 2720 Appellat
717 2644 819 2698 autem
842 2634 976 2716 μάρτυροι
999 2657 1060 2699 non
1084 2642 1300 2720 spectatorem,
1326 2633 1377 2697 sed

369 2759 476 2816 testem
500 2760 663 2816 testantem
687 2761 717 2816 et
741 2752 996 2837 praedicatorem,
1029 2754 1165 2831 ὑμνντήν.
1213 2752 1300 2816 Gouf.
1325 2750 1375 2815 Ol.

369 2870 491 2934 v135.
538 2870 744 2955 conjunctum
776 2872 898 2956 quidem
926 2872 1170 2942 enarrante:
1195 2894 1265 2936 cum
1289 2870 1378 2949 ἔπομ-

367 2996 446 3069 ψοον,
478 2990 531 3054 sed
561 3013 623 3054 non
651 3013 719 3055 cum
747 3014 782 3054 eo
805 2991 896 3056 verbo
920 2990 1002 3067 solo,
1027 3013 1132 3055 verum
1156 3012 1223 3054 oum
1250 2991 1377 3056 consilio

367 3109 536 3172 missionis:
569 3109 657 3193 plane
688 3118 724 3174 ut
754 3110 804 3174 Ol.
837 3108 901 3177 VH
933 3112 991 3186 28,
1026 3133 1115 3194 quem
1143 3110 1246 3174 locum
1269 3110 1376 3188 attuli,

369 3228 422 3291 ὑπὸ
445 3227 613 3307 Φόρμοννος
636 3229 685 3293 acl
709 3232 799 3294 οούλοῦ
825 3230 960 3306 κοιτέβοον
984 3230 1099 3306 ὑμνέων.
1121 3228 1270 3314 Tempora
1287 3228 1378 3292 doris

367 3369 414 3410 mc
445 3348 593 3411 miserunt
624 3349 823 3413 certaminum
852 3348 1042 3425 laudatorem
1074 3370 1142 3411 cum
1167 3356 1260 3412 cantu
1284 3358 1314 3411 et
1338 3349 1378 3412 ci·

367 3464 463 3527 thara.
509 3464 546 3528 [n
582 3466 672 3531 verbo
708 3475 810 3532 autem
845 3471 986 3546 ἔπεμψαν
1022 3489 1083 3530 non
1117 3467 1197 3530 inest
1228 3467 1378 3552 ejusmodi

367 3582 565 3667 significatio,
597 3591 633 3647 ut
663 3586 858 3649 statuendum
892 3586 949 3662 sit,
974 3587 1075 3670 ipsum
1098 3583 1266 3648 Pindarum
1289 3585 1376 3649 adve-

366 3700 464 3764 nisse:
496 3703 641 3781 μοορτνρίοι
672 3704 779 3768 diduci
811 3704 901 3767 fiebat
924 3703 962 3767 ab
985 3703 1040 3767 illo
1063 3704 1233 3768 carminum
1255 3705 1376 3769 immor·

367 3819 484 3882 talitate
508 3828 538 3883 ot
562 3820 683 3884 decore:
708 3822 773 3885 fieri
797 3829 910 3903 potest,
935 3829 972 3885 ut
996 3821 1145 3885 adfuerit:
1169 3845 1273 3885 verum
1292 3845 1375 3906 prac-

365 3938 493 4001 sentiam
524 3961 608 4001 suam
638 3940 819 4024 appellando
843 3940 995 4024 significat
1018 3941 1117 4023 poesis
1141 3962 1212 4003 suae
1238 3962 1373 4023 praesen-

323 4069 325 4073 '
364 4056 447 4120 tiam.
495 4056 535 4120 Et.
558 4081 594 4121 ex
617 4059 764 4123 vocabulo
786 4062 953 4136 οὶννελίοον,
984 4081 1016 4120 vs
1042 4062 1076 4134 8,
1102 4059 1203 4142 potius
1229 4058 1372 4135 effecero,

364 4172 530 4238 Pindarum
562 4176 734 4242 Psaumidis
766 4180 921 4242 victoriam
954 4178 1105 4261 accepisse
1136 4199 1227 4261 quam
1251 4178 1374 4242 vidisse.

364 4290 479 4357 Verum
503 4295 532 4357 in
557 4296 679 4359 incertis
705 4319 765 4360 non
788 4298 878 4360 nimis
903 4294 1083 4359 morandum
1108 4318 1172 4359 esse
1196 4296 1334 4361 arbitror.

411 4415 439 4476 7.
476 4415 583 4480 Ξείνων.
619 4415 789 4480 Scholiasta
812 4426 899 4479 vetus
923 4414 1055 4499 explicat
1073 4415 1177 4494 φίλων.
1195 4415 1254 4479 Sed
1270 4426 1371 4480 tamen

365 4530 499 4594 amicitia
523 4533 711 4616 significatur
734 4557 802 4598 cum
826 4534 960 4617 hospitio
985 4533 1155 4617 conjuncta.
