3767 5534
908 735 972 794 469

435 932 473 997 de
495 956 603 1019 pecore
626 913 757 1013 dicitur,
783 957 870 1020 agros
893 933 1091 1018 depascente:
1116 939 1183 996 tum
1207 932 1348 996 universe
1364 931 1447 995 inva-

435 1050 527 1116 dendi
548 1052 703 1116 notionem
727 1053 835 1130 habet,
861 1074 896 1116 au
919 1051 957 1115 de
979 1051 1051 1136 igne
1073 1049 1206 1128 dicitur,
1229 1049 1313 1115 volut
1329 1047 1445 1113 Herod.

436 1169 464 1231 V
489 1173 550 1235 161
581 1171 637 1235 ἄπ’
662 1171 749 1245 οἷκένς
772 1173 801 1242 ἐς
825 1170 910 1245 einins
933 1169 973 1234 ἱὸν
995 1167 1029 1234 τὸ
1053 1175 1110 1248 πῦρ
1134 1166 1291 1245 ἐπενέμετο
1313 1167 1346 1232 τὸ
1369 1166 1446 1233 ἄστυ

434 1286 526 1353 ἕπον.
572 1287 619 1352 De
649 1289 757 1354 tubere
787 1288 1002 1373 progrediente
1027 1285 1086 1376 ¹III
1123 1288 1183 1350 133
1209 1291 1302 1366 Φῦμοο
1324 1286 1447 1366 έκροονὲν

433 1405 548 1481 ἐνέμετο
577 1404 682 1486 τρόπον.
728 1406 776 1469 De
806 1404 913 1469 morbo
943 1403 1081 1489 Thucyd.
1113 1401 1148 1467 II
1181 1407 1240 1481 54,
1274 1402 1446 1479 ἐπενείματο

433 1524 556 1598 ’Atinias
578 1523 725 1601 μάλνοτν.
761 1523 809 1588 De
832 1523 900 1588 aliis
923 1524 1015 1588 rebus
1035 1521 1304 1608 progredientibus
1320 1528 1350 1585 et
1365 1543 1447 1605 gras·

433 1640 588 1720 sentibus,
621 1642 731 1707 Aesoh.
765 1643 874 1727 Agam.
907 1643 989 1718 486,
1024 1640 1107 1725 apud
1138 1639 1312 1704 Hensdium
1343 1640 1407 1703 43⁷
1433 1640 1446 1703 ὃ

433 1757 518 1833 δῆλος
548 1755 607 1839 ὅρος
638 1761 808 1838 ἕτονὲμετοον
840 1760 1025 1840 τοοχύποοοςε
1050 1758 1134 1822 Plut.
1160 1757 1250 1822 Galb.
1279 1759 1318 1819 16
1342 1757 1447 1822 τοῦδέ

433 1877 613 1958 πράγματος
646 1877 704 1957 ὅρον
737 1881 788 1943 οὐκ
822 1878 940 1958 ἔχοντος
975 1876 1060 1942 ἀλλὰ
1091 1876 1179 1957 oridia
1210 1874 1363 1953 νεμομένου
1395 1874 1445 1938 xxi

433 1995 574 2074 προίόντος
608 1997 656 2061 ἐπὶ
688 2011 825 2067 πολοονς.
873 1994 962 2059 Gonf.
997 1992 1115 2057 Heusd.
1151 1993 1189 2056 ad
1217 1995 1328 2077 rigam.
1376 1992 1445 2057 Hoo

433 2119 537 2177 autem
566 2114 634 2177 looo
665 2135 726 2177 non
758 2113 911 2177 hostiliter
937 2111 1103 2176 invadendi
1125 2109 1178 2174 sed
1202 2118 1304 2175 tamen
1326 2111 1446 2175 fortiter

433 2230 562 2295 feriendi
576 2231 668 2295 habet
684 2231 948 2316 significationem.
983 2228 1016 2294 Si
1032 2229 1083 2293 oui
1096 2224 1216 2293 videtur
1228 2229 1316 2292 fortis
1329 2229 1443 2306 oratio,

433 2348 568 2433 ejusdem
580 2348 665 2413 modi
677 2357 724 2413 est
736 2352 789 2412 34.
813 2349 1000 2429 Ἀκοοτνὶροον
1008 2348 1126 2418 ’Ἄλιδος
1139 2354 1185 2411 est
1196 2368 1284 2410 mons
1297 2344 1443 2409 Cronius:

433 2464 515 2529 ooni.
539 2463 589 2529 Ol.
613 2464 631 2528 I
656 2468 737 2543 179,
763 2466 792 2529 Χ
818 2470 869 2530 60.
906 2466 956 2529 Ad
981 2464 1139 2551 epitheton
1162 2464 1266 2541 σεμνὸν
1288 2463 1326 2528 of.
1348 2461 1444 2527 OLV

433 2585 486 2646 43.
520 2581 627 2647 Jovem
652 2591 753 2648 autem
778 2606 810 2647 vs
838 2586 877 2648 10
902 2584 1075 2648 canendum
1098 2605 1164 2647 esse
1185 2588 1306 2660 monet,
1330 2582 1445 2667 quippe

434 2696 595 2785 Olympiae
617 2700 804 2785 praesidem:
829 2699 878 2764 01.
904 2700 922 2764 I
948 2703 1006 2778 16,
1031 2700 1066 2764 H
1089 2702 1120 2764 4.

482 2820 532 2882 13.
566 2819 684 2883 τοιοῖσδε
717 2817 865 2895 βέλεσσιν.
901 2817 1000 2882 Suum
1034 2817 1093 2881 hoo
1128 2839 1247 2881 carmen
1284 2816 1443 2901 signifieat.

433 2934 508 3000 'Pela
536 2958 626 3019 saepe
654 2934 692 2999 de
720 2936 805 3020 poesi
834 2935 927 2999 dioit:
956 2933 1048 2999 01.I
1074 2936 1155 2999 180:
1179 2933 1234 3019 Py.
1258 2933 1276 2997 I
1300 2937 1340 2997 21
1365 2942 1444 3009 κῆλοο

433 3051 463 3116 δὲ
492 3051 542 3117 eat
572 3052 711 3130 δαιμόνων
732 3052 829 3130 tityri
852 3051 971 3134 φρένοος.
1009 3050 1066 3115 of.
1091 3052 1198 3137 Eurip.
1222 3052 1333 3116 Troad.
1358 3053 1441 3114 444:

433 3168 604 3234 Cassandra
625 3169 658 3233 in
681 3166 891 3255 praedicendis
914 3168 1035 3253 Ulyssis
1058 3170 1146 3233 fatis:

405 3300 413 3317 ⁸
522 3286 607 3351 ἀλλὰ
633 3286 693 3367 γὰρ
715 3286 746 3351 τέ
766 3287 833 3359 τοὺς
857 3286 1021 3359 Ὀδυσσέος
1045 3284 1214 3367 ἐξακοντίζω
1237 3286 1353 3365 πόνους,

433 3403 540 3483 Plato,
572 3404 619 3468 De
647 3403 722 3489 Lag.
752 3403 800 3468 IV
831 3407 892 3471 717
926 3428 961 3482 a,
992 3406 1082 3469 atium
1106 3404 1230 3490 pietatis
1253 3404 1352 3468 officia
1374 3404 1444 3469 telis

433 3529 606 3606 comparat,
631 3522 669 3585 ad
692 3521 775 3587 Deos
797 3522 907 3587 missis.

481 3640 532 3703 14.
566 3638 614 3702 De
637 3637 759 3724 Pelopis
782 3639 874 3705 lande
898 3639 1060 3726 Olympios
1084 3639 1263 3726 nuptiisque
1287 3639 1445 3725 Hippoda

433 3756 512 3820 miae
534 3755 596 3819 vid.
620 3754 671 3820 01.
694 3755 721 3819 Ι.

481 3874 532 3936 18.
566 3874 694 3939 notam
730 3872 835 3954 Quum
864 3875 922 3940 hoo
945 3876 1030 3954 looo,
1055 3876 1169 3961 pariter
1192 3883 1284 3960 atquo
1307 3897 1356 3938 vss
1382 3876 1442 3952 28,

434 3992 494 4068 29,
514 3990 694 4086 dythiorum
713 3991 836 4057 laudem
852 3993 947 4058 Poeta
963 3995 1130 4078 conjungat
1145 4017 1215 4058 oum
1231 3993 1323 4058 laudo
1339 3992 1445 4077 Olym·

433 4108 518 4193 pioa,
550 4116 670 4193 postea,
700 4132 788 4188 vero,
820 4110 893 4175 inde
924 4134 942 4174 a
973 4134 1006 4175 vs
1039 4114 1102 4175 126
1134 4112 1172 4175 ad
1204 4114 1284 4190 151,
1309 4111 1443 4197 reliquas

431 4225 495 4291 ¹fere
516 4224 712 4311 Epharmosti
735 4238 949 4294 commemoret
973 4230 1130 4306 victorias,
1152 4231 1253 4314 potuit
1268 4229 1301 4294 id
1318 4229 1442 4315 quidem

432 4342 530 4407 fauere
560 4349 685 4427 propter
714 4344 859 4429 majorem
889 4347 1013 4412 illorum
1045 4347 1177 4413 duorum
1208 4347 1356 4433 gloriam,
1390 4345 1442 4410 sed

432 4460 496 4525 veri
526 4467 629 4525 tamen
657 4460 755 4524 simile
778 4469 841 4541 est,
865 4463 960 4529 fuisse
985 4464 1181 4553 Epharmosti
1204 4450 1323 4552 partam
1346 4466 1377 4529 in
1403 4465 1441 4529 iis
