3767 5534
1003 704 1067 766 266

528 901 603 965 dicit
629 902 722 982 ψευδῆ
745 904 843 980 λέγειν
865 909 901 975 ὡς
925 906 1039 1004 bride
1062 906 1149 971 Poet.
1175 931 1199 971 c.
1225 906 1344 971 XXIV.
1391 908 1545 986 Plautus,

526 1024 639 1090 Pseud.
666 1028 734 1091 Act.
760 1026 777 1089 I
800 1027 848 1093 Sc.
873 1029 919 1092 IV
946 1032 964 1091 8

570 1143 629 1208 Sed
653 1146 739 1229 quasi
763 1155 853 1233 poeta
876 1148 996 1212 tabulas
1021 1171 1090 1212 cum
1114 1150 1195 1233 cepit
1219 1149 1295 1227 sibi,

570 1262 699 1343 Quaerit
723 1265 806 1349 quod
830 1289 982 1349 nusquam
1007 1274 1053 1331 est
1076 1268 1232 1352 gentium,
1257 1268 1370 1352 reperit
1394 1273 1514 1343 tamen,

570 1382 656 1447 Facit
678 1383 757 1448 illud
783 1386 962 1464 verisimile,
988 1387 1070 1470 quod
1095 1387 1288 1451 mendacium
1313 1394 1367 1452 est.

527 1502 691 1582 Horatius,
716 1504 775 1589 Ep.
801 1505 839 1569 ad
862 1505 924 1569 Pis.
951 1509 1014 1570 338

637 1624 723 1689 Ficta
745 1624 912 1710 voluptatis
936 1649 1028 1690 causa
1051 1627 1113 1691 sint
1137 1626 1274 1712 proxima
1297 1626 1386 1690 veris.

526 1740 599 1805 Non·
621 1742 711 1807 docet
734 1744 882 1808 hocloco
905 1744 1076 1823 Pindarus,
1109 1746 1176 1830 ipsa
1199 1753 1358 1830 poetarum
1383 1742 1546 1809 mendacia

526 1861 728 1946 vituperanda
750 1887 814 1927 esse
823 1890 831 1941 ;
857 1887 926 1928 nam
952 1887 1047 1948 quum
1064 1864 1158 1928 addat
1174 1864 1244 1943 ὑπὲρ
1259 1863 1307 1929 τὸν
1323 1863 1417 1939 ἀληθῆ
1435 1863 1543 1941 λόγον,

525 2003 590 2044 esse
613 1982 749 2047 ostendit
771 1981 865 2047 etiam
880 1982 992 2063 ψεύδεα
1009 1961 1090 2049 κατὰ
1107 1983 1155 2048 τὸν
1172 1983 1265 2058 ἀλαθῆ
1283 1982 1381 2059 λόγον.
1408 1981 1544 2059 Verum,

526 2099 693 2164 secundum
725 2102 940 2180 Aristotelem,
971 2103 1005 2167 πὸ
1036 2103 1203 2180 θαυμαστὸν
1234 2102 1302 2178 ἡδύς
1336 2109 1366 2166 et
1390 2100 1545 2166 Pindarus

525 2218 624 2282 multa
649 2220 726 2283 mira
749 2221 865 2285 narrari
888 2221 982 2299 dicit,
1015 2221 1068 2286 sed
1093 2222 1157 2286 fieri
1183 2221 1272 2286 etiam
1298 2220 1482 2306 aliquando,
1507 2228 1546 2285 ut

525 2347 632 2423 poetae
654 2339 774 2404 fabulas
798 2341 888 2405 variis
912 2341 1050 2406 ornando
1072 2340 1238 2405 mendaciis
1258 2340 1395 2406 veritatis
1414 2338 1545 2404 modum

408 2463 410 2466 ’
526 2480 588 2521 non
619 2459 788 2542 retineant,
820 2468 851 2524 et
881 2460 1058 2525 mortalium
1089 2466 1206 2525 mentes
1237 2458 1409 2544 decipiant:
1443 2466 1545 2541 utque

526 2576 579 2642 illa
611 2578 763 2657 suavitate,
796 2602 857 2664 qua
888 2580 992 2644 cuncti
1024 2579 1112 2662 quasi
1141 2601 1208 2643 esca
1231 2578 1411 2663 capiuntur,
1437 2576 1547 2649 addita

525 2695 626 2774 miris,
658 2696 691 2760 id
722 2699 814 2763 etiam
844 2697 990 2762 credibile
1020 2698 1130 2774 faciat,
1163 2696 1245 2782 quod
1275 2696 1454 2762 incredibile
1477 2720 1544 2762 esse

527 2814 667 2880 debebat.
707 2814 817 2899 Neque
847 2817 929 2880 enim
953 2839 988 2880 ea
1011 2815 1170 2881 credibilia
1193 2839 1257 2881 csse
1281 2815 1438 2893 debuisse,
1463 2838 1545 2901 quae

525 2935 594 3020 quis
618 2957 711 3019 prava
734 2935 771 2999 de
798 2935 866 2999 Diis
890 2936 1067 3001 narraverit.

570 3057 624 3118 48.
659 3052 756 3135 Χάρις.
791 3053 853 3118 Vix
875 3056 934 3119 hoc
957 3055 1025 3119 loco
1049 3053 1202 3119 Deaesee
1226 3053 1357 3131 videtur,
1383 3076 1487 3119 verum
1507 3076 1544 3119 ea

527 3174 661 3238 suavitas
690 3175 841 3259 gratiosa,
867 3197 928 3259 qua
952 3174 996 3239 ita
1018 3173 1097 3239 nihil
1121 3196 1243 3251 eorum,
1276 3173 1359 3259 quod
1383 3173 1416 3237 in
1443 3174 1543 3260 pretio

526 3294 621 3371 foret,
646 3316 746 3359 carere
767 3301 903 3378 poterat,
930 3303 965 3358 ut
981 3294 1073 3358 etiam
1088 3293 1179 3358 rebus
1194 3293 1250 3370 iis,
1272 3315 1349 3378 quae
1365 3292 1426 3357 fide
1441 3315 1543 3358 carere

527 3412 695 3491 debebant,
726 3413 818 3477 fidem
842 3436 931 3498 saepe
955 3414 1075 3477 faceret.
1115 3411 1176 3475 Sed
1199 3411 1385 3495 quandoque
1408 3410 1543 3476 difficilis

527 3539 573 3597 est
596 3532 763 3598 distinctio.
799 3532 873 3597 Tres
897 3532 1022 3616 quidem
1047 3532 1170 3595 Gratias
1187 3553 1303 3617 ponens
1319 3528 1489 3607 Pindarus,
1506 3537 1543 3595 ut

526 3660 652 3737 apparet
675 3674 711 3716 ex
735 3650 785 3716 Ol.
803 3650 896 3729 XIV,
914 3659 1011 3728 certe,
1029 3651 1055 3714 si
1070 3651 1145 3714 haec
1161 3651 1227 3735 ipsa
1243 3649 1348 3716 divina
1364 3648 1541 3713 Gratiarum

526 3772 654 3836 numina
669 3771 835 3857 significat,
852 3769 966 3856 plurali
981 3792 1107 3834 numero
1125 3769 1233 3832 utitur.
1256 3766 1351 3832 Velut
1363 3765 1414 3831 Ol.
1426 3766 1475 3831 IX
1487 3770 1543 3844 40,

525 3902 616 3959 κεῖναι
632 3893 777 3977 (Χάριτες)
793 3892 916 3958 ὤπασαν
930 3891 972 3955 παὶ
987 3890 1108 3971 τερπνά.
1138 3888 1282 3953 Ceterum
1298 3886 1407 3952 similis
1423 3894 1545 3952 senten-

527 4013 571 4077 tia
593 4019 640 4076 est
662 4009 752 4075 Nem.
777 4008 842 4073 VII
866 4011 908 4074 33
932 4009 1026 4090 σοφία
1050 4008 1079 4071 δὲ
1101 4007 1221 4072 κλέπτει
1243 4004 1414 4087 παράγοισα
1433 4005 1543 4083 μύθοις.

573 4133 625 4195 53.
660 4130 810 4195 ἐπίλοιποι.
857 4128 984 4213 Proprie
1008 4135 1054 4192 est
1076 4126 1206 4211 reliqui:
1236 4124 1386 4190 hocloco
1409 4124 1542 4209 posteri:

528 4251 617 4316 facile
630 4257 733 4315 antem
746 4249 931 4333 intelligitur
942 4248 1105 4332 utriusque
1119 4245 1351 4332 significationis
1363 4244 1543 4308 confinium.

527 4372 577 4436 Sic
601 4370 682 4457 apud
706 4368 908 4456 Sophoclem,
931 4368 1064 4432 Philoct.
1087 4370 1146 4446 24,
1171 4367 1337 4432 τάπίλοιπα
1359 4371 1415 4430 τῶν
1430 4362 1542 4448 λόγων,

528 4514 623 4590 quum
637 4491 759 4576 proprie
771 4491 811 4556 sit
823 4490 961 4573 reliquus
973 4510 1081 4572 sermo,
1095 4487 1157 4552 dici
1169 4487 1261 4551 etiem
1270 4492 1371 4578 potest
1379 4483 1542 4572 posterior.
