<?xml version="1.0" encoding="UTF-8"?>
<!DOCTYPE html PUBLIC "-//W3C//DTD XHTML 1.0 Transitional//EN"
    "http://www.w3.org/TR/xhtml1/DTD/xhtml1-transitional.dtd">
<html xmlns="http://www.w3.org/1999/xhtml" xml:lang="en" lang="en">
 <head>
  <title>
</title>
<meta http-equiv="Content-Type" content="text/html;charset=utf-8" />
  <meta name='ocr-system' content='tesseract 3.04.00' />
  <meta name='ocr-capabilities' content='ocr_page ocr_carea ocr_par ocr_line ocrx_word'/>
</head>
<body>
  <div class='ocr_page' id='page_1' title='image "./pindaricarminao00pindgoog_0042.png"; bbox 0 0 3767 5534; ppageno 0'>
   <div class='ocr_carea' id='block_1_1' title="bbox 1018 732 1057 792">
    <p class='ocr_par' dir='ltr' id='par_1_1' title="bbox 1018 732 1057 792">
     <span class='ocr_line' id='line_1_1' title="bbox 1018 732 1057 792; baseline 0.026 -1"><span class='ocrx_word' id='word_1_1' title='bbox 1018 732 1057 792; x_wconf 89' lang='lat'><strong>18</strong></span> 
     </span>
    </p>
   </div>
   <div class='ocr_carea' id='block_1_2' title="bbox 495 931 1549 3049">
    <p class='ocr_par' dir='ltr' id='par_1_2' title="bbox 495 931 1549 3049">
     <span class='ocr_line' id='line_1_2' title="bbox 526 931 1548 1018; baseline 0.002 -23"><span class='ocrx_word' id='word_1_2' title='bbox 526 931 662 995; x_wconf 78' lang='lat' dir='ltr'>Deorum</span> <span class='ocrx_word' id='word_1_3' title='bbox 693 954 789 1016; x_wconf 84' lang='lat' dir='ltr'><strong>genus</strong></span> <span class='ocrx_word' id='word_1_4' title='bbox 821 941 884 995; x_wconf 89' lang='lat' dir='ltr'><strong>est:</strong></span> <span class='ocrx_word' id='word_1_5' title='bbox 913 954 950 995; x_wconf 83' lang='lat' dir='ltr'><strong>ex</strong></span> <span class='ocrx_word' id='word_1_6' title='bbox 978 955 1040 995; x_wconf 90' lang='lat' dir='ltr'><strong>una</strong></span> <span class='ocrx_word' id='word_1_7' title='bbox 1063 940 1159 996; x_wconf 89' lang='lat' dir='ltr'><strong>matre</strong></span> <span class='ocrx_word' id='word_1_8' title='bbox 1182 934 1334 1018; x_wconf 79' lang='lat' dir='ltr'><strong>spiramus</strong></span> <span class='ocrx_word' id='word_1_9' title='bbox 1358 934 1467 998; x_wconf 90' lang='lat' dir='ltr'><strong>ambo:</strong></span> <span class='ocrx_word' id='word_1_10' title='bbox 1491 933 1548 997; x_wconf 87' lang='lat' dir='ltr'><strong>sed</strong></span> 
     </span>
     <span class='ocr_line' id='line_1_3' title="bbox 526 1051 1548 1138; baseline 0.001 -24"><span class='ocrx_word' id='word_1_11' title='bbox 526 1061 591 1115; x_wconf 85' lang='lat' dir='ltr'><strong>tota</strong></span> <span class='ocrx_word' id='word_1_12' title='bbox 622 1060 742 1137; x_wconf 88' lang='lat' dir='ltr'><strong>separat</strong></span> <span class='ocrx_word' id='word_1_13' title='bbox 769 1051 887 1116; x_wconf 87' lang='lat' dir='ltr'><strong>diversa</strong></span> <span class='ocrx_word' id='word_1_14' title='bbox 911 1054 1068 1137; x_wconf 87' lang='lat' dir='ltr'><strong>potentia,</strong></span> <span class='ocrx_word' id='word_1_15' title='bbox 1093 1060 1130 1117; x_wconf 90' lang='lat' dir='ltr'><strong>nt</strong></span> <span class='ocrx_word' id='word_1_16' title='bbox 1151 1076 1248 1138; x_wconf 85' lang='lat' dir='ltr'><strong>genus</strong></span> <span class='ocrx_word' id='word_1_17' title='bbox 1272 1054 1441 1118; x_wconf 90' lang='lat' dir='ltr'><strong>humanum</strong></span> <span class='ocrx_word' id='word_1_18' title='bbox 1464 1052 1548 1117; x_wconf 90' lang='lat' dir='ltr'>nihil</span> 
     </span>
     <span class='ocr_line' id='line_1_4' title="bbox 526 1171 1549 1258; baseline 0.003 -25"><span class='ocrx_word' id='word_1_19' title='bbox 526 1171 583 1249; x_wconf 89' lang='lat' dir='ltr'><strong>sit,</strong></span> <span class='ocrx_word' id='word_1_20' title='bbox 619 1171 739 1236; x_wconf 91' lang='lat' dir='ltr'><strong>coelum</strong></span> <span class='ocrx_word' id='word_1_21' title='bbox 774 1195 844 1236; x_wconf 81' lang='lat' dir='ltr'><strong>vero</strong></span> <span class='ocrx_word' id='word_1_22' title='bbox 880 1195 1010 1236; x_wconf 89' lang='lat' dir='ltr'><strong>aeneum</strong></span> <span class='ocrx_word' id='word_1_23' title='bbox 1045 1171 1107 1237; x_wconf 89' lang='lat' dir='ltr'><strong>labi</strong></span> <span class='ocrx_word' id='word_1_24' title='bbox 1142 1174 1245 1237; x_wconf 90' lang='lat' dir='ltr'><strong>nescia</strong></span> <span class='ocrx_word' id='word_1_25' title='bbox 1275 1196 1393 1258; x_wconf 83' lang='lat' dir='ltr'>semper</span> <span class='ocrx_word' id='word_1_26' title='bbox 1421 1181 1549 1237; x_wconf 87' lang='lat' dir='ltr'><strong>maneat</strong></span> 
     </span>
     <span class='ocr_line' id='line_1_5' title="bbox 525 1290 1549 1375; baseline -0.001 -21"><span class='ocrx_word' id='word_1_27' title='bbox 525 1290 644 1354; x_wconf 87' lang='lat' dir='ltr'><strong>sedes.”</strong></span> <span class='ocrx_word' id='word_1_28' title='bbox 658 1292 682 1375; x_wconf 79' lang='grc'><strong>1)</strong></span> <span class='ocrx_word' id='word_1_29' title='bbox 727 1292 824 1356; x_wconf 90' lang='lat' dir='ltr'><strong>Abest</strong></span> <span class='ocrx_word' id='word_1_30' title='bbox 854 1293 954 1355; x_wconf 92' lang='lat' dir='ltr'><strong>omnis</strong></span> <span class='ocrx_word' id='word_1_31' title='bbox 978 1315 995 1355; x_wconf 88' lang='lat' dir='ltr'><strong>a</strong></span> <span class='ocrx_word' id='word_1_32' title='bbox 1018 1291 1086 1355; x_wconf 90' lang='lat' dir='ltr'><strong>Diis</strong></span> <span class='ocrx_word' id='word_1_33' title='bbox 1110 1293 1246 1356; x_wconf 82' lang='lat' dir='ltr'><strong>humane</strong></span> <span class='ocrx_word' id='word_1_34' title='bbox 1272 1291 1482 1356; x_wconf 72' lang='lat' dir='ltr'><strong>imbecillitas:</strong></span> <span class='ocrx_word' id='word_1_35' title='bbox 1507 1292 1549 1354; x_wconf 91' lang='lat' dir='ltr'><strong>ir-</strong></span> 
     </span>
     <span class='ocr_line' id='line_1_6' title="bbox 524 1411 1549 1497; baseline 0.001 -23"><span class='ocrx_word' id='word_1_36' title='bbox 524 1412 583 1474; x_wconf 86' lang='lat' dir='ltr'><strong>rita</strong></span> <span class='ocrx_word' id='word_1_37' title='bbox 601 1433 693 1496; x_wconf 84' lang='lat' dir='ltr'><strong>opera</strong></span> <span class='ocrx_word' id='word_1_38' title='bbox 712 1411 809 1476; x_wconf 88' lang='lat' dir='ltr'><strong>facere</strong></span> <span class='ocrx_word' id='word_1_39' title='bbox 828 1435 892 1476; x_wconf 92' lang='lat' dir='ltr'><strong>non</strong></span> <span class='ocrx_word' id='word_1_40' title='bbox 913 1420 1053 1497; x_wconf 85' lang='lat' dir='ltr'>possunt.</span> <span class='ocrx_word' id='word_1_41' title='bbox 1089 1412 1253 1477; x_wconf 59' lang='lat' dir='ltr'><strong>&#39;llruditum</strong></span> <span class='ocrx_word' id='word_1_42' title='bbox 1273 1412 1333 1476; x_wconf 82' lang='lat' dir='ltr'><strong>fuit</strong></span> <span class='ocrx_word' id='word_1_43' title='bbox 1355 1412 1549 1495; x_wconf 84' lang='lat' dir='ltr'><strong>antiquitus,</strong></span> 
     </span>
     <span class='ocr_line' id='line_1_7' title="bbox 524 1529 1547 1616; baseline 0.001 -24"><span class='ocrx_word' id='word_1_44' title='bbox 524 1529 562 1593; x_wconf 89' lang='lat' dir='ltr'><strong>ab</strong></span> <span class='ocrx_word' id='word_1_45' title='bbox 587 1530 731 1616; x_wconf 82' lang='lat' dir='ltr'><strong>Apolline</strong></span> <span class='ocrx_word' id='word_1_46' title='bbox 754 1553 789 1594; x_wconf 89' lang='lat' dir='ltr'><strong>ac</strong></span> <span class='ocrx_word' id='word_1_47' title='bbox 813 1530 963 1616; x_wconf 88' lang='lat' dir='ltr'><strong>Neptuno</strong></span> <span class='ocrx_word' id='word_1_48' title='bbox 988 1531 1147 1595; x_wconf 89' lang='lat' dir='ltr'><strong>aedificata</strong></span> <span class='ocrx_word' id='word_1_49' title='bbox 1166 1532 1261 1595; x_wconf 86' lang='lat' dir='ltr'><strong>fuisse</strong></span> <span class='ocrx_word' id='word_1_50' title='bbox 1279 1532 1400 1596; x_wconf 87' lang='lat' dir='ltr'><strong>moenia</strong></span> <span class='ocrx_word' id='word_1_51' title='bbox 1418 1529 1547 1615; x_wconf 81' lang='lat' dir='ltr'><strong>Trojae,</strong></span> 
     </span>
     <span class='ocr_line' id='line_1_8' title="bbox 524 1648 1548 1735; baseline 0.001 -23"><span class='ocrx_word' id='word_1_52' title='bbox 524 1649 629 1713; x_wconf 89' lang='lat' dir='ltr'><strong>eadem</strong></span> <span class='ocrx_word' id='word_1_53' title='bbox 653 1671 724 1713; x_wconf 88' lang='lat' dir='ltr'><strong>vero</strong></span> <span class='ocrx_word' id='word_1_54' title='bbox 749 1672 852 1713; x_wconf 86' lang='lat' dir='ltr'><strong>eversa</strong></span> <span class='ocrx_word' id='word_1_55' title='bbox 874 1657 993 1735; x_wconf 88' lang='lat' dir='ltr'><strong>postea.</strong></span> <span class='ocrx_word' id='word_1_56' title='bbox 1041 1650 1143 1730; x_wconf 79' lang='lat' dir='ltr'><strong>Quam</strong></span> <span class='ocrx_word' id='word_1_57' title='bbox 1167 1650 1303 1716; x_wconf 86' lang='lat' dir='ltr'><strong>sabulum</strong></span> <span class='ocrx_word' id='word_1_58' title='bbox 1326 1651 1371 1714; x_wconf 92' lang='lat' dir='ltr'><strong>ita</strong></span> <span class='ocrx_word' id='word_1_59' title='bbox 1392 1648 1548 1713; x_wconf 80' lang='lat' dir='ltr'><strong>Pindarus</strong></span> 
     </span>
     <span class='ocr_line' id='line_1_9' title="bbox 526 1769 1546 1855; baseline 0 -22"><span class='ocrx_word' id='word_1_60' title='bbox 526 1770 716 1847; x_wconf 84' lang='lat' dir='ltr'><strong>emendavit,</strong></span> <span class='ocrx_word' id='word_1_61' title='bbox 749 1780 784 1834; x_wconf 93' lang='lat' dir='ltr'><strong>ut</strong></span> <span class='ocrx_word' id='word_1_62' title='bbox 815 1769 953 1835; x_wconf 84' lang='lat' dir='ltr'>Deorum</span> <span class='ocrx_word' id='word_1_63' title='bbox 986 1793 1078 1855; x_wconf 89' lang='lat' dir='ltr'><strong>opera</strong></span> <span class='ocrx_word' id='word_1_64' title='bbox 1104 1771 1202 1855; x_wconf 92' lang='lat' dir='ltr'><strong>perire</strong></span> <span class='ocrx_word' id='word_1_65' title='bbox 1229 1793 1291 1834; x_wconf 92' lang='lat' dir='ltr'><strong>non</strong></span> <span class='ocrx_word' id='word_1_66' title='bbox 1315 1792 1403 1854; x_wconf 88' lang='lat' dir='ltr'><strong>posse</strong></span> <span class='ocrx_word' id='word_1_67' title='bbox 1426 1769 1546 1833; x_wconf 88' lang='lat' dir='ltr'><strong>doceat.</strong></span> 
     </span>
     <span class='ocr_line' id='line_1_10' title="bbox 524 1887 1547 1973; baseline 0.001 -22"><span class='ocrx_word' id='word_1_68' title='bbox 524 1887 603 1952; x_wconf 87' lang='lat' dir='ltr'><strong>Nam</strong></span> <span class='ocrx_word' id='word_1_69' title='bbox 625 1890 762 1953; x_wconf 82' lang='lat' dir='ltr'><strong>Aeacum</strong></span> <span class='ocrx_word' id='word_1_70' title='bbox 782 1897 931 1954; x_wconf 85' lang='lat' dir='ltr'><strong>vocarunt</strong></span> <span class='ocrx_word' id='word_1_71' title='bbox 950 1890 1032 1953; x_wconf 86' lang='lat' dir='ltr'><strong>muri</strong></span> <span class='ocrx_word' id='word_1_72' title='bbox 1050 1889 1183 1954; x_wconf 87' lang='lat' dir='ltr'><strong>faciendi</strong></span> <span class='ocrx_word' id='word_1_73' title='bbox 1203 1890 1336 1967; x_wconf 89' lang='lat' dir='ltr'><strong>socium,</strong></span> <span class='ocrx_word' id='word_1_74' title='bbox 1357 1890 1430 1973; x_wconf 91' lang='lat' dir='ltr'><strong>qnia</strong></span> <span class='ocrx_word' id='word_1_75' title='bbox 1444 1889 1547 1952; x_wconf 89' lang='lat' dir='ltr'><strong>fatum</strong></span> 
     </span>
     <span class='ocr_line' id='line_1_11' title="bbox 522 2007 1548 2093; baseline -0.002 -22"><span class='ocrx_word' id='word_1_76' title='bbox 522 2007 654 2086; x_wconf 81' lang='lat' dir='ltr'><strong>ferebat,</strong></span> <span class='ocrx_word' id='word_1_77' title='bbox 675 2031 798 2073; x_wconf 89' lang='lat' dir='ltr'><strong>murum</strong></span> <span class='ocrx_word' id='word_1_78' title='bbox 822 2032 892 2073; x_wconf 95' lang='lat' dir='ltr'><strong>eum</strong></span> <span class='ocrx_word' id='word_1_79' title='bbox 912 2008 1002 2073; x_wconf 93' lang='lat' dir='ltr'><strong>bellis</strong></span> <span class='ocrx_word' id='word_1_80' title='bbox 1022 2009 1098 2072; x_wconf 90' lang='lat' dir='ltr'><strong>ortis</strong></span> <span class='ocrx_word' id='word_1_81' title='bbox 1119 2009 1151 2072; x_wconf 92' lang='lat' dir='ltr'><strong>in</strong></span> <span class='ocrx_word' id='word_1_82' title='bbox 1171 2009 1263 2071; x_wconf 79' lang='lat' dir='ltr'><strong>rastis</strong></span> <span class='ocrx_word' id='word_1_83' title='bbox 1280 2007 1402 2093; x_wconf 89' lang='lat' dir='ltr'><strong>proeliis</strong></span> <span class='ocrx_word' id='word_1_84' title='bbox 1418 2027 1548 2090; x_wconf 79' lang='lat' dir='ltr'><strong>magnos</strong></span> 
     </span>
     <span class='ocr_line' id='line_1_12' title="bbox 522 2128 1547 2215; baseline -0.002 -23"><span class='ocrx_word' id='word_1_85' title='bbox 522 2129 623 2193; x_wconf 85' lang='lat' dir='ltr'><strong>fumos</strong></span> <span class='ocrx_word' id='word_1_86' title='bbox 654 2152 720 2193; x_wconf 89' lang='lat' dir='ltr'><strong>esse</strong></span> <span class='ocrx_word' id='word_1_87' title='bbox 751 2130 987 2214; x_wconf 81' lang='lat' dir='ltr'><strong>exspiraturum.</strong></span> <span class='ocrx_word' id='word_1_88' title='bbox 1034 2128 1203 2215; x_wconf 83' lang='lat' dir='ltr'>Serpentes</span> <span class='ocrx_word' id='word_1_89' title='bbox 1230 2128 1362 2192; x_wconf 88' lang='lat' dir='ltr'><strong>caerulei</strong></span> <span class='ocrx_word' id='word_1_90' title='bbox 1384 2128 1416 2191; x_wconf 90' lang='lat' dir='ltr'><strong>in</strong></span> <span class='ocrx_word' id='word_1_91' title='bbox 1440 2149 1547 2190; x_wconf 80' lang='lat' dir='ltr'><strong>recens</strong></span> 
     </span>
     <span class='ocr_line' id='line_1_13' title="bbox 521 2247 1544 2313; baseline -0.002 -2"><span class='ocrx_word' id='word_1_92' title='bbox 521 2248 639 2312; x_wconf 88' lang='lat' dir='ltr'><strong>factum</strong></span> <span class='ocrx_word' id='word_1_93' title='bbox 669 2271 792 2312; x_wconf 88' lang='lat' dir='ltr'><strong>murum</strong></span> <span class='ocrx_word' id='word_1_94' title='bbox 815 2249 1002 2313; x_wconf 87' lang='lat' dir='ltr'><strong>insiluerunt</strong></span> <span class='ocrx_word' id='word_1_95' title='bbox 1025 2256 1105 2312; x_wconf 88' lang='lat' dir='ltr'><strong>tres:</strong></span> <span class='ocrx_word' id='word_1_96' title='bbox 1131 2247 1192 2312; x_wconf 93' lang='lat' dir='ltr'><strong>duo</strong></span> <span class='ocrx_word' id='word_1_97' title='bbox 1217 2247 1394 2312; x_wconf 90' lang='lat' dir='ltr'><strong>ceciderunt</strong></span> <span class='ocrx_word' id='word_1_98' title='bbox 1417 2254 1448 2310; x_wconf 91' lang='lat' dir='ltr'><strong>et</strong></span> <span class='ocrx_word' id='word_1_99' title='bbox 1471 2268 1544 2310; x_wconf 91' lang='lat' dir='ltr'><strong>cou-</strong></span> 
     </span>
     <span class='ocr_line' id='line_1_14' title="bbox 521 2364 1541 2432; baseline -0.004 -1"><span class='ocrx_word' id='word_1_100' title='bbox 521 2368 608 2432; x_wconf 90' lang='lat' dir='ltr'><strong>tinuo</strong></span> <span class='ocrx_word' id='word_1_101' title='bbox 639 2368 736 2431; x_wconf 89' lang='lat' dir='ltr'><strong>territi</strong></span> <span class='ocrx_word' id='word_1_102' title='bbox 764 2368 914 2432; x_wconf 87' lang='lat' dir='ltr'><strong>miserunt</strong></span> <span class='ocrx_word' id='word_1_103' title='bbox 937 2368 1071 2432; x_wconf 89' lang='lat' dir='ltr'><strong>animas:</strong></span> <span class='ocrx_word' id='word_1_104' title='bbox 1096 2389 1179 2432; x_wconf 89' lang='lat' dir='ltr'><strong>nnus</strong></span> <span class='ocrx_word' id='word_1_105' title='bbox 1202 2389 1273 2431; x_wconf 87' lang='lat' dir='ltr'><strong>vero</strong></span> <span class='ocrx_word' id='word_1_106' title='bbox 1296 2366 1458 2431; x_wconf 85' lang='lat' dir='ltr'><strong>insultavit</strong></span> <span class='ocrx_word' id='word_1_107' title='bbox 1481 2364 1541 2428; x_wconf 84' lang='lat' dir='ltr'><strong>cla·</strong></span> 
     </span>
     <span class='ocr_line' id='line_1_15' title="bbox 522 2484 1539 2573; baseline -0.004 -22"><span class='ocrx_word' id='word_1_108' title='bbox 522 2510 618 2551; x_wconf 88' lang='lat' dir='ltr'><strong>mans.</strong></span> <span class='ocrx_word' id='word_1_109' title='bbox 673 2486 826 2573; x_wconf 82' lang='lat' dir='ltr'><strong>Exposuit</strong></span> <span class='ocrx_word' id='word_1_110' title='bbox 860 2510 1023 2552; x_wconf 86' lang='lat' dir='ltr'><strong>occurrens</strong></span> <span class='ocrx_word' id='word_1_111' title='bbox 1058 2486 1233 2573; x_wconf 83' lang='lat' dir='ltr'><strong>prodigium</strong></span> <span class='ocrx_word' id='word_1_112' title='bbox 1269 2485 1372 2550; x_wconf 88' lang='lat' dir='ltr'><strong>statim</strong></span> <span class='ocrx_word' id='word_1_113' title='bbox 1408 2484 1539 2569; x_wconf 90' lang='lat' dir='ltr'><strong>Apollo:</strong></span> 
     </span>
     <span class='ocr_line' id='line_1_16' title="bbox 521 2604 1475 2691; baseline -0.001 -22"><span class='ocrx_word' id='word_1_114' title='bbox 521 2606 711 2691; x_wconf 78' lang='lat' dir='ltr'><strong>„Pergamus</strong></span> <span class='ocrx_word' id='word_1_115' title='bbox 734 2608 766 2672; x_wconf 91' lang='lat' dir='ltr'><strong>in</strong></span> <span class='ocrx_word' id='word_1_116' title='bbox 791 2618 880 2685; x_wconf 89' lang='lat' dir='ltr'><strong>tuae,</strong></span> <span class='ocrx_word' id='word_1_117' title='bbox 906 2608 1013 2685; x_wconf 91' lang='lat' dir='ltr'><strong>heros,</strong></span> <span class='ocrx_word' id='word_1_118' title='bbox 1037 2630 1147 2672; x_wconf 90' lang='lat' dir='ltr'><strong>manus</strong></span> <span class='ocrx_word' id='word_1_119' title='bbox 1171 2628 1262 2691; x_wconf 92' lang='lat' dir='ltr'><strong>opere</strong></span> <span class='ocrx_word' id='word_1_120' title='bbox 1285 2605 1436 2690; x_wconf 87' lang='lat' dir='ltr'><strong>capitur.&#39;&#39;</strong></span> <span class='ocrx_word' id='word_1_121' title='bbox 1450 2604 1475 2687; x_wconf 67' lang='grc'><strong>2)</strong></span> 
     </span>
     <span class='ocr_line' id='line_1_17' title="bbox 565 2724 1539 2812; baseline -0.003 -23"><span class='ocrx_word' id='word_1_122' title='bbox 565 2726 670 2790; x_wconf 81' lang='lat' dir='ltr'><strong>Brevis</strong></span> <span class='ocrx_word' id='word_1_123' title='bbox 706 2734 808 2790; x_wconf 89' lang='lat' dir='ltr'><strong>autem</strong></span> <span class='ocrx_word' id='word_1_124' title='bbox 844 2727 897 2792; x_wconf 92' lang='lat' dir='ltr'><strong>sed</strong></span> <span class='ocrx_word' id='word_1_125' title='bbox 932 2728 1031 2812; x_wconf 87' lang='lat' dir='ltr'><strong>gravis</strong></span> <span class='ocrx_word' id='word_1_126' title='bbox 1068 2728 1164 2790; x_wconf 88' lang='lat' dir='ltr'><strong>oratio</strong></span> <span class='ocrx_word' id='word_1_127' title='bbox 1200 2735 1246 2789; x_wconf 91' lang='lat' dir='ltr'><strong>est</strong></span> <span class='ocrx_word' id='word_1_128' title='bbox 1281 2725 1319 2789; x_wconf 92' lang='lat' dir='ltr'><strong>de</strong></span> <span class='ocrx_word' id='word_1_129' title='bbox 1350 2724 1539 2809; x_wconf 81' lang='lat' dir='ltr'><strong>Amphiarao</strong></span> 
     </span>
     <span class='ocr_line' id='line_1_18' title="bbox 520 2842 1540 2929; baseline -0.003 -21"><span class='ocrx_word' id='word_1_130' title='bbox 520 2854 652 2909; x_wconf 88' lang='lat' dir='ltr'><strong>mortuo.</strong></span> <span class='ocrx_word' id='word_1_131' title='bbox 700 2845 863 2909; x_wconf 82' lang='lat' dir='ltr'><strong>Duxerunt</strong></span> <span class='ocrx_word' id='word_1_132' title='bbox 890 2845 965 2910; x_wconf 90' lang='lat' dir='ltr'><strong>olim</strong></span> <span class='ocrx_word' id='word_1_133' title='bbox 991 2846 1099 2929; x_wconf 83' lang='lat' dir='ltr'><strong>Argivi</strong></span> <span class='ocrx_word' id='word_1_134' title='bbox 1123 2845 1288 2909; x_wconf 84' lang='lat' dir='ltr'><strong>exercitum</strong></span> <span class='ocrx_word' id='word_1_135' title='bbox 1311 2842 1450 2920; x_wconf 80' lang='lat' dir='ltr'><strong>Thebas,</strong></span> <span class='ocrx_word' id='word_1_136' title='bbox 1476 2864 1540 2905; x_wconf 88' lang='lat' dir='ltr'><strong>nou</strong></span> 
     </span>
     <span class='ocr_line' id='line_1_19' title="bbox 495 2960 1537 3049; baseline -0.003 -23"><span class='ocrx_word' id='word_1_137' title='bbox 495 2997 499 3026; x_wconf 63' lang='grc' dir='ltr'><em>ι</em></span> <span class='ocrx_word' id='word_1_138' title='bbox 523 2964 569 3027; x_wconf 90' lang='lat' dir='ltr'><strong>usi</strong></span> <span class='ocrx_word' id='word_1_139' title='bbox 592 2965 700 3028; x_wconf 85' lang='lat' dir='ltr'><strong>faustis</strong></span> <span class='ocrx_word' id='word_1_140' title='bbox 723 2964 895 3042; x_wconf 90' lang='lat' dir='ltr'><strong>ominibus,</strong></span> <span class='ocrx_word' id='word_1_141' title='bbox 921 2987 978 3028; x_wconf 90' lang='lat' dir='ltr'><strong>nec</strong></span> <span class='ocrx_word' id='word_1_142' title='bbox 998 2964 1059 3027; x_wconf 87' lang='lat' dir='ltr'><strong>fuit</strong></span> <span class='ocrx_word' id='word_1_143' title='bbox 1078 2964 1115 3027; x_wconf 91' lang='lat' dir='ltr'><strong>iis</strong></span> <span class='ocrx_word' id='word_1_144' title='bbox 1135 2964 1258 3048; x_wconf 85' lang='lat' dir='ltr'><strong>Jupiter</strong></span> <span class='ocrx_word' id='word_1_145' title='bbox 1277 2962 1438 3049; x_wconf 89' lang='lat' dir='ltr'><strong>propitius.</strong></span> <span class='ocrx_word' id='word_1_146' title='bbox 1475 2960 1537 3040; x_wconf 79' lang='lat' dir='ltr'><strong>Qui</strong></span> 
     </span>
    </p>
   </div>
   <div class='ocr_carea' id='block_1_3' title="bbox 521 3080 1537 3167">
    <p class='ocr_par' dir='ltr' id='par_1_3' title="bbox 521 3080 1537 3167">
     <span class='ocr_line' id='line_1_20' title="bbox 521 3080 1537 3167; baseline -0.003 -22"><span class='ocrx_word' id='word_1_147' title='bbox 521 3082 612 3146; x_wconf 85' lang='lat' dir='ltr'><strong>scidit</strong></span> <span class='ocrx_word' id='word_1_148' title='bbox 630 3083 840 3167; x_wconf 86' lang='lat' dir='ltr'><strong>omnipotente</strong></span> <span class='ocrx_word' id='word_1_149' title='bbox 859 3082 988 3146; x_wconf 88' lang='lat' dir='ltr'><strong>fulmine</strong></span> <span class='ocrx_word' id='word_1_150' title='bbox 1004 3091 1116 3146; x_wconf 84' lang='lat' dir='ltr'><strong>terram</strong></span> <span class='ocrx_word' id='word_1_151' title='bbox 1132 3081 1317 3165; x_wconf 83' lang='lat' dir='ltr'><strong>profundam</strong></span> <span class='ocrx_word' id='word_1_152' title='bbox 1334 3080 1537 3165; x_wconf 86' lang='lat' dir='ltr'><strong>Amphiarao,</strong></span> 
     </span>
    </p>
   </div>
   <div class='ocr_carea' id='block_1_4' title="bbox 515 3196 1538 4355">
    <p class='ocr_par' dir='ltr' id='par_1_4' title="bbox 519 3196 1538 3517">
     <span class='ocr_line' id='line_1_21' title="bbox 521 3196 1538 3284; baseline -0.006 -19"><span class='ocrx_word' id='word_1_153' title='bbox 521 3222 652 3283; x_wconf 88' lang='lat' dir='ltr'><strong>cumque</strong></span> <span class='ocrx_word' id='word_1_154' title='bbox 676 3223 746 3264; x_wconf 89' lang='lat' dir='ltr'><strong>cum</strong></span> <span class='ocrx_word' id='word_1_155' title='bbox 770 3223 863 3264; x_wconf 89' lang='lat' dir='ltr'><strong>curru</strong></span> <span class='ocrx_word' id='word_1_156' title='bbox 886 3200 990 3264; x_wconf 90' lang='lat' dir='ltr'><strong>obruit</strong></span> <span class='ocrx_word' id='word_1_157' title='bbox 996 3249 1005 3278; x_wconf 91' lang='lat'><strong>,</strong></span> <span class='ocrx_word' id='word_1_158' title='bbox 1030 3200 1211 3284; x_wconf 87' lang='lat' dir='ltr'><strong>priusquam</strong></span> <span class='ocrx_word' id='word_1_159' title='bbox 1235 3207 1321 3283; x_wconf 87' lang='lat' dir='ltr'><strong>tergo</strong></span> <span class='ocrx_word' id='word_1_160' title='bbox 1346 3198 1434 3261; x_wconf 71' lang='lat' dir='ltr'><strong>hustet</strong></span> <span class='ocrx_word' id='word_1_161' title='bbox 1456 3196 1538 3260; x_wconf 89' lang='lat' dir='ltr'><strong>Peri·</strong></span> 
     </span>
     <span class='ocr_line' id='line_1_22' title="bbox 519 3318 1340 3403; baseline -0.001 -22"><span class='ocrx_word' id='word_1_162' title='bbox 519 3320 649 3403; x_wconf 84' lang='lat' dir='ltr'><strong>clymeni</strong></span> <span class='ocrx_word' id='word_1_163' title='bbox 674 3341 761 3382; x_wconf 88' lang='lat' dir='ltr'><strong>caeso</strong></span> <span class='ocrx_word' id='word_1_164' title='bbox 785 3318 877 3382; x_wconf 89' lang='lat' dir='ltr'><strong>ferret</strong></span> <span class='ocrx_word' id='word_1_165' title='bbox 901 3319 973 3382; x_wconf 87' lang='lat' dir='ltr'><strong>forti</strong></span> <span class='ocrx_word' id='word_1_166' title='bbox 998 3319 1099 3383; x_wconf 88' lang='lat' dir='ltr'><strong>animo</strong></span> <span class='ocrx_word' id='word_1_167' title='bbox 1123 3318 1340 3402; x_wconf 85' lang='lat' dir='ltr'><strong>ignominiam:</strong></span> 
     </span>
     <span class='ocr_line' id='line_1_23' title="bbox 926 3440 1042 3517; baseline 0.009 -15"><span class='ocrx_word' id='word_1_168' title='bbox 926 3441 955 3503; x_wconf 84' lang='grc' dir='ltr'><strong>ἕο</strong></span> <span class='ocrx_word' id='word_1_169' title='bbox 982 3440 1042 3517; x_wconf 72' lang='grc' dir='ltr'><strong>γὰρ</strong></span> 
     </span>
    </p>

    <p class='ocr_par' dir='ltr' id='par_1_5' title="bbox 787 3556 1080 3638">
     <span class='ocr_line' id='line_1_24' title="bbox 787 3556 1080 3638; baseline 0.003 -18"><span class='ocrx_word' id='word_1_170' title='bbox 787 3557 952 3634; x_wconf 73' lang='grc' dir='ltr'><em>διοιιοοοίοιοι</em></span> <span class='ocrx_word' id='word_1_171' title='bbox 975 3556 1080 3638; x_wconf 79' lang='grc' dir='ltr'><em>φόβοις</em></span> 
     </span>
    </p>

    <p class='ocr_par' dir='ltr' id='par_1_6' title="bbox 518 3673 1490 3881">
     <span class='ocr_line' id='line_1_25' title="bbox 785 3673 1228 3757; baseline 0.005 -19"><span class='ocrx_word' id='word_1_172' title='bbox 785 3674 926 3757; x_wconf 62' lang='lat' dir='ltr'><strong>&lt;dedocere</strong></span> <span class='ocrx_word' id='word_1_173' title='bbox 950 3676 1000 3740; x_wconf 77' lang='grc' dir='ltr'><em>κοιὶ</em></span> <span class='ocrx_word' id='word_1_174' title='bbox 1024 3673 1128 3746; x_wconf 66' lang='lat' dir='ltr'><strong>ealdre</strong></span> <span class='ocrx_word' id='word_1_175' title='bbox 1152 3676 1228 3740; x_wconf 79' lang='grc' dir='ltr'><em>θεῶν.</em></span> 
     </span>
     <span class='ocr_line' id='line_1_26' title="bbox 518 3790 1490 3881; baseline -0.002 -24"><span class='ocrx_word' id='word_1_176' title='bbox 518 3818 585 3858; x_wconf 86' lang='lat' dir='ltr'><strong>nam</strong></span> <span class='ocrx_word' id='word_1_177' title='bbox 608 3796 641 3858; x_wconf 83' lang='grc' dir='ltr'><strong>ιἰι</strong></span> <span class='ocrx_word' id='word_1_178' title='bbox 664 3796 774 3860; x_wconf 69' lang='lat' dir='ltr'><strong>dirime</strong></span> <span class='ocrx_word' id='word_1_179' title='bbox 796 3796 955 3859; x_wconf 76' lang='lat' dir='ltr'><strong>terroribus</strong></span> <span class='ocrx_word' id='word_1_180' title='bbox 968 3796 1099 3881; x_wconf 78' lang='lat' dir='ltr'><strong>sapiant</strong></span> <span class='ocrx_word' id='word_1_181' title='bbox 1122 3795 1213 3859; x_wconf 80' lang='lat' dir='ltr'><strong>etiam</strong></span> <span class='ocrx_word' id='word_1_182' title='bbox 1225 3794 1292 3877; x_wconf 77' lang='lat' dir='ltr'><strong>filii</strong></span> <span class='ocrx_word' id='word_1_183' title='bbox 1314 3794 1452 3857; x_wconf 83' lang='lat' dir='ltr'><strong>Deorum.</strong></span> <span class='ocrx_word' id='word_1_184' title='bbox 1467 3790 1490 3875; x_wconf 81' lang='lat'><strong>³)</strong></span> 
     </span>
    </p>

    <p class='ocr_par' dir='ltr' id='par_1_7' title="bbox 563 3913 1535 3998">
     <span class='ocr_line' id='line_1_27' title="bbox 563 3913 1535 3998; baseline -0.005 -20"><span class='ocrx_word' id='word_1_185' title='bbox 563 3913 754 3978; x_wconf 86' lang='lat' dir='ltr'><strong>Protulimus</strong></span> <span class='ocrx_word' id='word_1_186' title='bbox 784 3915 877 3992; x_wconf 90' lang='lat' dir='ltr'><strong>haec,</strong></span> <span class='ocrx_word' id='word_1_187' title='bbox 908 3936 969 3997; x_wconf 91' lang='lat' dir='ltr'><strong>quo</strong></span> <span class='ocrx_word' id='word_1_188' title='bbox 998 3914 1094 3998; x_wconf 82' lang='lat' dir='ltr'><strong>magis</strong></span> <span class='ocrx_word' id='word_1_189' title='bbox 1117 3913 1358 3997; x_wconf 86' lang='lat' dir='ltr'><strong>intelligeretur,</strong></span> <span class='ocrx_word' id='word_1_190' title='bbox 1384 3917 1535 3995; x_wconf 81' lang='lat' dir='ltr'><strong>quantum</strong></span> 
     </span>
    </p>

    <p class='ocr_par' dir='ltr' id='par_1_8' title="bbox 515 4032 1535 4355">
     <span class='ocr_line' id='line_1_28' title="bbox 518 4032 1535 4118; baseline -0.003 -21"><span class='ocrx_word' id='word_1_191' title='bbox 518 4055 631 4098; x_wconf 89' lang='lat' dir='ltr'><strong>numen</strong></span> <span class='ocrx_word' id='word_1_192' title='bbox 666 4043 844 4118; x_wconf 87' lang='lat' dir='ltr'><strong>quantaque</strong></span> <span class='ocrx_word' id='word_1_193' title='bbox 878 4036 924 4097; x_wconf 90' lang='lat' dir='ltr'><strong>vis</strong></span> <span class='ocrx_word' id='word_1_194' title='bbox 955 4034 1091 4098; x_wconf 89' lang='lat' dir='ltr'><strong>Deorum</strong></span> <span class='ocrx_word' id='word_1_195' title='bbox 1124 4034 1173 4098; x_wconf 92' lang='lat' dir='ltr'><strong>sit.</strong></span> <span class='ocrx_word' id='word_1_196' title='bbox 1231 4032 1311 4098; x_wconf 91' lang='lat' dir='ltr'><strong>Nam</strong></span> <span class='ocrx_word' id='word_1_197' title='bbox 1342 4034 1416 4096; x_wconf 86' lang='lat' dir='ltr'><strong>haec</strong></span> <span class='ocrx_word' id='word_1_198' title='bbox 1448 4039 1535 4095; x_wconf 84' lang='lat' dir='ltr'><strong>tantu</strong></span> 
     </span>
     <span class='ocr_line' id='line_1_29' title="bbox 518 4149 1533 4237; baseline -0.001 -24"><span class='ocrx_word' id='word_1_199' title='bbox 518 4172 620 4215; x_wconf 92' lang='lat' dir='ltr'><strong>eorum</strong></span> <span class='ocrx_word' id='word_1_200' title='bbox 653 4151 786 4237; x_wconf 82' lang='lat' dir='ltr'><strong>dignitas</strong></span> <span class='ocrx_word' id='word_1_201' title='bbox 818 4175 853 4216; x_wconf 91' lang='lat' dir='ltr'><strong>ac</strong></span> <span class='ocrx_word' id='word_1_202' title='bbox 884 4153 1040 4237; x_wconf 89' lang='lat' dir='ltr'><strong>potentia,</strong></span> <span class='ocrx_word' id='word_1_203' title='bbox 1074 4174 1135 4236; x_wconf 91' lang='lat' dir='ltr'><strong>qua</strong></span> <span class='ocrx_word' id='word_1_204' title='bbox 1157 4159 1314 4237; x_wconf 84' lang='lat' dir='ltr'><strong>praestant</strong></span> <span class='ocrx_word' id='word_1_205' title='bbox 1337 4149 1533 4226; x_wconf 90' lang='lat' dir='ltr'><strong>hominibus,</strong></span> 
     </span>
     <span class='ocr_line' id='line_1_30' title="bbox 515 4269 1533 4355; baseline -0.001 -23"><span class='ocrx_word' id='word_1_206' title='bbox 515 4290 611 4333; x_wconf 87' lang='lat' dir='ltr'><strong>causa</strong></span> <span class='ocrx_word' id='word_1_207' title='bbox 634 4269 784 4334; x_wconf 86' lang='lat' dir='ltr'><strong>vindictae</strong></span> <span class='ocrx_word' id='word_1_208' title='bbox 808 4278 868 4348; x_wconf 93' lang='lat' dir='ltr'><strong>est,</strong></span> <span class='ocrx_word' id='word_1_209' title='bbox 893 4271 920 4334; x_wconf 91' lang='lat' dir='ltr'><strong>si</strong></span> <span class='ocrx_word' id='word_1_210' title='bbox 945 4293 1036 4355; x_wconf 91' lang='lat' dir='ltr'><strong>quem</strong></span> <span class='ocrx_word' id='word_1_211' title='bbox 1057 4270 1194 4348; x_wconf 86' lang='lat' dir='ltr'><strong>videant,</strong></span> <span class='ocrx_word' id='word_1_212' title='bbox 1215 4270 1267 4355; x_wconf 93' lang='lat' dir='ltr'><strong>qui</strong></span> <span class='ocrx_word' id='word_1_213' title='bbox 1288 4293 1320 4333; x_wconf 89' lang='lat' dir='ltr'><strong>se</strong></span> <span class='ocrx_word' id='word_1_214' title='bbox 1339 4278 1533 4333; x_wconf 88' lang='lat' dir='ltr'><strong>contemnere</strong></span> 
     </span>
    </p>
   </div>
   <div class='ocr_carea' id='block_1_5' title="bbox 548 4526 1529 4589">
    <p class='ocr_par' dir='ltr' id='par_1_9' title="bbox 548 4526 1529 4589">
     <span class='ocr_line' id='line_1_31' title="bbox 548 4526 1529 4589; baseline 0.001 -16"><span class='ocrx_word' id='word_1_215' title='bbox 548 4526 571 4587; x_wconf 81' lang='lat' dir='ltr'><strong>l)</strong></span> <span class='ocrx_word' id='word_1_216' title='bbox 588 4527 653 4576; x_wconf 79' lang='lat' dir='ltr'><strong>Nem.</strong></span> <span class='ocrx_word' id='word_1_217' title='bbox 676 4528 716 4577; x_wconf 84' lang='lat' dir='ltr'><strong>VI.</strong></span> <span class='ocrx_word' id='word_1_218' title='bbox 736 4528 807 4580; x_wconf 81' lang='lat'>1-7.</span> <span class='ocrx_word' id='word_1_219' title='bbox 875 4529 901 4589; x_wconf 77' lang='lat'><strong>2)</strong></span> <span class='ocrx_word' id='word_1_220' title='bbox 921 4529 959 4579; x_wconf 84' lang='lat' dir='ltr'><strong>Ol.</strong></span> <span class='ocrx_word' id='word_1_221' title='bbox 982 4530 1055 4579; x_wconf 85' lang='lat' dir='ltr'><em>VIII.</em></span> <span class='ocrx_word' id='word_1_222' title='bbox 1071 4529 1179 4578; x_wconf 74' lang='lat' dir='ltr'><strong>‹sl-te.</strong></span> <span class='ocrx_word' id='word_1_223' title='bbox 1248 4526 1529 4589; x_wconf 63' lang='lat' dir='ltr'><strong>utNemJMt-os.</strong></span> 
     </span>
    </p>
   </div>
   <div class='ocr_carea' id='block_1_6' title="bbox 0 0 1888 5534">
    <p class='ocr_par' dir='ltr' id='par_1_10' title="bbox 0 0 1888 5534">
     <span class='ocr_line' id='line_1_32' title="bbox 0 0 1888 5534; baseline 0 4"><span class='ocrx_word' id='word_1_224' title='bbox 0 0 1888 5534; x_wconf 95' lang='lat' dir='ltr'><strong> </strong></span> 
     </span>
    </p>
   </div>
  </div>
 </body>
</html>
