3767 5534
945 715 947 720 >
969 684 1032 746 278

496 887 537 950 Et
561 886 643 972 apud
668 885 836 949 Pindarum
862 884 912 948 Ol.
939 884 986 947 VI
1011 889 1050 950 97
1076 886 1184 949 lamus
1209 886 1390 972 Neptunum
1413 888 1516 974 appel-

496 1007 615 1070 laturus
640 1007 671 1068 in
696 1003 830 1068 medium
856 1004 1015 1068 descendit
1041 1005 1205 1091 Alpheum.

545 1128 618 1189 117.
654 1127 666 1189 o‘
699 1124 724 1187 δ’
757 1127 846 1205 curri.
895 1123 1084 1209 Hujusmodi
1116 1134 1162 1189 est
1193 1134 1330 1191 veterum
1354 1135 1515 1212 poetarum

494 1244 633 1331 jucunda
656 1243 693 1307 de
718 1243 786 1307 Diis
811 1244 965 1320 narratio,
985 1245 1202 1329 superantibus
1219 1245 1311 1331 longe
1327 1246 1515 1311 celeritatem

498 1367 674 1442 hominum,
706 1374 741 1427 ut
772 1387 859 1427 suam
891 1364 1078 1428 celeritatem
1107 1364 1139 1427 iu
1164 1365 1338 1450 apparendo
1362 1388 1515 1451 opemque

498 1486 622 1551 ferendo
653 1484 826 1548 ostendant.
874 1483 923 1548 Sic
953 1483 1034 1571 apud
1059 1484 1229 1550 Homerum
1254 1508 1289 1549 eo
1313 1486 1397 1563 loco,
1423 1508 1515 1569 quem

420 1646 425 1653 -
498 1605 589 1670 modo
620 1605 801 1682 memoravi,
831 1604 938 1667 Thetis
962 1606 993 1667 in
1019 1604 1172 1688 profundo
1195 1606 1272 1669 mari
1296 1605 1404 1669 sedens
1430 1605 1516 1669 audi·

499 1726 543 1789 vit
566 1724 683 1801 filium,
709 1731 755 1801 et,
783 1726 846 1786 359

599 1844 793 1925 κοορποολίμως
817 1842 842 1906 δ’
865 1842 950 1907 οὶνέδν
974 1852 1076 1918 πολιῆς
1100 1844 1171 1915 deba
1195 1843 1259 1919 ἠΰτ’
1282 1845 1406 1927 ὁμίχλη.

548 1966 619 2026 tlt.
654 1962 745 2043 olata
767 1963 850 2041 δῶρο.
887 1961 1096 2026 Pulcherrime
1120 1972 1269 2027 memorat
1292 1963 1404 2049 Pelops
1428 1986 1516 2044 eum,

500 2083 554 2167 qui
578 2082 658 2145 inter
682 2082 783 2171 ipsum
808 2088 839 2144 et
863 2081 964 2145 Deum
988 2081 1105 2160 fuerat,
1132 2105 1282 2160 amorem,
1308 2084 1396 2169 cujus
1418 2083 1519 2168 gratia

500 2223 583 2266 nunc
615 2222 738 2285 quoque
769 2222 891 2264 manere
919 2199 1068 2265 debebat:
1101 2202 1167 2287 ipsa
1198 2209 1318 2266 tantum
1350 2202 1433 2266 dona
1459 2200 1520 2265 Ve-

501 2320 582 2384 neris
613 2319 786 2404 praedicat,
818 2340 880 2381 non
912 2318 1017 2398 addit,
1050 2342 1122 2384 ase
1145 2320 1199 2383 illa
1222 2320 1321 2385 Deum
1346 2320 1517 2405 accepisse:

501 2460 670 2525 provocans
694 2439 737 2501 sio
761 2438 799 2501 ad
819 2437 916 2523 ipsam
933 2439 1044 2502 amoris
1062 2439 1256 2504 dulcedinem
1273 2462 1330 2504 nec
1347 2440 1518 2503 mercedem

503 2557 591 2644 quasi
614 2558 679 2643 ipse
704 2558 761 2622 sibi
785 2557 937 2642 flagitans.

550 2679 622 2740 122.
658 2677 750 2757 ἔγχος
774 2674 913 2756 χάλκεον.
950 2675 1064 2740 Crebro
1088 2678 1132 2741 sic
1157 2678 1249 2741 etiam
1273 2678 1444 2756 Homerus,
1469 2700 1520 2742 ex-

503 2796 636 2881 primens
671 2795 775 2858 hastae
813 2795 972 2859 saevitiam
1008 2818 1136 2881 eamque
1168 2796 1206 2861 ad
1237 2797 1342 2861 oculos
1375 2797 1519 2861 referens.

503 2915 592 2980 (lons.
618 2939 650 2979 vs
676 2918 694 2977 2
719 2916 864 2994 οοῖθόμενον
887 2922 961 2996 πῦρ,
987 2919 1029 2980 40
1055 2918 1178 2999 κοοθοοροῦ
1203 2918 1337 2998 λέβητος.

552 3037 625 3099 127.
648 3034 747 3113 accirer
770 3035 799 3099 δὲ
822 3035 958 3100 πέλοοοον.
983 3035 1030 3100 Of.
1055 3059 1098 3099 vs.
1115 3039 1168 3100 34.
1186 3036 1293 3122 Eurip.
1307 3035 1409 3123 Iphig.
1426 3036 1520 3100 Taur.

507 3157 570 3217 886
594 3152 708 3235 θοονοὶνῳ
731 3154 870 3228 πελάσεις
892 3154 1038 3236 βοὶρβοοροο
1060 3162 1158 3238 <puta

553 3275 625 3337 127.
662 3273 734 3339 ἐπεὶ.
782 3273 955 3339 Difficultas
991 3276 1166 3339 certaminis
1198 3283 1228 3338 et
1258 3274 1440 3361 magnitudo
1472 3298 1524 3361 pe-

505 3392 596 3456 riculi
620 3393 663 3456 ita
687 3404 965 3457 commemorantur
987 3395 1020 3458 in
1044 3394 1204 3480 precibus,
1230 3405 1265 3458 ut
1289 3394 1439 3459 auxilium
1461 3394 1522 3458 Dei

506 3512 662 3596 flagitetur
702 3513 879 3597 impensius,
926 3513 1093 3577 Procerum
1133 3514 1362 3578 interfectorum
1398 3513 1524 3578 nomina

507 3638 649 3696 enarrant
672 3631 853 3695 scholiastae
877 3640 907 3696 et
929 3631 1097 3695 Pausanias
1120 3631 1156 3696 L.
1182 3631 1229 3695 VI
1252 3631 1287 3696 O.
1312 3632 1392 3695 XXI
1417 3635 1446 3697 7.

554 3752 627 3812 129.
663 3750 676 3813 ὁ
705 3750 818 3828 μένος.
866 3750 924 3814 His
957 3774 987 3814 se
1015 3751 1083 3835 ipse
1106 3750 1144 3814 ad
1168 3750 1380 3815 fortitudinem
1403 3751 1524 3815 incitat.

509 3868 660 3953 Magnum
690 3870 879 3954 periculum,
911 3872 1031 3955 inquit,
1064 3892 1126 3934 non
1158 3871 1257 3955 capit,
1289 3872 1307 3934 i.
1338 3893 1364 3934 e.
1388 3892 1451 3933 non
1475 3870 1527 3933 ad-

508 3988 604 4052 mittit
636 3989 734 4052 virum
768 3989 939 4067 imbellem,
971 3989 1108 4053 excludit
1132 4012 1218 4053 eum:
1243 3999 1278 4052 tu
1303 4012 1392 4073 crgo,
1417 3990 1444 4053 si
1467 3989 1526 4052 hoc

509 4106 677 4191 periculum
712 4107 795 4171 adire
827 4110 962 4193 cogitas,
997 4109 1068 4173 forti
1101 4108 1203 4172 auimo
1235 4109 1316 4173 esto!
1342 4108 1420 4172 mori
1443 4108 1524 4171 enim

508 4225 627 4289 cunctis
651 4233 695 4289 est
719 4228 928 4312 propositum,
954 4235 1016 4292 tam
1041 4228 1159 4314 ignavis
1177 4249 1268 4311 quam
1285 4227 1431 4291 fortibus:
1449 4226 1526 4311 quid

509 4366 581 4429 ergo
615 4344 704 4407 malis
739 4354 926 4410 senectutem
959 4370 1103 4431 quaerere
1135 4347 1296 4431 ingloriam
1330 4368 1421 4430 quam
1453 4366 1524 4412 cum

511 4462 648 4548 periculo
672 4462 801 4548 gloriam
825 4465 931 4550 sequi?
