3767 5534
915 724 979 785 898

439 924 584 1011 Olympia
607 923 776 989 constabat.
823 920 904 987 Nam
928 930 964 986 ut
986 922 1111 986 omnino
1127 922 1256 985 virtutes
1273 940 1377 983 eorum
1393 918 1452 981 fac·

437 1044 477 1108 tis
501 1050 725 1128 apparuerunt,
750 1042 794 1105 sic
817 1063 940 1126 quoque
964 1039 1136 1104 certaminis
1160 1045 1286 1102 eventus
1308 1037 1449 1101 eximiam

437 1161 466 1226 ei
492 1162 617 1226 laudem
646 1160 812 1224 vindicavit
842 1181 899 1243 ope
922 1158 1067 1222 Deorum.
1113 1155 1194 1220 Sunt
1217 1155 1331 1239 quippe
1354 1160 1449 1218 certa·

435 1279 555 1345 minum
585 1286 712 1344 eventus
741 1277 868 1356 incerti,
900 1285 930 1341 et
957 1298 1104 1362 suspensa
1127 1282 1190 1351 est,
1214 1274 1378 1355 κρέμαται,
1402 1294 1449 1337 re·

438 1395 600 1481 prehensio
623 1395 816 1474 invidorum,
840 1394 980 1458 imminet
1003 1416 1038 1458 ca
1054 1392 1231 1470 certaturis,
1249 1389 1303 1455 sed
1319 1391 1452 1455 vincitur

436 1514 492 1579 illa
510 1522 541 1578 et
560 1523 723 1599 superatur
742 1513 840 1590 facto,
861 1512 888 1575 11
907 1512 976 1598 quis
995 1512 1029 1576 iu
1048 1510 1147 1597 primo
1167 1510 1271 1574 statim
1283 1509 1447 1574 certamine

436 1632 530 1696 decus
554 1631 709 1717 egregium
733 1631 877 1696 victoriae
900 1630 1098 1694 nanciscitur.

479 1750 656 1815 Boeckhius
687 1749 862 1826 contendit,
895 1749 927 1812 in
960 1748 1077 1813 civibus
1108 1746 1304 1832 Syracusanis
1337 1746 1449 1823 fuisse,

437 1869 491 1955 qui
511 1870 575 1955 jam
590 1876 658 1933 tum
673 1868 802 1953 Agesiae
817 1867 1007 1944 inviderent,
1024 1874 1117 1950 atque
1133 1865 1212 1930 hanc
1228 1887 1291 1930 esse
1307 1886 1430 1929 causam
1439 1915 1449 1949 ,

439 2008 493 2052 cnr
516 1986 668 2050 Pindarus
691 1985 765 2050 haec
788 1985 909 2050 dixerit.
956 1985 1064 2049 Fuisse
1086 1984 1157 2048 illos
1172 1983 1292 2048 invidos
1309 1982 1448 2060 eosdem,

441 2104 497 2189 qui
521 2113 626 2189 postea
649 2106 811 2189 Agesiam,
836 2104 971 2169 Hierone
991 2103 1153 2180 defuncto,
1171 2082 1358 2167 occiderunt.
1383 2100 1450 2165 Nec

438 2230 541 2287 tamen
565 2221 714 2306 explicat,
739 2222 892 2306 quomodo
915 2222 962 2285 illi
986 2222 1065 2286 cives
1087 2220 1185 2285 invidi
1209 2220 1300 2284 iidem
1317 2219 1448 2297 fuerint,

439 2340 493 2425 qui
524 2362 558 2403 vs
588 2342 627 2404 10
657 2341 803 2425 appellati
825 2348 898 2406 sunt
920 2363 983 2406 non
1006 2340 1113 2405 invidi.
1161 2339 1208 2403 De
1231 2340 1323 2404 caede-
1346 2346 1448 2403 autem

438 2457 569 2541 Agesiae
600 2458 730 2522 affirmat
759 2481 776 2522 a
802 2458 918 2523 scholio
942 2458 1031 2522 Urat.
1059 2457 1146 2521 had
1171 2480 1204 2519 vs
1230 2458 1310 2520 165:
1335 2452 1378 2521 dre
1400 2457 1450 2537 φί-

439 2590 489 2645 λος
516 2575 662 2653 Ἀγησίας
684 2576 733 2640 καὶ
756 2576 879 2658 μάντις,
904 2576 933 2648 ὃς
954 2576 1068 2657 οἰνιοοὲθη
1088 2574 1205 2655 Ἱέρωνος
1225 2576 1447 2645 καταλυθέντος.

438 2691 540 2755 Nimis
570 2693 636 2757 leve
664 2693 723 2757 hoc
745 2694 956 2758 testimonium
980 2694 1136 2771 existimo,
1162 2700 1192 2756 et
1215 2714 1320 2757 carens
1344 2702 1448 2757 aucto·

438 2808 544 2872 ritate:
579 2810 667 2874 nulla
701 2819 856 2895 praetcrea
887 2810 924 2875 de
955 2811 1047 2876 caede
1078 2811 1208 2896 Agesiae
1233 2812 1367 2875 narratio
1390 2822 1445 2876 est.

436 2925 482 2991 Ut
512 2948 581 2991 vere
612 2927 729 3006 dicam,
753 2951 815 2993 non
838 2930 1030 2994 intellectum
1053 2929 1143 2993 credo
1166 2928 1244 2993 illud
1268 2930 1405 2993 scholion
1428 2953 1445 2993 a

435 3043 609 3108 Boeckhio:
634 3052 680 3108 est
703 3068 738 3109 eo
762 3045 887 3110 Pindari
911 3069 997 3111 versu
1022 3047 1168 3110 memoria
1191 3047 1229 3111 de
1252 3047 1396 3111 Hieronis
1413 3055 1444 3111 et

436 3163 566 3247 Ageriae
593 3164 743 3228 amicitia:
771 3165 903 3248 explicat
932 3165 1097 3228 scholiasta
1118 3165 1357 3249 φιλοφροσύνας,
1382 3168 1447 3251 qui-

434 3278 494 3343 bus
523 3280 619 3344 Poeta
649 3281 778 3365 Agesiae
809 3282 921 3347 festum
949 3282 987 3346 ab
1012 3282 1147 3347 Hierone
1171 3291 1329 3368 acceptum
1353 3285 1444 3350 velit:

434 3417 557 3460 causam
581 3398 672 3461 etiam
695 3398 800 3483 adjicit
822 3399 918 3476 hanc,
945 3400 1044 3484 quod,
1070 3423 1166 3486 quum
1189 3400 1242 3464 1111
1266 3408 1350 3465 vates
1367 3404 1446 3487 regis

434 3522 529 3592 11111,
562 3537 627 3579 1011
657 3516 782 3580 11111111
813 3516 959 3602 penderet
990 3518 1027 3582 ab
1058 3519 1184 3583 alterius
1216 3526 1313 3599 sorte,
1342 3528 1395 3598 ut,
1420 3522 1446 3585 si

432 3632 513 3716 regis
536 3633 673 3717 potentia
696 3634 882 3711 solveretur,
906 3636 1000 3700 etiam
1021 3637 1098 3700 vatis
1115 3638 1281 3701 auctoritas
1298 3660 1332 3701 ac
1348 3637 1447 3723 digni·

431 3756 479 3813 tas
510 3749 633 3814 sublata
662 3751 756 3814 foret:
788 3751 893 3835 itaque
923 3753 994 3816 illos
1022 3754 1103 3817 inter
1126 3777 1158 3818 se
1183 3777 1283 3820 amare
1307 3763 1337 3820 et
1360 3756 1444 3841 adju-

433 3888 503 3931 vare
527 3874 676 3953 oportere.

479 3986 553 4049 128.
596 3985 775 4062 τοτιστοὶξει.
818 3986 976 4072 Scriptura
1009 3988 1085 4053 haec
1116 3997 1162 4054 est
1193 3992 1284 4055 etiam
1316 3993 1349 4056 in
1381 4016 1444 4058 uno

429 4107 529 4165 vetere
553 4103 686 4166 scholio:
711 4102 744 4168 τὸ
767 4103 796 4168 δὲ
821 4104 1011 4182 τοτιττοὶξει,
1038 4107 1226 4187 ἕτιχαοίτους
1250 4112 1359 4185 ποιήσει
1378 4111 1443 4184 τοὺς

432 4224 579 4292 νικῶντας.

482 4339 556 4401 128.
590 4338 689 4417 χάρις.
724 4338 762 4402 In
793 4339 922 4403 victoria
952 4341 1116 4407 tribuenda
1143 4353 1330 4410 memoratur
1353 4348 1443 4414 etiam

435 4451 486 4516 01.
509 4451 545 4516 ΙΙ
568 4458 621 4519 90.
668 4458 788 4520 novarat
810 4460 928 4538 μορφὰν
950 4465 1031 4522 11011
1054 4468 1141 4523 vetus
1166 4462 1329 4527 scholiasta
1351 4467 1445 4549 expli·
