3767 5534
990 758 1053 816 204

692 954 917 1033 ’Τπερελθθντιον
940 956 1019 1036 ἱεροις

691 1073 741 1137 Eis
764 1071 922 1151 ἀέθλοισιν,
946 1076 1047 1140 πολλόν
1069 1075 1093 1139 θ’
1116 1078 1144 1140 ἐν

693 1190 828 1271 Κοιρόθνοις
851 1191 957 1271 ἀνδρῶν
980 1192 1087 1270 ἔβαλον

889 1312 932 1376 'E.
958 1310 997 1375 ον’.
1044 1322 1079 1375 Κ.
1104 1313 1152 1377 ιιό.

686 1427 786 1507 'sicco
809 1426 1001 1507 πολυάνθεμοι
1024 1432 1075 1510 cip·

732 1553 814 1625 χνόον
836 1547 1007 1627 σοφίσμαθ’.
1032 1545 1114 1613 θέοινιν
1137 1548 1162 1612 δ’
1187 1548 1310 1629 εὑρόντος
1335 1550 1423 1629 ἔργον.

687 1665 747 1727 Τοιὶ
772 1663 908 1730 Διονύσον
933 1664 1015 1730 τόθεν
1041 1665 1183 1749 ἐξέφαινον
1485 1671 1527 1731 25

686 1783 746 1847 Σὺν
769 1781 908 1866 βοηλάτᾳ
930 1784 1053 1864 Χοόριτος

688 1900 883 1981 Διθυράμβοις
906 1903 952 1974 τίς
975 1904 1036 1984 γὰρ
1059 1904 1158 1968 isterci-

732 2042 771 2093 οις
795 2021 823 2083 ἐν
846 2019 973 2085 ἔντεσσιν
996 2020 1110 2101 μέτρον,

684 2133 726 2202 ’Ἡ
749 2139 816 2203 θεῶν
839 2146 945 2204 ννιοῖσιν
969 2140 1027 2204 oio·

734 2259 785 2320 νῶν
808 2256 946 2333 βοισιλῆοο
968 2256 1042 2324 tlte-

733 2398 787 2450 μον
810 2375 905 2453 ἔθνκ’;
929 2379 959 2441 ἐν
982 2377 1011 2440 δὲ
1034 2378 1123 2443 Moic’
1147 2378 1302 2453 οἰόθιινοοι,

687 2492 739 2558 Ἐν
762 2493 898 2574 θ’Ἄρνς
921 2497 1002 2561 οὶνθεῖ
1022 2496 1088 2562 νέων

694 2612 818 2684 otilone
841 2614 1000 2694 νοθχμοοῖσιν
1022 2614 1136 2696 σόνθρῶν.

541 2825 581 2874 20.
607 2829 777 2896 ὑπερελθόντων.
812 2828 840 2875 In
858 2826 926 2876 Uret.
946 2828 966 2875 B
985 2831 1009 2875 ct
1021 2827 1161 2891 quibusdem
1173 2831 1297 2891 praetereo
1309 2830 1524 2898 esttrspetdo'cco.

509 2922 537 2971 In
564 2921 654 2971 scholio
680 2922 812 2971 recentiore
837 2923 933 2986 copiose
959 2922 1095 2972 defenditur
1120 2924 1297 2992 ὑπερελθόντων,
1325 2927 1350 2972 et
1375 2923 1400 2972 in
1418 2939 1480 2983 uno,
1498 2923 1525 2973 in

509 3019 585 3067 Mose.
602 3018 636 3077 B,
653 3018 778 3068 scribitur:
798 3020 962 3086 ὑπερελθόντων
977 3026 1023 3087 χρὴ
1041 3025 1147 3088 γράφειν,
1167 3024 1208 3085 οὐχ
1224 3022 1392 3087 ὑπερελθοῡσιν·
1412 3023 1470 3071 οὕτω
1480 3027 1528 3090 γὰρ

508 3119 557 3179 ἔχει
569 3118 625 3182 πρὸς
637 3118 663 3164 τό
673 3121 759 3182 μέτρον
770 3119 847 3182 ὀρθῶς.
866 3114 955 3162 Verum
965 3114 1037 3162 etism
1046 3114 1071 3162 in
1081 3113 1179 3163 scholiis
1189 3114 1309 3163 veteribus
1320 3117 1370 3163 est:
1382 3122 1525 3177 truncatas»,

508 3213 680 3277 ὑπερβαλόντων
696 3214 733 3261 καὶ
751 3217 879 3276 κρεισσόνων
890 3218 1022 3275 γινομένων.
1034 3237 1068 3248 -
1079 3217 1161 3278 σχῆμά
1172 3216 1233 3261 ἐστιν
1242 3215 1293 3261 ἀντὶ
1304 3217 1344 3261 τοῦ
1355 3214 1522 3278 θπορελθσῦσιν.

539 3305 579 3353 21.
605 3310 636 3355 εἰν
661 3310 779 3357 ἀέθλοισιν.
817 3306 852 3354 its
878 3306 1015 3355 Schmidins
1041 3310 1066 3355 et
1092 3307 1208 3371 Heynius.
1242 3305 1379 3355 Boecihius
1404 3305 1481 3355 edidit
1502 3311 1525 3355 ἐν

507 3402 605 3457 addico:
628 3401 692 3464 quod
715 3405 752 3450 est
774 3401 800 3449 in
825 3401 903 3450 Vstic.
938 3401 968 3450 In
987 3400 1043 3451 Ald.
1061 3402 1128 3450 Gott.
1146 3402 1201 3449 Psr.
1219 3404 1255 3459 Δ,
1273 3402 1336 3465 Aug.
1353 3400 1388 3460 B,
1405 3400 1476 3450 Bodl.
1493 3421 1524 3463 y,

508 3503 543 3555 et,
561 3501 589 3546 ut
606 3497 691 3553 oredo,
709 3498 733 3544 in
752 3496 803 3546 Pol.
820 3497 852 3555 C,
871 3500 907 3545 est
924 3503 947 3547 ἐν
963 3499 1069 3547 addictos.
1104 3497 1215 3546 Fortasse
1232 3512 1260 3545 es
1277 3512 1334 3546 vers
1350 3495 1470 3561 scripturn
1481 3500 1528 3546 est.

510 3592 615 3642 Difficile
632 3592 691 3641 mihi
709 3592 804 3656 quidem
822 3597 859 3641 est
873 3593 1000 3656 judicium.
1027 3593 1099 3642 Conf.
1116 3609 1152 3642 vs.
1171 3594 1220 3641 142
1238 3596 1263 3641 et
1281 3592 1336 3641 153.
1364 3590 1526 3656 teredonis,
1561 3580 1564 3584 ’

509 3693 625 3750 quantum
647 3688 710 3746 scio,
735 3693 772 3737 est
793 3688 831 3746 id,
855 3687 903 3753 qud
927 3687 1027 3738 edimus.
1061 3688 1198 3737 Boeckhuis
1220 3687 1291 3747 dicit,
1315 3687 1448 3736 Pindarum
1472 3703 1531 3737 uus·

510 3798 580 3846 quem
598 3782 685 3831 dixisse
702 3788 745 3843 oio,
764 3785 809 3833 nisi
827 3785 852 3833 in
870 3785 1005 3848 composito
1022 3787 1125 3842 εόνάλοσς.

543 3879 583 3927 25.
609 3881 719 3946 ἐξόρανεν.
755 3880 794 3928 Sic
817 3880 940 3943 Heyoius,
965 3882 988 3928 et
1012 3884 1076 3928 certo
1101 3880 1169 3928 Urst.
1187 3880 1216 3927 B.
1251 3877 1387 3928 Schmidios
1405 3881 1524 3946 όξόφαντν,

511 3974 574 4036 quod
593 3978 630 4024 est
645 3974 670 4023 in
689 3975 758 4023 Urst.
776 3976 805 4024 A.
838 3975 866 4023 111
883 3975 940 4023 Aid.
958 3979 983 4023 et
1000 3976 1067 4024 Gott.
1086 3977 1122 4023 est
1141 3977 1241 4042 ἐξέραντ.

543 4067 584 4119 27.
608 4075 645 4126 τίς
666 4075 721 4138 γὰρ.
758 4070 798 4118 Sic
825 4070 946 4133 Heynius,
971 4073 997 4118 et
1019 4072 1083 4118 certe
1107 4070 1158 4118 Pel.
1178 4069 1206 4118 G.
1242 4069 1270 4118 In
1289 4070 1358 4119 Uret.
1377 4071 1395 4117 A
1414 4072 1439 4118 ct
1456 4068 1477 4117 B
1493 4070 1529 4126 τός

511 4167 541 4216 δὲ.
571 4166 722 4215 Memorstur
737 4166 810 4216 ctiam
827 4167 948 4231 scripture
965 4171 1001 4223 τίς
1018 4166 1045 4216 δ’.

544 4262 583 4311 28.
610 4266 714 4312 ἔντεσσιν.
747 4263 798 4312 Pal.
817 4262 837 4311 C
854 4266 879 4311 et
896 4262 965 4311 Uret.
983 4263 1004 4311 B
1022 4267 1100 4313 ἔντεσι.

544 4357 584 4407 30.
609 4361 720 4424 βασιλῆα.
755 4359 793 4408 Its
814 4359 869 4407 libri
894 4374 991 4418 omnes,
1009 4364 1126 4423 quantum
1144 4360 1202 4409 scio.
1236 4360 1341 4425 Quidem
1359 4359 1462 4408 editores
1478 4366 1529 4425 βα-

511 4456 590 4503 σιλέως
609 4454 673 4517 quod
690 4454 786 4517 quidem
804 4459 840 4503 ost
856 4454 880 4502 in
898 4454 1052 4504 lemmatibus
1071 4458 1178 4504 vetorum
1196 4455 1351 4505 scholiorum.

543 4548 582 4598 ³1.
608 4548 677 4608 ἔθηκ’.
711 4548 764 4599 Pol.
782 4549 817 4608 C,
835 4550 901 4600 Gott.
919 4550 975 4600 Ald.
992 4552 1068 4600 Mosc.
1087 4553 1120 4613 A,
1138 4552 1194 4603 Psr.
1211 4553 1245 4613 A,
1264 4551 1342 4602 Vstic.
1361 4551 1459 4610 όπόόσνθ.
