3767 5534
854 738 887 800 li

357 949 393 1005 nt
425 941 528 1019 sileat,
557 939 710 1025 quomodo
738 937 790 1001 ille
813 936 895 1001 filius
919 946 1081 1021 susceptus
1105 936 1153 999 sit.
1171 936 1193 1019 Ι)
1240 933 1374 999 Omnino

353 1060 526 1146 simplicior
548 1058 701 1123 Pindarus
720 1058 753 1121 in
773 1057 831 1120 Dei
851 1078 953 1121 amore
973 1056 1180 1139 beneficioque
1201 1052 1373 1129 laudando,

355 1202 414 1244 nec
438 1201 511 1242 sane
534 1177 704 1243 secundum
728 1176 810 1239 hunc

486 1297 608 1383 Jupiter
635 1296 763 1361 infamat
786 1317 879 1379 seque
902 1317 1051 1379 suamque
1075 1294 1249 1385 domumj)
1317 1378 1320 1383 Ι

402 1388 512 1502 Ipsam*
535 1416 668 1482 Junonis
691 1415 723 1479 in
748 1414 914 1479 Herculem
938 1414 1016 1478 iram
1039 1414 1101 1477 fere
1125 1412 1208 1477 sileri
1228 1414 1291 1497 jam
1316 1433 1378 1474 mo·

356 1539 494 1601 nuimus.
541 1538 645 1621 Atque
675 1536 800 1600 omnino
832 1534 924 1599 semel
953 1534 1035 1619 apud
1065 1534 1232 1598 Pindarum
1257 1542 1303 1597 est
1326 1532 1378 1596 ali-

355 1656 435 1741 quid
466 1656 633 1741 ejusmodi,
669 1663 704 1719 nt
734 1656 766 1718 in
797 1656 908 1718 amoris
940 1676 1034 1718 causa
1057 1655 1110 1718 fiat
1133 1677 1196 1717 uon
1220 1653 1378 1719 altercatio

358 1784 389 1840 et
419 1776 573 1861 jurgium,
607 1774 660 1839 sed
690 1774 860 1860 disputatio
884 1783 915 1838 et
937 1782 1105 1852 certamen,
1131 1774 1163 1837 in
1188 1796 1249 1858 qno
1273 1783 1304 1838 et
1327 1796 1379 1837 au-

359 1879 446 1960 ditur
478 1896 625 1960 continuo
656 1894 806 1979 sapientia
836 1893 993 1957 Themidis
1026 1904 1057 1957 et
1088 1893 1316 1978 obtemperatur
1340 1893 1379 1957 ei.

357 2013 441 2078 Nam
465 2014 605 2078 Thetidis
629 2012 819 2078 connubium
844 2013 1087 2098 concupiverunt
1105 2010 1229 2097 Jupiter
1248 2019 1279 2075 et
1297 2010 1380 2095 Nep-

358 2142 474 2197 tunus:
499 2154 561 2197 uon
585 2132 657 2196 sivit
679 2131 821 2196 Themis:
846 2154 917 2194 nam
940 2130 1081 2195 Thetidis
1105 2130 1221 2216 prolem
1246 2153 1282 2194 ex
1304 2130 1380 2193 Jove

244 2298 248 2304 -
358 2253 408 2317 vel
444 2252 535 2315 fratre
568 2251 654 2314 Jovis
689 2259 860 2335 susceptam
892 2250 971 2314 dixit
1002 2259 1088 2336 patre
1119 2250 1183 2314 fore
1214 2251 1378 2335 majorem:

358 2371 465 2435 deberi
492 2370 614 2435 mortali
641 2392 707 2434 eam
731 2370 850 2433 marito,
898 2369 1062 2434 Dedernnt
1085 2370 1193 2446 Peleo,
1219 2380 1379 2455 propterea

360 2489 448 2575 qnod
479 2489 504 2551 is
535 2496 600 2553 erat
627 2512 662 2552 ex
683 2489 854 2573 justissima
877 2496 968 2572 gente
992 2488 1085 2552 Aeaci
1109 2496 1140 2552 et
1163 2489 1228 2572 ipse
1251 2488 1382 2550 maxime

360 2609 444 2693 pins.
458 2606 482 2690 ³)
528 2606 688 2671 Cernimus
724 2607 908 2670 clarissimae
940 2606 1023 2670 Deae
1056 2605 1243 2670 connubium
1276 2606 1381 2669 datum

361 2750 420 2814 pro
444 2727 567 2804 virtutis
591 2726 735 2812 praemio.

834 2965 912 3048 qs.

678 3203 726 3266 De
761 3202 897 3267 Vindicta
934 3203 1071 3266 Deorum.

413 3438 574 3523 Dignitate
597 3439 641 3503 ita
663 3439 845 3503 mortalibus
869 3446 1023 3525 praestare
1047 3439 1128 3503 Deos
1147 3439 1296 3525 judicavit
1317 3438 1388 3503 Pin-

365 3558 478 3635 darus,
503 3564 539 3622 ut
562 3558 600 3621 de
622 3558 691 3621 Diis
714 3558 866 3623 dicentem
890 3559 1022 3622 maxima
1038 3558 1158 3623 deceret
1175 3558 1339 3643 prudentia
1356 3565 1386 3623 ct

364 3678 490 3742 cautio:
523 3700 619 3762 eaque
650 3677 809 3763 dignitatis
840 3679 1027 3764 praestantia
1059 3679 1151 3743 etiam
1179 3679 1211 3742 in
1234 3679 1271 3742 iis
1295 3678 1387 3742 rebus

365 3804 452 3875 erat,
484 3797 597 3881 quibus
630 3798 760 3862 maxime
791 3807 821 3863 et
848 3798 963 3864 similes
987 3798 1165 3863 hominibus
1190 3806 1313 3862 etcum
1337 3798 1390 3862 ho·

365 3914 506 3979 minibus
537 3918 694 4001 conjuncti
726 3927 817 3995 sunt,
849 3917 882 3981 id
913 3927 959 3982 cst
986 3919 1018 3982 iu
1042 3917 1206 3982 amoribus.
1253 3916 1389 3981 Omnino

366 4036 552 4120 cognatione
584 4036 717 4120 quadam
749 4038 838 4102 ambo
869 4061 982 4123 genera
1012 4039 1225 4120 continentur,
1256 4036 1309 4101 sed
1338 4036 1390 4100 Dii

365 4155 460 4239 longe
494 4157 665 4240 superiores
698 4165 779 4221 sunt.
823 4156 953 4235 „Unum
986 4157 1128 4241 idemque
1162 4157 1323 4221 hominum
1355 4179 1389 4221 ac

405 4447 428 4508 ι)
447 4445 520 4497 reor.
619 4448 644 4509 a>
661 4449 769 4511 Propera
789 4449 813 4498 r.
835 4450 888 4497 ιη.
907 4449 973 4513 riq.
995 4449 1036 4497 rr.
1055 4427 1104 4497 aas

404 4543 430 4605 a)
449 4542 532 4591 ntra.
555 4545 629 4594 rur.
648 4545 755 4594 as-sa,
