3767 5534
911 744 973 806 511

433 954 506 1011 runt
530 947 568 1012 ad
593 946 763 1012 canendum
788 947 978 1031 praeclarum
1004 954 1154 1048 certamen
1179 944 1375 1030 Olympium:
1396 944 1446 1010 01.

432 1064 449 1129 I
482 1068 523 1129 16
555 1088 591 1130 ex
620 1065 764 1150 Olympio
796 1067 960 1129 certamine
999 1087 1071 1129 cura
1092 1067 1177 1129 venit
1200 1065 1389 1150 sapientibus
1413 1073 1449 1129 ut

436 1184 540 1251 Iovem
572 1193 699 1249 canant:
732 1183 782 1248 Ol.
812 1184 846 1248 II
879 1188 898 1247 4
928 1185 1083 1249 canendus
1107 1183 1248 1269 Jupiter,
1273 1206 1344 1247 nam
1366 1185 1447 1248 Ulca

432 1305 485 1381 μὲν
508 1305 597 1375 Arda:
623 1301 673 1367 Ol.
698 1303 744 1367 IV
768 1305 869 1388 ipsum
897 1305 1041 1368 carminis
1061 1303 1218 1368 exordium
1235 1311 1280 1367 eat
1295 1305 1447 1367 invocatio

433 1422 569 1487 neentis
592 1421 691 1485 Iovia:
716 1442 787 1485 nam
811 1421 896 1485 illius
923 1422 1083 1485 redeuntia
1106 1431 1242 1506 tempora
1265 1420 1391 1484 Poetam
1408 1420 1445 1483 ad

433 1540 587 1628 laudanda
617 1541 782 1605 certamina
811 1549 975 1604 vocarunt:
1008 1538 1186 1624 Olympium
1210 1538 1238 1599 V
1267 1545 1368 1602 totum
1399 1547 1446 1601 ast

433 1660 585 1722 invocatio
607 1658 709 1722 Fluvii
733 1657 911 1722 Camarinae
930 1657 1127 1741 Palladiaque
1143 1658 1276 1735 tutriois,
1295 1665 1442 1721 ettamen

433 1802 543 1864 magna
579 1801 648 1865 para
682 1780 715 1843 in
749 1779 920 1843 invocando
955 1778 1049 1855 Jove,
1085 1785 1244 1863 propterea
1278 1775 1360 1860 quod
1392 1776 1443 1840 ille

434 1895 582 1962 Cronium
612 1897 722 1962 collem
752 1897 899 1962 incoleret
931 1905 962 1960 et
994 1897 1149 1981 Alpheum
1181 1896 1360 1959 honoraret:
1393 1893 1443 1958 Ol.

383 2090 387 2093 ,
433 2015 498 2079 VII
524 2018 585 2101 159
611 2039 724 2081 numen
747 2014 834 2079 Jovis
858 2016 966 2080 adorat
989 2024 1019 2079 et
1040 2024 1181 2100 precatur
1196 2022 1232 2078 nt
1247 2014 1299 2078 ille
1316 2013 1445 2077 honoret

434 2133 521 2213 ὕμνον
551 2134 655 2213 τεθμὸν
678 2135 927 2212 Ὀλυμπιινίιινινε
953 2134 1004 2199 Ol.
1028 2134 1075 2198 IX
1104 2138 1142 2198 10
1167 2134 1204 2198 ad
1229 2132 1444 2197 fulminantem

432 2253 540 2317 Iovem
563 2262 759 2337 montemque
782 2254 881 2318 Elidis
905 2256 1003 2319 mittit
1022 2254 1083 2319 tela
1098 2254 1275 2318 Musarum:
1293 2251 1343 2316 Ol.
1360 2251 1444 2315 XIII

435 2376 476 2435 39
501 2371 753 2436 commendantur
775 2371 846 2436 Jovi
869 2395 1050 2437 coronarum
1073 2372 1197 2447 decora,
1218 2393 1296 2455 quae
1319 2370 1387 2434 Pisa
1401 2394 1445 2435 re·

435 2489 522 2553 diens
550 2490 608 2553 fert
632 2491 729 2555 victor
751 2491 886 2555 domum.

479 2608 621 2672 Fortasse
642 2609 778 2693 cuipiam
803 2610 885 2673 visus
909 2610 997 2674 fuero
1020 2612 1052 2673 in
1076 2633 1108 2672 re
1132 2616 1236 2694 aperta
1259 2610 1307 2673 uti
1322 2609 1445 2673 demon-

438 2727 584 2790 stratione
615 2726 717 2811 longa.
765 2727 806 2790 nt
829 2737 931 2791 tamen
956 2727 1140 2812 quandoque
1163 2750 1220 2791 nec
1243 2728 1373 2790 otiosum
1400 2736 1447 2791 est

434 2864 490 2908 nec
512 2845 624 2908 inutile
647 2867 710 2908 rem
735 2847 873 2930 quamvis
896 2845 1009 2909 claram
1033 2868 1146 2930 ponere
1169 2845 1208 2909 ob
1232 2845 1346 2909 oculos.

479 2961 600 3043 Quodsi
635 2970 737 3028 autem
772 2965 811 3028 de
845 2964 983 3028 fulminis
1018 2987 1053 3028 ea
1087 2965 1218 3049 imagine
1251 2965 1444 3049 quaerimus,

435 3100 512 3167 quae
544 3083 576 3146 in
606 3081 773 3147 Locrorum
805 3084 939 3147 nummis
972 3083 1049 3160 fuit,
1083 3106 1118 3146 ea
1144 3084 1211 3168 ipsa
1234 3105 1297 3147 non
1321 3091 1445 3169 propter

433 3200 494 3264 vim
526 3199 664 3264 fulminis
694 3201 799 3284 potius
830 3222 923 3286 quam
957 3207 1081 3287 propter
1111 3223 1224 3265 numen
1257 3211 1288 3265 et
1314 3201 1446 3285 insignia

433 3317 518 3383 Jovis
542 3320 635 3383 fuisse
659 3319 796 3382 videtur:
822 3342 908 3397 nam,
934 3327 970 3382 ut
992 3319 1159 3384 Eckhelius
1176 3320 1290 3384 ibidem
1308 3320 1446 3404 exponit,

433 3437 466 3499 in
491 3437 585 3500 altera
608 3444 692 3521 parte
714 3436 848 3521 ejusdem
865 3438 1002 3514 nummi,
1019 3438 1073 3521 qui
1088 3438 1203 3501 fulmen
1220 3436 1326 3515 habet,
1344 3438 1447 3521 aquila

434 3560 497 3616 est:
529 3561 597 3618 tum
626 3576 698 3617 vero
730 3554 809 3618 alius
842 3577 986 3619 nummus
1020 3563 1082 3632 est,
1108 3556 1162 3638 qui
1185 3556 1218 3618 in
1242 3555 1337 3618 altera
1361 3563 1446 3639 parte

432 3671 559 3749 Iovem,
586 3673 619 3735 in
643 3672 739 3735 altera
762 3672 895 3755 aquilam
921 3673 1031 3751 habet,
1056 3673 1109 3737 sed
1133 3682 1215 3738 caret
1238 3674 1375 3738 fulmine.

480 3791 533 3852 99.
568 3788 637 3852 Jam
661 3812 733 3873 ergo
757 3813 839 3853 nunc
860 3812 984 3875 quoque
1000 3765 1089 3855 initia
1104 3793 1205 3876 priora
1221 3800 1344 3857 secutus
1360 3794 1444 3858 caarit

432 3906 520 3988 χάριν
544 3908 624 3979 νίκνις
649 3907 837 3991 Agesidami.
874 3909 1026 3984 Χλιδῶσιι,
1050 3917 1204 3990 τρυφῶσιν,
1222 3912 1444 3994 ἐνιιβρννιμένν,

433 4034 469 4088 ut
505 4024 668 4088 scholiasta
703 4024 818 4089 scribit.
858 4025 973 4090 Verum
1005 4028 1074 4107 πρὸς
1106 4029 1241 4105 educant
1272 4052 1335 4093 non
1366 4037 1447 4095 recte

433 4143 510 4206 mihi
536 4142 658 4206 videtur
674 4144 859 4228 conjungere
875 4165 945 4207 cum
962 4144 1107 4229 νέννιιέξει,
1125 4168 1227 4210 verum
1244 4147 1277 4210 id
1293 4149 1446 4233 conjungo

433 4281 502 4325 cnm
536 4262 691 4342 χλιδῶσιιε
727 4263 758 4324 in
799 4260 929 4338 νέννιιὶξει
964 4263 1095 4349 intelligi
1124 4265 1214 4330 oredo
1244 4268 1444 4348 ’Aeneadum

434 4380 585 4443 Futurum
618 4378 676 4442 hoc
709 4402 798 4442 vorsu
829 4386 860 4442 et
891 4382 933 4442 96
965 4381 1186 4459 κελαδησόμεθα
1215 4384 1263 4448 vix
1292 4388 1443 4469 propriam

435 4518 521 4561 suam
555 4496 808 4580 significationem
842 4496 953 4562 habet:
989 4499 1179 4583 significatur
1211 4502 1270 4565 troo
1301 4524 1444 4587 praesens
