3767 5534
922 764 982 827 117

666 966 702 1028 ‘0
726 963 787 1040 μάν
810 970 936 1037 πλοῦτος
959 967 1078 1047 ἀρεταῖς

666 1083 898 1162 Δεδανδαλροὲνος

665 1204 742 1283 Φέρει
764 1209 820 1269 τῶν
843 1230 877 1271 τε
900 1206 950 1270 καὶ
974 1213 1030 1271 τῶν

665 1322 780 1402 Καιρὸν,
804 1323 929 1401 βαθεῖαν
953 1325 1071 1406 ὑπέχων

662 1440 813 1522 Μέρνροναν
835 1444 1011 1524 ἀγροτέραν,

816 1562 861 1628 Ἒ.
886 1563 927 1640 γ’.
975 1574 1010 1629 Κ.
1034 1565 1071 1640 ν’.

662 1678 770 1759 Ἀστὴρ
792 1677 939 1763 ἀρνζνγλος,
964 1684 1105 1762 ἐτήτυμον

663 1797 757 1878 Ἀνδρὶ
780 1798 907 1881 Φὲγγος,
933 1802 958 1867 εἰ
985 1800 1015 1866 δέ
1037 1826 1087 1879 ραν
1109 1800 1185 1883 ἔχων

663 1926 734 1993 Τις,
758 1913 830 1983 οἶδεν
851 1920 885 1985 τὸ
907 1919 1034 1998 μέλλον,

659 2037 729 2102 ’Ότι
752 2037 890 2103 θανόντων
915 2040 970 2117 μὲν
992 2042 1035 2104 ἐν·

705 2156 766 2220 tatt’
790 2156 885 2222 αὐτίκ’
908 2159 1082 2237 ἀτάλαμνα
1105 2160 1206 2242 Φρὲνες
1388 2164 1449 2225 105

659 2275 762 2347 Ποινὰς
783 2274 895 2351 ἔτισαν,
915 2278 956 2342 τοὶ
975 2277 998 2342 δ’
1014 2280 1043 2343 ἐν
1062 2278 1133 2362 τᾷδε
1154 2278 1222 2351 Διὸς
1241 2282 1325 2363 ἀρχᾷ

663 2391 787 2475 ’Λλντρα
812 2396 893 2461 κατά
916 2401 977 2474 γάς
1001 2397 1079 2463 Brad-

709 2514 748 2595 ζεν
768 2539 824 2589 τος,
847 2517 939 2600 ἐχθρᾷ
959 2517 1047 2594 λόγον
1066 2518 1186 2599 Φράοας
1206 2515 1336 2601 ἀνάγκρι.

437 2710 616 2721 --

432 2848 525 2910 conjici
551 2852 644 2913 posset,
671 2848 743 2897 etiam
769 2849 857 2898 lectum
883 2850 954 2898 fuisse
976 2855 1075 2919 ἀρρόνων
1097 2848 1136 2898 vel
1157 2851 1282 2919 ἀρραὺνοιν
1304 2848 1341 2897 vei
1358 2848 1448 2913 aliquid
1502 2873 1505 2879 ⁴

432 2945 562 3009 ejusmodi.

473 3042 527 3090 100.
552 3047 687 3110 ἀγροτέραν,
723 3042 822 3091 Goesius
839 3041 942 3105 conjecit
960 3047 1099 3112 ἀβροτέραν.

468 3138 525 3187 101.
551 3143 671 3203 ἐτήτυμον.
705 3138 770 3188 Libri
788 3143 947 3203 ἐτνρώτατον,
967 3138 1136 3201 veldstettim,
1155 3139 1217 3201 quod
1234 3139 1342 3203 Heynius
1354 3144 1449 3191 secutus

430 3237 479 3283 est.
514 3234 543 3282 In
560 3234 611 3283 Pal.
630 3234 678 3283 356
695 3242 744 3294 est,
763 3240 790 3283 ut
807 3235 877 3284 docet
895 3235 1014 3299 Kayserus
1032 3250 1055 3299 p.
1074 3231 1105 3293 7,
1123 3240 1275 3305 impetrem:
1294 3252 1347 3285 nam
1365 3236 1400 3285 ibi
1411 3241 1448 3287 est

432 3330 595 3393 fragmentum
618 3345 645 3377 ex
668 3329 714 3378 hoc
740 3330 852 3379 carmine.
888 3331 915 3379 in
941 3331 1039 3380 scholiis
1063 3331 1134 3380 etium
1160 3335 1307 3380 memoratur
1330 3331 1448 3397 scriptura

431 3430 528 3490 impos:
545 3441 605 3489 quse
621 3443 652 3475 arr
670 3427 693 3475 in
711 3426 779 3476 libris
796 3428 842 3485 sit,
860 3426 937 3476 adhuc
954 3426 1054 3493 ignoro:
1072 3427 1097 3475 iu
1115 3426 1197 3491 paucis
1215 3442 1265 3475 esse
1282 3426 1342 3476 dicit
1353 3427 1448 3477 Schnei-

431 3522 552 3581 dewinus,
576 3539 653 3587 neque
675 3540 716 3572 eos
740 3524 855 3574 nominat.
889 3524 971 3573 unitio
996 3524 1104 3575 Romana
1121 3522 1172 3588 ipsa
1189 3522 1260 3572 habet
1276 3526 1389 3583 ἀλαθινῐνν,
1406 3523 1448 3573 sed

432 3618 542 3667 additum
559 3622 595 3667 est
612 3618 637 3667 in
655 3619 762 3683 margine
778 3640 819 3688 γρ.
838 3620 863 3681 (i.
881 3638 901 3670 e.
918 3622 1043 3689 γράφεται)
1061 3624 1099 3671 καὶ
1116 3624 1233 3685 ἐτήτυμον.
1263 3619 1338 3683 idque
1355 3618 1446 3683 recepi,

418 3730 508 3779 ·quum
525 3714 678 3764 verisimilius
695 3715 735 3764 sit.
1116 3733 1118 3736 ·

470 3810 526 3859 102.
551 3815 572 3860 et
588 3812 620 3861 δέ.
657 3811 792 3861 Boeckhius
808 3812 833 3861 in
851 3812 921 3876 Expi.
939 3813 1023 3861 suadet
1040 3816 1064 3864 εἴ
1077 3832 1117 3876 γι,
1130 3812 1159 3861 de
1171 3810 1315 3875 conjectura.
1341 3810 1447 3860 'raseline

434 3907 547 3970 proponit
565 3908 589 3957 εὖ
607 3908 643 3966 δέ,
661 3908 853 3957 Schneidewinus
871 3911 894 3958 is
910 3910 943 3958 δέ.
978 3910 1057 3973 Atque
1075 3908 1099 3957 hi
1117 3908 1222 3957 retinent
1239 3911 1310 3973 ἔχων,
1328 3910 1446 3956 commate

433 4006 491 4067 post
512 4023 546 4061 τις
569 4003 675 4066 abjecto,
700 4009 727 4052 ut
750 4020 797 4053 una
819 4008 945 4069 procurrat
962 4004 1088 4054 sententia.
1123 4004 1262 4053 Karstcuius
1279 4004 1303 4052 in
1321 4003 1446 4068 Excerptis

433 4100 483 4151 etta
496 4120 536 4164 μιν
552 4105 608 4165 ἔχων
624 4119 674 4164 τις,
693 4101 750 4151 οἶδα
766 4105 793 4152 τὸ
808 4104 895 4165 μέλλον,
931 4100 980 4149 Nos
1000 4100 1116 4149 librorum
1133 4100 1277 4163 scripturam
1294 4099 1444 4150 retinuimus.

434 4197 483 4244 Pro
507 4200 575 4262 ἔχων,
593 4212 666 4260 quae,
683 4196 751 4244 libris
769 4196 910 4260 scholiisque
928 4200 1015 4247 testata
1032 4197 1103 4256 satis,
1122 4212 1243 4246 ueroeam
1261 4196 1356 4245 videtur
1374 4197 1446 4261 scrip·

435 4295 504 4350 tura,
521 4292 545 4340 in
563 4291 616 4340 aliis
633 4292 701 4340 libris
718 4297 754 4341 est
770 4298 833 4359 ἔχει,
850 4294 913 4357 quod
930 4296 1026 4342 secutus
1044 4297 1080 4341 est
1096 4292 1213 4356 Heynius.

471 4388 526 4436 108.
553 4388 600 4436 Pro
623 4393 698 4458 ἐχθρᾷ
719 4394 807 4455 ἀνάγκᾳ
829 4389 900 4437 etium
925 4389 1040 4454 scriptum
1061 4393 1096 4437 est
1114 4394 1199 4458 1χθρᾱς
1216 4395 1314 4453 ἀνάγκας
1331 4391 1356 4436 et
1373 4392 1446 4456 ἐχθρὰ

437 4490 524 4547 ἀνάγκα
566 4484 688 4534 Posterius
706 4485 725 4533 si
743 4501 825 4534 verum
843 4491 917 4544 esset,
935 4485 1087 4534 scribendum
1099 4486 1168 4534 etiam
1182 4485 1233 4533 fore.
1244 4489 1325 4534 monet
1337 4485 1446 4548 Heynius

436 4578 542 4652 ρρασάσ’.
578 4582 611 4630 lut
635 4554 765 4648 uestigium
789 4581 860 4645 hujus
882 4581 1013 4649 scripturae
1037 4586 1073 4633 est
1094 4581 1119 4633 in
1142 4581 1217 4632 schol.
1242 4581 1296 4630 Vet.
1318 4580 1387 4631 Uret.
1409 4582 1445 4641 A,
