3767 5534
930 704 964 759 is·

467 902 561 966 luctum
589 901 773 965 nefandum:
806 899 859 964 sed
891 921 972 962 nune
1005 899 1089 962 Deus
1120 899 1196 963 milii
1220 900 1451 963 serenitateme

465 1029 617 1106 tempestate
648 1019 805 1084 donavit.’'
819 1019 843 1102 ¹)
890 1017 1016 1097 Quanta
1047 1018 1121 1082 baec
1145 1018 1330 1095 consolatio,
1357 1018 1451 1101 petita

462 1138 493 1201 do
516 1140 637 1204 Isthmia
665 1141 792 1202 victoria
822 1139 855 1202 in
879 1139 967 1201 luctu
991 1160 1044 1222 per
1067 1136 1182 1202 bellum
1209 1137 1319 1201 illato?
1366 1136 1451 1217 Quid

458 1262 541 1343 potuit
577 1260 729 1324 amantius
765 1257 878 1322 scribi?
932 1255 1053 1337 Quodsi
1084 1257 1321 1334 Themistocles,
1355 1280 1449 1340 quum

454 1376 599 1463 Olympiae
630 1401 701 1443 eum
724 1378 852 1442 Graecia
876 1378 1036 1462 plausibus
1061 1378 1244 1462 excepisset,
1270 1397 1395 1440 suorum
1420 1398 1452 1438 se

358 1494 361 1502 ’
448 1496 578 1562 laborum
610 1496 778 1561 mercedem
810 1496 921 1560 habere
953 1495 1047 1559 dixit:
1077 1495 1152 1579 quid
1176 1494 1298 1559 tandem
1322 1495 1360 1559 de
1383 1495 1455 1559 Pin-

443 1616 515 1681 daro
533 1615 735 1701 judicandum
759 1622 823 1693 est,
848 1616 902 1699 qui
925 1623 1054 1678 mortem
1079 1614 1237 1677 fortissimi
1261 1615 1309 1677 avi
1332 1615 1451 1699 nepotis

438 1736 560 1822 putavit
594 1735 691 1819 gloria
725 1735 932 1819 compensari,
966 1741 996 1797 et
1027 1733 1160 1796 carmine
1191 1733 1452 1818 praestantissimo

435 1857 481 1919 sic
505 1854 592 1918 dedit
614 1853 737 1937 utrique
760 1875 921 1916 commune
945 1853 1056 1929 decus,
1081 1861 1116 1916 nt
1140 1854 1226 1935 quasi
1250 1852 1370 1916 divinae
1385 1852 1451 1915 voci

433 1974 579 2039 videatur
602 1973 843 2056 obtemperasse,
869 1973 976 2036 fortem
998 1973 1096 2035 virnm
1113 1973 1207 2050 etiam,
1221 1981 1376 2035 mortuum
1393 1978 1452 2034 tra·

431 2095 508 2158 dere
534 2094 694 2157 Musarum
718 2093 887 2177 praeconiis
908 2092 1040 2176 jubenti.
1055 2091 1078 2173 s)

759 2544 801 2605 De
822 2543 932 2623 pietate
955 2565 1024 2621 erpo
1048 2542 1134 2604 Ileoa.

482 2749 644 2812 Lndorum
675 2750 841 2812 certamina
871 2772 932 2812 non
966 2749 1093 2812 dicenda
1118 2759 1191 2812 sunt
1214 2750 1357 2833 pietatem
1383 2771 1454 2833 erga

432 2868 522 2931 Deos
545 2866 603 2931 sibi
627 2867 770 2931 habuisse
794 2870 1005 2952 conjunctam,
1035 2866 1089 2930 sed
1112 2868 1215 2953 potins
1238 2889 1316 2951 quae
1340 2876 1454 2952 specta-

432 2988 531 3069 batur
565 2986 607 3049 ibi
642 2986 708 3050 laus
744 2986 952 3063 fortitudine,
985 2987 1050 3070 ipsa
1083 2988 1194 3070 pietate
1221 2987 1452 3051 continebatur:

434 3105 539 3189 ipsum
573 3106 652 3168 enim
686 3114 799 3169 certare
824 3122 886 3169 erat
911 3105 1011 3169 Deum
1036 3106 1151 3181 oolere;
1184 3130 1254 3169 narn
1278 3116 1363 3171 erant
1388 3107 1454 3170 ludi

436 3224 598 3301 Deorum,
635 3247 719 3287 sacra
753 3225 870 3300 stadia,
906 3226 1042 3309 ipsorum
1079 3225 1293 3289 sacrificiorum
1331 3225 1453 3289 divinus

437 3342 538 3405 honos
570 3342 713 3407 ludorum
747 3366 825 3427 pars.
873 3343 968 3408 Velut
996 3343 1172 3429 Olympium
1204 3353 1354 3408 certamen
1380 3344 1455 3408 Hor-

437 3459 543 3537 cules‚
575 3462 724 3544 primitias
758 3462 898 3527 victoriae
930 3485 1025 3545 quum
1058 3463 1182 3527 referret
1210 3463 1249 3526 ad
1271 3463 1397 3540 lovem,
1422 3465 1454 3527 in

438 3582 506 3664 ejus
530 3580 677 3644 honorem
701 3589 880 3666 perpetuum
906 3583 1059 3659 instituit,
1085 3590 1246 3666 totumque
1269 3584 1455 3647 consecravit

439 3697 478 3762 ad
510 3698 664 3784 Alpheum
696 3699 811 3763 lucum.
824 3700 848 3784 ³)
895 3699 977 3784 llrgo
1009 3708 1177 3785 spect-atum
1206 3702 1308 3764 venire
1331 3702 1454 3786 pietatis

439 3827 514 3880 erat.
551 3816 689 3881 Socrates
714 3818 766 3882 ille
791 3833 910 3903 praeter
932 3819 1074 3883 militiam
1098 3821 1191 3884 semel
1211 3821 1341 3885 Athenis
1357 3845 1388 3884 se
1405 3822 1454 3886 ab·

440 3937 535 4000 luisse
551 3937 694 4014 affirmat,
714 3947 749 4001 ut
768 3938 906 4003 Isthmiis
922 3940 1091 4002 interesset.
1106 3944 1132 4022 4)
1163 3937 1286 4003 Certare
1303 3962 1373 4004 vero
1390 3953 1454 4004 erat

440 4077 549 4119 ornare
572 4055 662 4120 Deos.
696 4055 890 4123 Carminibus
911 4081 983 4143 ergo
999 4059 1053 4122 illa
1069 4060 1235 4123 certamina
1250 4060 1453 4144 praedicando

440 4173 594 4237 Pindarus
618 4175 650 4238 in
673 4175 740 4259 ipsa
764 4177 912 4241 sumenda
935 4177 1064 4241 canendi
1087 4178 1213 4242 materia
1236 4178 1305 4263 pius
1328 4178 1396 4242 fuit.

479 4419 503 4477 l)
520 4418 580 4466 mh.
601 4419 657 4467 VII.
675 4418 715 4478 at,
732 4434 796 4483 seqq.
897 4419 923 4479 2)
940 4420 1001 4469 Isth.
1023 4422 1093 4470 VIII.
1113 4420 1168 4470 131.

479 4516 512 4599 3).
525 4514 561 4565 01.
578 4514 608 4563 X.
626 4514 671 4573 53,
688 4530 748 4579 seqq.
896 4517 922 4576 4)
939 4514 1024 4574 mato,
1043 4515 1094 4565 oie
1120 4517 1160 4566 52.
1178 4516 1208 4566 B.
