3767 5534
907 715 972 774 496

658 912 771 977 τοιαῦτ’
793 914 902 977 ἀκούων
927 915 956 977 ἐν
980 915 1082 997 φρεσὶν
1105 918 1232 999 γράφου.

433 1030 473 1094 Et
504 1053 539 1095 ex
573 1030 734 1116 Sophoclis
764 1030 952 1116 Triptolemo
977 1032 1140 1097 scholiasta
1165 1046 1252 1099 vetus
1277 1038 1381 1102 affert:
1407 1042 1452 1113 aa

431 1151 457 1216 δ’
481 1154 510 1215 ἐν
533 1152 634 1231 <aperte
658 1151 781 1216 δέλτοισι
804 1153 871 1221 τοὺς
894 1152 981 1228 ἐμοὺς
1004 1154 1119 1230 λόγους.
1144 1153 1191 1217 Ex
1216 1163 1316 1221 vetere
1333 1158 1450 1222 scholio

431 1272 522 1335 etiam
547 1270 672 1333 alteram
696 1270 881 1354 scripturam
904 1270 998 1335 fuisse
1022 1282 1167 1356 apparet:
1191 1275 1345 1356 γράφεται
1358 1277 1449 1342 dlxx>

432 1390 653 1468 ἐγγέγραπται.

480 1513 509 1576 7.
544 1510 618 1592 ὀρθᾷ.
655 1508 705 1572 Ad
729 1507 893 1572 arcendum
917 1516 1026 1573 erecta.
1052 1510 1191 1595 Heynius
1211 1514 1369 1577 existimat
1384 1538 1449 1581 esse

434 1628 538 1710 davala.

480 1749 510 1811 8.
545 1747 630 1811 ἐνιπαὶ
660 1744 824 1821 ἀλιτόξενος
856 1754 901 1809 est
933 1746 1118 1832 vituperium
1142 1747 1179 1812 de
1203 1748 1286 1814 laeso
1309 1752 1445 1837 hospite:

434 1864 518 1930 ἐνιπαὶ
534 1864 660 1944 ψευδέων
677 1864 863 1948 vituperium
878 1864 1048 1929 mendacii:
1066 1866 1119 1929 sed
1136 1867 1329 1933 mendacium
1346 1870 1447 1955 ipsum

433 1992 464 2047 et
494 1984 635 2069 promissi
666 1983 807 2048 carminis
839 1984 959 2049 fallacia
991 1986 1144 2070 hospitem
1175 1986 1296 2052 laesura
1330 1990 1446 2053 fuerat:

430 2102 527 2187 igitur
557 2102 749 2171 substantivo
773 2112 803 2166 et
827 2103 1010 2187 adjectivum
1036 2112 1065 2167 et
1088 2105 1259 2188 genitivum
1284 2109 1448 2191 separatim

431 2223 583 2288 Pindarus
604 2222 741 2300 addidit,
756 2245 851 2307 quum
869 2232 970 2287 tamen
987 2225 1154 2288 sententiae
1168 2227 1333 2291 confluant.
1361 2226 1449 2292 Simi-

431 2344 502 2407 liter
525 2341 575 2407 Ol.
606 2341 655 2405 IX
690 2344 753 2405 166
780 2342 919 2408 Aldvreov
942 2341 1055 2408 'lavalle
1077 2344 1196 2427 βωμόν,
1222 2345 1275 2410 ubi
1305 2345 1373 2410 vide
1397 2369 1448 2411 an-

433 2462 631 2526 notationem.

478 2584 508 2644 9.
543 2577 642 2644 ἕκαθεν
657 2580 726 2657 γὰρ.
750 2577 869 2663 Nempe
884 2585 1006 2664 tempus
1023 2580 1106 2666 quod
1122 2589 1188 2645 tum
1205 2583 1347 2647 futurum
1364 2592 1445 2661 erat,

435 2720 530 2783 quum
555 2719 676 2760 carmen
700 2696 947 2781 promittebatur.

479 2821 530 2882 12.
566 2817 693 2890 ὄτόκος.
741 2816 888 2881 Debitum
912 2840 982 2881 cum
1006 2817 1129 2882 foenore
1151 2842 1183 2883 se
1199 2819 1375 2884 soluturum
1391 2820 1448 2905 sig·

433 2937 552 3013 nificat,
585 2936 722 3000 studiose
753 2935 937 3000 elaborando
968 2938 1109 3001 carmine.
1158 2939 1320 3003 Genitivus
1344 2939 1447 3019 ἀνδρῶν

431 3077 501 3119 cum
525 3056 702 3132 ἐπιμομφὰν
726 3055 909 3139 conjunctus
932 3062 988 3119 est.

479 3178 529 3238 13.
566 3180 630 3256 νῦν,
654 3178 769 3254 ψᾶφον.
815 3173 929 3237 Fuerat
953 3173 1054 3237 adhuc
1079 3175 1230 3239 sententia
1255 3174 1354 3238 divisa
1376 3182 1447 3260 post

429 3294 533 3373 dulcata
564 3292 631 3357 colo
666 3294 783 3377 posito:
815 3293 848 3356 in
871 3293 936 3371 his,
961 3300 1009 3358 νῦν
1032 3296 1152 3376 ψᾶφον,
1181 3293 1365 3358 scholiastae
1390 3294 1444 3357 ali·

367 3472 370 3484 ,
432 3411 506 3496 quid
543 3411 778 3496 intelligendum
807 3411 975 3496 putabant,
1007 3410 1128 3489 tropo,
1157 3414 1350 3492 θεωρήσωμεν.
1386 3411 1444 3477 Sed

432 3530 556 3595 omnino
586 3529 708 3594 difficile
740 3538 804 3593 erat
835 3531 1018 3595 sententiam
1050 3530 1166 3594 elicere.
1214 3529 1374 3594 Sententia
1405 3530 1445 3594 ita

431 3649 646 3733 interpuncta,
670 3655 707 3711 ut
729 3663 812 3711 nunc
835 3647 910 3726 feci,
935 3647 1011 3712 mihi
1035 3655 1103 3732 apte
1127 3647 1289 3735 procedere
1314 3647 1442 3712 videtur.

429 3768 527 3835 “Ova
541 3788 604 3830 non
628 3789 753 3851 prorsus
777 3767 904 3830 eandem
927 3767 1039 3830 retinet
1063 3765 1334 3850 significationem:
1361 3765 1444 3850 prins

431 3885 559 3949 inservit
582 3885 818 3970 comparationi:
843 3885 996 3970 posterius
1021 3907 1091 3949 eum
1115 3883 1258 3960 modum,
1276 3904 1339 3967 quo
1355 3882 1444 3947 modo

431 4004 497 4087 ipsa
519 4025 567 4067 res
591 4004 660 4082 fiat,
686 4004 847 4088 significat.
894 4002 987 4067 Nunc
1011 4003 1119 4067 foenus
1143 4002 1255 4087 poterit
1279 4002 1381 4066 delere
1403 4024 1445 4066 re·

432 4120 682 4205 prehensionem,
708 4121 966 4206 quemadmodum
991 4122 1081 4184 maris
1106 4120 1206 4184 undae
1229 4120 1371 4192 volutum
1388 4119 1445 4183 cal·

432 4237 536 4302 culum
560 4237 711 4302 obruunt:
736 4250 766 4302 et
790 4262 851 4323 qno
874 4239 966 4302 modo
989 4238 1183 4322 reprehensio
1206 4236 1385 4301 delebitur?
1404 4238 1445 4300 ita

433 4356 574 4440 quidem,
604 4357 707 4421 sinos
731 4357 764 4420 in
784 4356 955 4441 jucundam
979 4356 1107 4440 gratiam
1133 4354 1339 4440 persolvemus
1363 4355 1445 4420 dabi-

433 4498 562 4562 musque
585 4476 742 4540 honorem.
778 4474 941 4559 Ingeniosa
965 4476 998 4538 in
1021 4474 1144 4538 scholiis
1167 4479 1251 4552 κῦμοι
1274 4473 1332 4554 ῥέον
1357 4474 1444 4538 reler-
