3767 5534
981 720 1044 781 alo

514 929 610 1011 ipsam
633 925 879 1009 temperantiam,
904 925 1000 1007 ipsam
1024 923 1179 986 scientiam
1196 915 1372 1005 intueatur3
1398 928 1528 1013 ejusque

515 1047 580 1110 viae
603 1045 666 1108 dux
688 1044 756 1107 Diis
779 1050 843 1120 est,
867 1043 966 1125 iisque
990 1042 1115 1119 animia,
1140 1066 1217 1127 quac
1241 1044 1288 1108 vel
1308 1047 1423 1130 optime
1440 1047 1526 1111 Deos

516 1172 691 1247 sequantur.
739 1161 917 1246 Euripides,
950 1160 1154 1245 Hesperidum
1186 1162 1305 1227 insulae
1328 1164 1458 1229 laudans
1480 1166 1529 1229 in·

515 1283 631 1365 signem
660 1280 852 1354 felicitatem,
884 1277 928 1341 ibi
960 1299 1082 1361 quoque
1111 1276 1197 1340 Jovis
1229 1278 1317 1342 aedes
1341 1301 1406 1343 esse
1429 1280 1525 1344 dicit:

515 1397 639 1483 Hippol.
676 1400 748 1461 749.
795 1396 882 1475 Quae
913 1403 1017 1458 autem
1047 1395 1085 1459 de
1108 1404 1195 1459 antro
1220 1396 1312 1460 Croni
1336 1400 1452 1462 mentio
1475 1408 1525 1463 est

515 1516 595 1601 apud
615 1515 830 1591 Plutarchum,
851 1513 898 1577 De
913 1512 1014 1576 Vultu
1029 1512 1136 1577 Lunae
1153 1513 1187 1579 O.
1205 1518 1264 1593 26,
1289 1523 1320 1579 et
1336 1516 1383 1579 De
1399 1516 1523 1582 defectu

517 1635 708 1699 oraculorum
731 1632 765 1697 Ο.
794 1635 851 1710 18,
876 1632 1039 1696 tribuenda
1061 1642 1106 1696 est
1131 1634 1222 1698 aetati
1246 1635 1414 1719 posteriori.
1440 1635 1525 1700 Nam

516 1754 569 1819 ille
591 1754 675 1818 locus
698 1775 762 1816 esse
785 1752 897 1815 dicitur
921 1752 1056 1836 quinque
1080 1752 1126 1815 vel
1150 1754 1252 1836 potius
1276 1753 1379 1818 decem
1399 1754 1522 1820 dierum

516 1875 614 1959 spatio
646 1873 727 1936 ultra
756 1872 976 1934 Brittanniam:
1010 1893 1086 1954 quac
1117 1871 1263 1935 distantia
1291 1896 1353 1936 non
1384 1874 1467 1939 cadit
1491 1876 1525 1939 in

516 2002 644 2057 aetatem
667 1992 801 2055 Pindari.
826 1990 960 2054 Omnino
977 1998 1138 2075 postquam
1155 2014 1272 2055 summa
1288 1995 1394 2057 aetatis
1410 2018 1523 2059 aureae

518 2112 645 2175 felicitas
674 2111 764 2188 abiit,
795 2132 890 2194 quum
913 2116 1015 2173 tamen
1039 2133 1174 2173 summae
1197 2110 1348 2175 felicitatis
1372 2120 1402 2175 et
1425 2114 1530 2198 cujus·

517 2232 587 2295 dam
616 2254 685 2295 cum
710 2230 776 2293 Diis
800 2229 1024 2314 conjunctionis
1047 2230 1230 2313 cogitatione
1254 2252 1354 2295 carere
1376 2254 1438 2295 non
1459 2254 1533 2317 pos·

518 2356 602 2427 sent,
636 2349 668 2412 in
699 2348 736 2411 iis
767 2354 847 2412 certe
876 2347 951 2411 locis
983 2369 1049 2410 eam
1079 2349 1296 2431 praestantiam
1326 2349 1439 2413 Poetae
1462 2372 1530 2415 esse

519 2465 676 2541 dixerunt,
701 2486 779 2548 quae
803 2472 904 2527 essent
927 2486 945 2526 a
967 2464 1089 2549 cognita
1111 2465 1291 2530 mortalibus
1315 2467 1406 2531 turha
1422 2475 1452 2530 et
1468 2467 1532 2532 eol·

519 2557 648 2648 luvione
672 2584 801 2647 maxime
831 2591 972 2647 remotae.
1020 2583 1101 2647 Hinc
1133 2584 1339 2670 Aethiopum,
1365 2587 1530 2670 quierant

520 2704 675 2767 homiuum
707 2703 827 2779 ultimi,
859 2702 969 2766 eximia
997 2703 1079 2787 apud
1102 2703 1270 2768 Homerum
1293 2706 1437 2769 memoria
1460 2715 1525 2769 est:

520 2825 557 2888 ad
580 2824 649 2887 illos
672 2823 794 2909 Jupiter
817 2831 846 2887 et
869 2823 980 2908 reliqui
1004 2823 1055 2886 Dii
1078 2825 1181 2888 venire
1204 2825 1303 2889 solent
1326 2836 1356 2889 et
1377 2826 1459 2910 apud
1476 2848 1530 2890 eos

519 2942 713 3007 commorari:
746 2940 784 3005 11.
816 2942 833 3004 Ι
862 2943 945 3019 423,
978 2940 1092 3005 XXIII
1116 2944 1198 3020 206,
1223 2942 1282 3006 Od.
1307 2943 1323 3007 l
1347 2946 1398 3007 22.
1447 2944 1531 3010 Hinc

519 3062 671 3125 Pindarus
687 3061 793 3124 laudat-
808 3060 1035 3145 HyperboreoS,
1054 3061 1208 3125 ministros
1225 3062 1392 3147 Apollinis,
1409 3086 1527 3128 sacram

521 3189 551 3245 et
573 3181 713 3245 laborum
736 3202 967 3265 pugnarumque
991 3187 1111 3264 gentem
1137 3189 1302 3265 expertem:
1321 3181 1359 3245 ad
1375 3204 1451 3265 quos
1467 3206 1526 3248 nec

520 3300 648 3365 navibus
679 3322 734 3365 nec
764 3300 893 3385 pedibus
924 3301 974 3363 via
1004 3301 1193 3364 inveniatur:
1227 3299 1276 3365 Ol.
1308 3300 1360 3364 ΙΠ
1385 3303 1444 3378 28,
1469 3302 1525 3387 Py.

521 3419 551 3482 X
582 3422 634 3483 47.
666 3419 763 3495 Hinc,
796 3419 882 3502 quasi
914 3418 1090 3503 proverhi0,
1120 3418 1317 3504 Hyperborea
1339 3419 1469 3483 felicitas
1494 3430 1532 3484 ut

521 3560 639 3601 summa
662 3538 804 3601 laudatur
830 3537 910 3621 apud
927 3538 1128 3622 Aeschylum,
1146 3537 1239 3602 Choe.
1257 3540 1330 3602 373.
1356 3537 1438 3603 Hinc
1454 3538 1533 3603 Hes·

521 3656 658 3741 peridum
689 3656 786 3719 litoris
817 3656 927 3719 eximia
960 3656 1087 3720 felicitas
1117 3656 1161 3720 ibi
1188 3657 1329 3742 ponitur,
1354 3678 1416 3739 quo
1439 3658 1531 3721 maris

523 3775 672 3839 Dominus
699 3777 762 3860 jam
792 3776 893 3839 nautis
925 3776 1003 3839 viam
1037 3783 1144 3860 negat:
1169 3775 1276 3860 Eurip.
1301 3775 1428 3861 Hippol.
1455 3778 1531 3841 744.

523 3893 697 3958 Herodotus
727 3894 792 3979 ipse
814 3894 846 3957 in
870 3895 1012 3958 extremis
1044 3894 1124 3958 orbis
1148 3895 1286 3980 partibus
1310 3896 1533 3979 praestantissi-

522 4035 586 4077 mas
617 4036 663 4076 res
694 4036 757 4076 esse
788 4013 957 4091 existimat,
989 4012 1025 4078 L.
1054 4013 1105 4077 III
1139 4017 1211 4078 106.
1258 4013 1299 4077 Et
1329 4021 1409 4078 certe
1433 4036 1530 4099 quum

524 4130 720 4196 Occidentem
744 4154 848 4195 versus
880 4139 965 4195 extra
988 4133 1131 4196 itinerum
1155 4132 1299 4196 terminos
1321 4132 1439 4195 insulas
1462 4132 1532 4198 hea-

523 4258 624 4313 torum
647 4249 758 4313 Poetae
782 4260 975 4334 reponerent,
1000 4273 1061 4314 non
1078 4250 1248 4314 mirandum
1265 4258 1328 4327 est,
1354 4273 1451 4334 quum
1463 4252 1528 4336 jam

523 4377 607 4433 extra
636 4368 792 4433 columnas
823 4369 966 4433 Herculis
1000 4369 1088 4454 plura
1119 4378 1218 4434 essent
1249 4377 1354 4455 postea
1384 4371 1527 4454 cognita,

523 4510 604 4551 mare
634 4486 781 4551 Cronium
811 4480 892 4550 ultra
915 4488 1118 4551 Brittanniam
1141 4488 1234 4551 fuisse
1258 4488 1409 4573 positum:
1433 4496 1527 4574 atquc
