3767 5534
911 730 975 791 436

771 930 865 1008 μέδεις
888 932 918 995 δε

593 1052 759 1128 παγκοίνοις
782 1050 963 1123 Ἐλευσινίας
989 1058 1083 1125 Δηοῦς
1108 1053 1136 1114 ἐν
1159 1053 1285 1124 κόλποις.

436 1172 516 1238 Cum
538 1181 643 1237 nostro
666 1172 733 1235 loco
757 1171 847 1234 etiam
868 1171 1015 1261 convenit
1037 1169 1127 1234 Nem.
1152 1170 1199 1234 IV
1224 1174 1264 1234 81

735 1297 737 1302 ’
780 1287 866 1361 Θέτις
891 1295 994 1367 κρανεῖ
1014 1289 1095 1365 Φίίορ.

484 1406 556 1467 loa.
591 1406 703 1481 πείμὸν.
728 1403 869 1467 Solemne
887 1404 1083 1467 institutum:
1105 1402 1192 1481 ἱίμνου
1211 1407 1315 1482 πείμῦν
1334 1407 1451 1484 Ὀλυμ-

434 1524 580 1599 πιονίκαν,
605 1523 739 1587 solemne
763 1544 884 1586 carmen
906 1523 1050 1586 victoriae
1068 1520 1229 1607 Olympiae
1241 1524 1449 1607 praeconium.

433 1640 521 1705 Conf.
546 1641 595 1705 Ol.
620 1641 704 1704 XIII
727 1644 768 1703 39
792 1641 948 1723 οπεΦοίνων
972 1641 1112 1717 ἐγκώμιον
1134 1641 1255 1718 τεθμὸν,
1281 1640 1331 1706 Ol.
1357 1642 1450 1706 1114

434 1762 664 1839 Ὀλυμπιονίκαν
687 1759 782 1838 ὕμνον.
818 1759 933 1836 Fuere,
959 1760 1011 1842 qui
1028 1759 1258 1836 Ὀλυμπιονίκαν
1278 1782 1348 1824 eum
1360 1759 1450 1841 ἄνδρα

431 1880 652 1964 conjungerent
683 1886 713 1941 et
741 1885 811 1962 post
840 1877 945 1954 πείμὸν
974 1877 1244 1961 interpungerent:
1276 1901 1381 1942 verum
1406 1880 1451 1943 ita

432 2005 467 2060 ut
489 2019 545 2062 nos
567 1997 695 2061 fecimus
714 1998 777 2081 jam
802 1996 900 2059 voluit
923 1995 1073 2080 Heynins.

478 2118 551 2178 166.
587 2112 681 2194 ὕβριος
705 2115 811 2194 ἔχθραν
833 2113 901 2178 ὁδόν.
938 2112 1090 2176 Convenit
1113 2111 1187 2176 haec
1203 2112 1270 2177 laus
1287 2114 1446 2193 camilla,

432 2254 510 2316 quae
533 2256 566 2294 vs
590 2235 631 2295 32
657 2232 736 2315 patri
759 2231 910 2315 Diagorae
933 2230 1091 2295 tribuitur.

480 2352 552 2413 loa.
588 2349 620 2425 ἐξ
653 2351 781 2427 dycaeo.
817 2349 959 2434 Triplex,
985 2356 1135 2432 quantum
1160 2348 1240 2426 seio,
1265 2349 1358 2434 hujus
1382 2372 1448 2413 ora·

432 2468 526 2531 tionis
550 2467 774 2531 construendae
797 2466 907 2531 modus
931 2466 1109 2551 propositus
1133 2474 1195 2530 est:
1220 2462 1276 2531 ίίπε
1298 2468 1322 2530 οἱ
1346 2466 1447 2548 Φρὲνεο

431 2589 506 2668 ὀρθαί
530 2586 563 2663 ἕξ
585 2589 706 2665 ἀγαθῶν
730 2587 862 2665 πατέρων
885 2585 1004 2666 ἔχραονε
1027 2585 1089 2648 vel:
1107 2606 1186 2670 quae
1201 2583 1248 2648 illi
1264 2606 1350 2648 mens
1366 2592 1464 2648 recta¹

432 2725 449 2764 e
479 2702 618 2786 patribus
650 2702 809 2785 progenita
838 2701 926 2764 bonis
950 2701 1052 2765 dedit:
1078 2723 1155 2784 quae
1179 2700 1343 2785 explicatio
1367 2701 1445 2764 hano

432 2820 543 2884 habere
567 2820 778 2884 difficultatem
801 2820 940 2897 videtur,
966 2819 1049 2903 quod
1073 2819 1123 2881 vix
1145 2818 1205 2882 dici
1223 2818 1320 2903 possit
1336 2818 1445 2902 aliquis

431 2945 513 3002 recte
541 2938 713 3022 intelligere
737 2937 790 3001 illa
813 2938 948 3014 monita,
974 2959 1052 3021 quae
1076 2959 1132 2999 sua
1156 2938 1252 3021 ipsius
1276 2959 1363 3001 mens
1386 2937 1442 3022 ipsi

432 3056 560 3121 dederit.
596 3054 672 3132 Vel,
707 3064 742 3119 ut
772 3056 890 3133 οίναίιῖιν
916 3055 960 3118 sit
983 3064 1094 3119 neutro
1119 3077 1228 3138 genere
1252 3054 1443 3119 substantive

433 3175 585 3260 positum:
610 3195 688 3256 quae
711 3174 758 3237 illi
782 3196 867 3237 mens
891 3182 1013 3258 patrum
1037 3181 1120 3237 recta
1142 3171 1228 3236 dedit
1244 3194 1281 3235 ex
1297 3172 1443 3236 honarum

431 3314 533 3355 rerum
556 3293 653 3376 copia.
689 3290 764 3369 Vel,
792 3300 825 3354 ut
849 3293 1056 3377 conjungatur
1078 3290 1112 3366 ἐξ
1131 3312 1201 3355 cum
1229 3290 1349 3371 ἔχραονι
1367 3313 1444 3375 quae

431 3412 509 3474 ratio
540 3410 629 3473 nobis
660 3432 729 3473 vera
760 3409 894 3473 videtur.
941 3410 1093 3493 Diagoras
1125 3418 1206 3473 recte
1236 3408 1391 3472 intellexit
1412 3431 1446 3471 ea

431 3530 561 3604 monita,
586 3510 664 3611 quae
680 3527 726 3590 illi
742 3535 862 3611 patrum
880 3527 1031 3591 honorum
1046 3536 1164 3590 mentes
1183 3526 1335 3590 dederunt
1350 3527 1445 3589 instar

431 3647 633 3710 oraculorum.
658 3644 746 3709 Oonf.
772 3645 866 3730 Soph.
891 3644 969 3709 Oed.
995 3643 1061 3708 001.
1087 3647 1128 3709 87
1154 3644 1192 3707 de
1215 3643 1357 3709 Phoebo:

586 3762 615 3835 tr
637 3788 684 3840 μοι
708 3764 749 3827 ποὶ
773 3764 862 3828 πάλλ’
886 3754 971 3827 ἐκεῖν’
996 3761 1039 3827 ἔπ’
1062 3762 1168 3843 ἕξὲχρί
1191 3762 1279 3827 κακοί.

478 3882 551 3945 170.
586 3882 639 3954 Mh
662 3880 771 3961 κρύπτε
793 3882 880 3945 κοινὸν
900 3880 1008 3959 σπέρμ’
1030 3882 1089 3944 οίπο
1106 3858 1344 3952 Καλλιοίνακπος·
1360 3879 1443 3959 Ἐρα-

430 3997 520 4061 πιδῖιν.
555 3997 744 4061 Memoratur
760 4021 777 4061 a
799 3997 970 4075 Pausania,
983 3996 1019 4061 L.
1033 3994 1080 4059 VI
1097 3995 1132 4060 O.
1149 3996 1214 4059 VH
1233 3999 1265 4073 1,
1285 3986 1441 4060 Gallianax

431 4115 558 4178 maritus
581 4113 777 4200 Gallipatirae
797 4115 876 4178 filiae
894 4114 1054 4199 Diagorae.
1090 4114 1128 4177 In
1146 4113 1270 4177 scholiis
1288 4114 1439 4177 veteribus

431 4232 580 4308 traditur,
604 4230 822 4296 Gallianaotem
846 4232 939 4295 fuisse
964 4232 1080 4295 clarum
1104 4232 1275 4308 virum,.ex
1292 4230 1440 4314 Diagorae

430 4348 614 4433 majoribus:
648 4357 679 4412 et
701 4349 796 4413 fuisse
819 4351 852 4413 in
875 4349 985 4412 Rhodo
1010 4349 1123 4433 phylen
1146 4348 1379 4425 Erastidarum‚
1403 4347 1439 4411 ab

431 4465 587 4542 Erastide,
610 4465 667 4543 *vel
696 4466 824 4542 Erasto,
855 4466 902 4529 vel
933 4466 1061 4528 llrasteo
1092 4466 1296 4529 nominatam:
1322 4487 1441 4549 exque
