3767 5534
907 719 972 780 309

434 942 486 983 eos
510 920 672 1003 significari
696 920 863 996 existimat,
888 920 941 1003 qui
966 942 1062 1003 quum
1083 920 1219 984 nondum
1234 919 1267 983 in
1283 919 1439 983 beatorum

432 1037 548 1101 insulas
583 1039 806 1123 pervenissent,
842 1050 943 1103 tamen
976 1039 1039 1123 jam
1074 1047 1197 1123 propter
1232 1038 1326 1101 vitam
1357 1038 1439 1123 juste

432 1162 585 1240 peractam
615 1157 695 1242 apud
726 1158 837 1222 interos
868 1156 935 1220 Diis
964 1156 1068 1221 dilecti
1098 1158 1169 1221 sint.
1216 1155 1330 1221 Verum
1354 1157 1438 1240 geni·

432 1275 531 1339 tivum
565 1276 706 1360 partitive
741 1277 876 1361 positum
915 1297 979 1340 esse
1014 1277 1171 1353 existimo,
1211 1283 1241 1339 et
1276 1276 1440 1360 significari

434 1394 516 1458 Deos
539 1393 673 1458 Inleros:
698 1395 821 1459 nomina
845 1402 947 1459 autem
972 1394 1054 1458 sileri
1078 1403 1201 1480 propter
1223 1395 1349 1459 eandem
1374 1418 1442 1460 cau·

432 1532 515 1587 sam,
551 1533 611 1596 qua
645 1535 677 1574 vs
712 1514 773 1575 108
809 1534 920 1576 nomen
952 1511 1066 1597 judicis
1098 1510 1220 1575 silentio
1252 1511 1439 1595 praetermis·

433 1653 501 1694 sum
522 1639 579 1695 est.
686 1687 688 1691 .

483 1752 553 1815 122.
588 1750 716 1831 ὀκχέοντι
739 1750 831 1815 πόνον.
867 1749 907 1813 Of
929 1749 1020 1814 Hom.
1044 1748 1103 1814 Od.
1129 1748 1192 1814 VII
1213 1751 1274 1812 211
1300 1748 1438 1830 ὀχέοντας

431 1862 528 1951 ο”ο“ζύν,
552 1879 583 1934 et
605 1870 652 1933 XI
677 1872 738 1935 617
763 1870 852 1934 κοοκὸν
874 1869 973 1950 μόρον,
998 1866 1081 1949 ὅνπερ
1103 1870 1177 1945 ἐνὼν
1199 1867 1343 1949 ὀχέεσκον.

481 1991 553 2053 123.
587 1990 616 2059 ἐς
639 1988 707 2067 τρὶς.
743 1987 954 2073 Comparanda
981 2010 1160 2072 magnopere
1192 2009 1262 2051 cum
1292 1986 1439 2051 hocloco

432 2108 569 2199 Platonis
592 2109 744 2172 sententia
767 2116 830 2186 est,
862 2110 895 2172 in
920 2108 1057 2172 Phaedro
1083 2110 1157 2172 249.
1204 2106 1284 2171 Nam
1307 2107 1350 2171 ibi
1373 2107 1439 2171 reli-

431 2228 501 2311 quis
531 2228 634 2292 decem
656 2230 786 2293 vitarum
818 2228 915 2313 spatia
939 2228 982 2291 ita
1006 2226 1176 2312 peragenda
1199 2234 1288 2303 sunt,
1313 2234 1349 2290 ut
1371 2234 1440 2311 post

432 2347 561 2431 primam
592 2349 683 2412 vitam
710 2347 861 2432 judicium
893 2348 961 2425 fiat,
994 2355 1024 2411 et
1055 2346 1100 2411 vel
1130 2346 1161 2409 in
1192 2346 1296 2411 inferis
1330 2345 1376 2409 vel
1407 2345 1439 2409 in

431 2466 535 2551 aliquo
563 2467 639 2531 coeli
662 2467 728 2530 loeo
759 2465 912 2551 reliquum
935 2475 1056 2551 tempus
1079 2465 1265 2549 transigant,
1290 2471 1322 2528 at
1344 2463 1439 2528 mille-

431 2586 508 2650 simo
539 2608 660 2671 quoque
690 2608 769 2650 anno
800 2608 896 2650 novae
921 2587 999 2651 vitae
1023 2587 1075 2650 fiat
1098 2585 1237 2650 initium:
1263 2584 1439 2669 philosophi

432 2727 503 2769 vero
533 2714 694 2789 postquam
725 2714 785 2769 tres
811 2705 949 2790 periodos
973 2705 1167 2770 millenorom
1190 2726 1338 2768 annorum
1362 2726 1439 2768 com-

432 2822 610 2907 pleverunt,
634 2824 690 2887 alis
715 2824 843 2909 receptis
867 2824 905 2887 ad
928 2823 1010 2887 Deos
1034 2824 1156 2888 abeunt.
1204 2825 1361 2887 Annorum
1385 2845 1439 2885 nu·

433 2966 532 3007 meros
562 2944 620 3007 hoo
649 2943 716 3006 loco
747 2942 897 3007 Pindarus
928 2966 991 3007 non
1022 2943 1220 3008 determinat:
1253 2964 1357 3006 verum
1380 2940 1437 3004 hoc

434 3064 563 3126 maxime
585 3062 778 3126 memorabile
802 3070 861 3139 est,
886 3062 917 3125 id
929 3064 1023 3148 justis
1039 3086 1057 3127 a
1072 3062 1205 3127 Pindaro
1221 3061 1329 3140 tribui,
1355 3060 1437 3145 quod
1516 3109 1520 3124 .

433 3204 453 3245 a
473 3180 600 3244 Platone
630 3180 776 3245 tribuitur
806 3181 1005 3266 philosophis.
1053 3180 1118 3245 Nec
1151 3203 1222 3244 sanc
1249 3180 1368 3265 justitia
1396 3202 1438 3243 sc·

433 3299 567 3364 cundum
598 3300 764 3364 Pindarum
795 3309 825 3364 et
855 3299 1049 3384 philosophia
1079 3300 1246 3364 secundum
1277 3298 1436 3363 Platonem

433 3418 512 3483 inter
535 3441 566 3483 se
589 3420 755 3483 contrariae
779 3426 860 3483 sunt.
908 3418 1090 3483 Conferatur
1112 3418 1230 3504 Fragm.
1247 3417 1359 3481 Thren.
1380 3416 1436 3494 IV,

434 3560 494 3623 quo
519 3538 596 3602 vitae
619 3544 688 3622 post
711 3561 826 3602 nonum
849 3561 963 3602 annum
986 3538 1140 3602 renovatio
1165 3543 1357 3602 memoratur.

480 3659 552 3720 126.
586 3658 709 3722 ἔτεολοον.
741 3656 833 3721 Recte
857 3657 1020 3721 scholiasta
1041 3663 1126 3720 vetus
1142 3657 1358 3740 interpretatur
1374 3657 1435 3719 ἐτε·

433 3776 571 3856 asianae,
596 3776 711 3851 ἤννοοον.

478 3894 545 3964 Διὸς
576 3893 635 3958 ὁδὸν
663 3916 744 3971 ποοροο
775 3893 873 3974 Κρόνον
904 3891 1008 3971 τύρσιν.
1056 3892 1253 3956 Manifestum
1285 3901 1345 3968 est,
1371 3891 1435 3975 ejus

432 4014 624 4089 inimicitiae,
651 4035 728 4097 quae
749 4012 819 4075 Jovi
843 4012 986 4075 adversus
1010 4010 1145 4076 Cronum
1160 4011 1252 4075 fuisse
1267 4009 1434 4087 dicebatur,

432 4132 560 4196 maxime
583 4131 711 4196 alienam
734 4131 771 4195 ab
794 4132 852 4195 hoe
875 4132 942 4195 loco
967 4154 1031 4195 esse
1054 4132 1237 4195 memoriam.
1269 4129 1328 4193 Via
1350 4129 1435 4193 Jovis

432 4252 514 4338 apud
536 4251 702 4316 Homerum
726 4259 771 4315 est
794 4250 832 4314 ad
857 4251 1039 4336 Aethiopas,
1065 4259 1100 4315 nt
1122 4250 1165 4314 ibi
1186 4251 1304 4351 fruatur
1320 4249 1433 4334 epulis:

431 4372 469 4436 Il.
493 4372 510 4436 Ι
533 4374 607 4434 423.
654 4371 747 4457 Apud
771 4370 930 4434 Platonem
954 4377 1076 4448 contra,
1100 4370 1131 4435 in
1156 4369 1294 4433 Phaedro
1311 4392 1339 4453 p.
1359 4369 1432 4445 247,

434 4481 471 4556 ad
502 4490 566 4555 loca
597 4513 688 4575 sopra
718 4491 837 4555 coelum
865 4492 979 4576 posita,
1011 4498 1046 4554 ut
1076 4476 1118 4556 ibi
1148 4490 1243 4575 ipsam
1265 4488 1434 4575 justitiam,
