3767 5534
917 700 977 759 183

664 896 721 961 Καὶ
744 900 865 978 ψυχρᾶν
888 897 968 963 ὁπότ’
993 898 1088 964 εὔδια·

706 1014 751 1078 νὸν
772 1013 930 1095 φοίρμακον
952 1018 1044 1093 αιἰρῖιν

662 1131 804 1214 Πελλιίνρι
824 1131 905 1213 φέρε.
929 1132 1057 1205 σύνδικος

662 1246 700 1312 A'
723 1251 803 1329 αὐτῷ
825 1248 936 1314 Ἰολοίον

661 1364 786 1442 Τιίμβος
808 1366 924 1430 εἰναλία
946 1364 973 1431 τ’
996 1370 1099 1432 Ἐλευ-

704 1481 749 1554 σ1ς
776 1483 960 1559 ἀγλαΐαισιν.

660 1599 705 1662 Τὸ
726 1599 756 1663 δὲ
777 1605 844 1683 Φνρῖ
866 1600 1018 1678 κροίτιστον
1040 1600 1140 1667 οίπαν·

660 1716 766 1781 Πολλοί
790 1717 821 1781 δὲ
843 1718 993 1791 διδακταῖς

660 1832 826 1914 Ἀνθρθπιιν
849 1836 968 1915 οίρεταίς
990 1836 1073 1908 κλέος

659 1950 812 2030 Ὧρονσαν
835 1950 967 2016 ἑλίσθαι·

656 2066 747 2133 ”Aves
769 2068 798 2132 δὲ
823 2070 884 2134 θεοῦ
907 2092 1030 2146 σεσινα·

701 2183 785 2260 μένον
806 2188 838 2249 οὐ
860 2184 1022 2265 σκαιότερον
1044 2188 1139 2268 χρῆμ’

656 2302 810 2366 Ἕκαστον.
845 2302 925 2368 ’Etsi
950 2303 1010 2384 γὰρ
1033 2302 1126 2369 ίίλλαι

835 2420 1044 2485 ἘΧΚΛ

657 2537 747 2601 ‘Odeis
768 2537 822 2603 tto>
846 2539 1030 2618 sepelisset·

657 2655 725 2718 Μία
748 2653 771 2718 θ’
794 2655 861 2736 eisd
884 2655 1024 2728 ἅπαντας
1048 2654 1135 2735 ἄμμε
1157 2658 1251 2739 θρέψει
1382 2662 1443 2723 160

657 2772 790 2837 Μελίτα.
813 2774 915 2853 σοφίαι
938 2774 991 2851 μὲν
1015 2775 1109 2838 αίπει-

702 2889 765 2952 ναί·
789 2890 925 2954 τοῦτοδὲ
948 2890 1113 2972 προσφέρων
1137 2886 1224 2957 ιίθλον

652 3004 766 3083 ’Όρθιον
789 3006 893 3087 ὤρυσαι
916 3008 1054 3089 θαρσέων,

467 3219 523 3267 148.
550 3221 663 3282 Πελλάνᾳ.
697 3218 748 3268 Pal.
766 3218 786 3267 0
803 3223 897 3272 τετλάναι.

468 3314 523 3362 151.
551 3316 688 3377 ἀγλαῐαισιν.
723 3314 753 3363 In
771 3313 849 3364 Vatis.
866 3318 966 3375 άλίοιισι,
984 3319 1009 3364 et
1026 3315 1087 3365 mire
1098 3316 1123 3364 in
1136 3316 1220 3366 eodem
1231 3316 1372 3381 duobusque
1383 3333 1449 3381 prse-

435 3412 500 3458 terea
517 3407 615 3456 sdditur
630 3414 759 3473 μέμικται
776 3410 839 3473 quod
857 3410 953 3459 fluxisse
971 3410 1067 3460 videtur
1084 3426 1112 3459 ex
1130 3411 1169 3460 Ol.
1187 3412 1199 3461 l
1217 3411 1273 3463 147.

467 3502 522 3552 156.
549 3509 603 3553 ἄνευ
619 3504 650 3553 δὲ.
685 3504 725 3553 Sic
747 3504 800 3554 Psl.
824 3504 857 3563 C,
882 3505 950 3555 Uret.
968 3507 991 3555 A
1010 3510 1035 3554 et
1058 3506 1121 3555 Bet
1138 3506 1230 3570 plures:
1255 3506 1281 3555 in
1306 3505 1447 3569 quibusdem

435 3603 512 3649 ἄνευθε
536 3600 569 3647 δὲ.
602 3598 738 3647 Boeekhius
759 3599 835 3648 edidit
858 3605 949 3659 ἄνευθε,
969 3600 1082 3664 abjiciens
1099 3602 1130 3651 δὲ.
1166 3602 1194 3649 ln
1211 3601 1309 3649 scholiis
1327 3600 1446 3661 veteribus

433 3692 570 3756 agnoscitur
585 3698 639 3744 ἄνευ
655 3693 688 3742 δἰ.

468 3786 607 3845 155,157.
643 3795 795 3851 σεσιγαμένον.
829 3787 869 3836 Sie
892 3787 943 3837 Pel,
966 3787 986 3836 C
1007 3791 1031 3837 et
1049 3788 1117 3839 Uret.
1136 3788 1165 3839 B.
1198 3789 1228 3837 ln
1246 3788 1389 3852 quibusdem
1406 3809 1444 3838 σε·

433 3891 553 3948 σιγαμίνον
568 3880 602 3946 γ’,
620 3882 702 3946 itsque
718 3882 794 3931 edidit
810 3883 927 3947 Heynius.

467 3978 523 4027 151,
550 3980 634 4045 σσρίαι.
668 3976 708 4025 Sie
733 3977 805 4035 libri,
832 3980 931 4041 excepto
958 3977 1034 4026 Mose.
1062 3977 1096 4036 Β,
1123 3977 1147 4025 in
1173 3993 1220 4040 quo
1245 3994 1259 4025 a
1281 3993 1354 4026 manu
1370 3978 1448 4040 prime

433 4075 525 4141 σοφίαι,
543 4074 678 4120 eorreotum
695 4075 790 4130 temen,
807 4074 835 4119 ut
852 4072 938 4130 eredo,
956 4072 981 4121 in
999 4075 1083 4138 σοφίαι.
1118 4071 1252 4121 Boeckhius
1270 4071 1344 4121 edidit
1356 4075 1446 4139 σσρὶας,

432 4166 459 4215 in
476 4170 576 4217 αίπειναὶ
592 4164 730 4228 intelligens
747 4166 800 4217 ὁδοί.

468 4261 523 4313 151.
548 4266 599 4326 μὲν.
633 4261 672 4309 Its
689 4260 745 4309 libri
762 4265 879 4324 quantum
896 4261 960 4310 seio:
979 4260 1115 4311 Schmidius
1132 4264 1157 4309 et
1175 4261 1284 4326 Heynius
1301 4266 1355 4325 μὰν.

466 4355 522 4405 152.
549 4359 623 4405 ἆθλον.
658 4355 686 4403 In
704 4354 817 4404 lemmate
834 4357 922 4404 veteris
939 4356 1025 4405 scholii
1043 4359 1078 4405 est
1096 4358 1182 4407 ἄεθλον.

468 4449 524 4499 153.
552 4454 646 4516 ὤρυσαι.
679 4449 751 4499 Rom.
768 4453 793 4497 et
810 4449 924 4513 quaedem
943 4455 1037 4499 veteres
1054 4450 1171 4499 editiones
1189 4454 1293 4517 ὤρουσαι.
1321 4426 1396 4512 quue
1407 4453 1444 4497 est
