3767 5534
1002 699 1065 761 266

526 895 601 959 dicit
628 897 721 977 ψευδῆ
743 899 842 975 λέγειν
864 903 900 970 ὡς
923 901 1037 999 leude
1061 902 1147 965 Poet.
1173 926 1198 966 c.
1223 901 1342 966 XXIV.
1390 902 1541 981 Plautus,

525 1019 638 1084 Pseud.
665 1023 732 1085 Act.
758 1020 775 1084 I
799 1022 846 1087 Sc.
872 1023 918 1086 IV
945 1028 963 1086 8

569 1137 628 1203 Sed
651 1141 738 1223 quasi
762 1149 852 1228 poet-a
874 1142 994 1207 tabulas
1019 1166 1089 1207 cum
1112 1144 1194 1227 cepit
1217 1144 1293 1222 sibi,

569 1257 698 1338 Quaerit
721 1260 804 1345 quod
829 1283 981 1343 nusquam
1006 1268 1051 1325 est
1075 1263 1231 1347 gentium,
1255 1263 1368 1346 reperit
1392 1269 1510 1338 tamen,

569 1376 655 1442 Facit
677 1378 756 1443 illud
781 1380 960 1459 verisimile,
986 1381 1069 1465 quod
1093 1382 1287 1446 mendacium
1311 1389 1366 1446 est.

525 1497 690 1576 Horatius,
715 1499 773 1584 Ep.
799 1499 838 1564 ad
861 1500 923 1564 Pis.
950 1504 1013 1565 338

635 1618 721 1683 Ficta
744 1619 911 1704 voluptatis
934 1643 1026 1685 causa
1049 1621 1112 1685 siut
1135 1621 1273 1705 proxima
1296 1621 1384 1684 veris.

524 1735 598 1799 Non·
620 1736 709 1801 docet
733 1738 880 1803 hocloco
904 1739 1075 1818 Pindarus,
1108 1741 1174 1824 ipsa
1197 1748 1355 1824 poetarum
1381 1737 1543 1802 mendacia

525 1855 727 1941 vituperanda
749 1881 812 1921 esse
822 1885 830 1935 3
855 1881 924 1923 nam
950 1882 1046 1944 quum
1063 1859 1156 1923 addat
1173 1858 1242 1938 ὑπὲρ
1258 1858 1306 1923 τὸν
1321 1858 1416 1934 ἀλαθῆ
1433 1858 1540 1936 λόγον,

524 1997 588 2038 esse
612 1967 747 2040 ostendit
770 1976 863 2041 etiam
878 1976 991 2057 ψεύδεα
1007 1956 1089 2043 κατὰ
1106 1978 1154 2043 τὸν
1170 1979 1264 2053 ἀληθῆ
1281 1977 1380 2054 λόγον.
1407 1976 1541 2054 Verum,

524 2093 692 2159 secundum
724 2096 938 2174 Aristotelem,
970 2096 1003 2162 τὸ
1034 2098 1201 2174 θαυμαστὸν
1232 2096 1301 2172 ἡδύς
1334 2104 1365 2161 et
1389 2095 1543 2161 Pindarus

524 2212 623 2276 multa
648 2215 725 2278 mira
748 2216 863 2279 narrari
886 2215 980 2294 dicit,
1014 2215 1066 2280 sed
1091 2216 1156 2280 fieri
1181 2215 1271 2281 etiam
1296 2214 1481 2301 aliquando,
1504 2223 1544 2279 ut

523 2340 631 2417 poetae
653 2333 772 2398 tabulas
796 2335 886 2400 variis
910 2335 1048 2400 ornando
1070 2335 1236 2400 mendaciis
1256 2335 1394 2401 veritatis
1413 2333 1543 2399 modum

524 2474 587 2515 non
617 2453 787 2536 retineant,
819 2462 849 2518 et
879 2454 1057 2518 mortalium
1087 2460 1204 2519 mentes
1236 2453 1408 2539 decipiant:
1442 2460 1543 2536 utque

524 2570 578 2635 illa
609 2572 761 2651 suavitas,
794 2596 855 2658 qua
886 2574 991 2638 cuncti
1022 2573 1110 2657 quasi
1139 2595 1207 2637 esca
1230 2573 1410 2658 capiuntur,
1435 2571 1545 2643 addita

524 2690 625 2768 miris,
657 2691 690 2755 id
721 2693 812 2757 etiam
843 2691 988 2756 credibile
1019 2692 1128 2769 faciat,
1161 2690 1244 2776 quod
1273 2690 1453 2757 incredibile
1476 2714 1542 2757 esse

525 2808 665 2874 debebat.
706 2808 816 2893 Neque
845 2810 928 2875 enim
951 2834 986 2875 ea
1009 2810 1168 2875 credibilia
1191 2833 1256 2875 esse
1280 2810 1436 2888 debuisse,
1462 2832 1543 2896 quae

524 2929 593 3014 quis
616 2951 709 3014 prava
732 2929 769 2994 de
797 2930 864 2994 Diis
888 2931 1065 2996 narraverit.

569 3052 622 3113 48.
658 3048 754 3129 Χάρις.
790 3048 851 3113 Vix
874 3051 932 3115 hoc
956 3050 1023 3113 loco
1047 3048 1200 3114 Deaesse
1224 3048 1355 3127 videtur,
1381 3071 1486 3113 verum
1505 3071 1543 3114 ea

525 3169 660 3234 suavitas
689 3170 840 3254 gratiosa,
865 3192 926 3255 qua
950 3170 995 3233 ita
1017 3167 1096 3234 nihil
1120 3190 1241 3245 eorum,
1275 3168 1358 3253 quod
1381 3168 1414 3232 in
1442 3168 1542 3254 pretio

525 3288 620 3367 foret,
645 3311 745 3354 carere
765 3296 902 3373 poterat,
928 3297 964 3353 ut
980 3289 1071 3353 etiam
1086 3287 1177 3352 rebus
1193 3288 1248 3364 iis,
1270 3310 1348 3372 quae
1363 3287 1425 3351 fide
1439 3309 1542 3353 carere

526 3407 694 3486 debebant,
725 3407 817 3472 fidem
841 3430 929 3492 saepe
953 3408 1074 3471 faceret.
1114 3405 1174 3469 Sed
1197 3405 1383 3490 quandoque
1407 3404 1541 3470 difficilis

526 3534 572 3591 est
595 3526 762 3593 distinctio.
798 3527 871 3591 Tres
896 3526 1021 3610 quidem
1045 3526 1168 3590 Gratias
1184 3548 1301 3611 ponens
1317 3523 1488 3603 Pindarus,
1504 3532 1542 3589 ut

525 3654 651 3731 apparet
673 3668 710 3711 eu
734 3644 784 3711 Ol.
801 3644 895 3724 XIV,
912 3654 1010 3723 certe,
1027 3646 1054 3707 si
1069 3645 1144 3709 haec
1159 3646 1225 3730 ipsa
1241 3643 1346 3710 diviua
1362 3643 1540 3708 Gratiarum

525 3766 652 3831 numina
667 3766 834 3851 significat,
850 3764 965 3850 plurali
979 3786 1106 3829 numero
1122 3764 1231 3828 utitur.
1254 3762 1349 3827 Velut
1361 3760 1412 3826 Ol.
1425 3761 1473 3826 IX
1486 3764 1541 3838 40,

524 3896 614 3954 κεῖναι
631 3887 775 3972 (Χάριτες)
792 3887 914 3953 ὤπασαν
928 3886 971 3950 πα
985 3884 1106 3965 τερπνά.
1136 3883 1280 3948 Ceterum
1297 3881 1405 3947 similis
1422 3889 1543 3947 senteu-

525 4007 570 4071 tia
592 4013 639 4071 est
661 4003 751 4069 Nem.
776 4003 841 4068 VII
865 4006 906 4068 33
930 4003 1024 4085 σοφία
1048 4003 1077 4066 δὲ
1099 4002 1220 4067 κλέπτει
1242 3999 1413 4082 παράγοισα
1431 4000 1541 4078 μύθοις.

572 4128 623 4189 53.
659 4124 809 4190 ἐπίλοιποι.
856 4123 983 4208 Proprie
1007 4130 1053 4186 est
1074 4121 1204 4206 reliqui:
1234 4120 1293 4184 hoc
1316 4119 1384 4184 loco
1407 4118 1541 4203 posteri:

527 4246 615 4310 facile
629 4252 731 4310 autem
744 4244 929 4328 intelligitur
940 4243 1104 4326 utriusque
1117 4240 1350 4326 significationis
1362 4238 1541 4303 confinium.

525 4366 575 4431 Sic
599 4365 681 4452 apud
705 4364 906 4450 Sophoclem,
929 4362 1062 4426 Philoct.
1086 4365 1144 4441 24,
1169 4362 1336 4427 relatarum
1357 4365 1413 4425 τῶν
1428 4357 1540 4443 λόγων,

526 4509 621 4585 quum
636 4485 757 4572 proprie
769 4486 809 4551 sit
822 4484 960 4568 reliquus
972 4505 1080 4565 sermo,
1094 4481 1155 4547 dici
1168 4482 1259 4546 etiam
1268 4487 1369 4566 potest
1377 4478 1539 4565 posterior.
