3767 5534
893 736 911 795 5

387 936 488 999 totius
511 934 657 1011 Graeciae
680 933 865 998 celebritate.
903 932 984 998 Nam
1010 941 1045 997 ut
1060 933 1124 997 illio
1140 936 1194 999 alii
1209 937 1404 1004 nobilitatem

385 1076 520 1118 coronae
550 1059 705 1136 peterent,
738 1051 790 1116 alii
822 1053 942 1117 emendi
966 1062 1021 1116 aut
1044 1052 1196 1117 vendendi
1220 1065 1351 1139 quaestu
1376 1064 1407 1121 et

386 1172 476 1237 luero
508 1170 709 1247 ducerentur,
742 1178 821 1234 esset
853 1179 955 1234 autem
981 1170 1135 1254 quoddam
1159 1194 1256 1256 genus
1281 1196 1404 1252 eorum,

388 1292 446 1375 qui
480 1289 597 1353 visendi
632 1311 725 1352 causa
759 1289 916 1367 venirent,
953 1288 1152 1373 studioseque
1184 1292 1408 1375 perspicerent,

388 1409 467 1493 quid
499 1416 639 1492 ageretur
669 1415 701 1470 et
732 1407 903 1491 quomodo:
936 1407 980 1470 ita
1010 1428 1066 1471 nos
1098 1408 1128 1471 in
1161 1408 1218 1472 bac
1245 1411 1309 1473 vita
1332 1410 1408 1474 alios

388 1528 506 1613 gloriae
529 1528 659 1604 servire,
685 1526 760 1590 alios
784 1526 949 1612 pecuniae,
973 1548 1058 1589 raros
1082 1549 1146 1590 esse
1170 1528 1335 1612 quosdam,
1354 1531 1407 1615 qui

387 1669 492 1711 rerum
524 1656 665 1708 naturam
697 1644 834 1708 studiose
865 1645 1077 1711 intuerentur:
1110 1644 1166 1708 bos
1198 1669 1230 1709 sc
1254 1646 1408 1731 appellare

387 1764 601 1851 philosophos
618 1764 641 1846 ¹)
687 1762 840 1826 Pindarus
873 1782 944 1825 vero
976 1783 1038 1825 non
1063 1784 1192 1827 coronae
1215 1764 1407 1830 nobilitatem

387 1881 497 1967 petiit,
522 1880 576 1944 sed
599 1902 740 1943 coronam
765 1878 959 1943 nobilitavit:
980 1901 1043 1942 non
1059 1878 1174 1963 gloriae
1190 1903 1245 1943 nec
1262 1882 1409 1965 pecuniae
1448 1920 1453 1932 ·

388 1999 513 2077 serviit,
549 1998 603 2062 sed
637 1998 766 2082 gloriam
801 1998 927 2082 reliquis
959 1998 1127 2083 impertivit
1157 2000 1288 2083 pecunia
1318 2000 1409 2084 longe

387 2119 652 2205 praestantiorem.
699 2116 811 2181 Rerum
844 2124 946 2181 autem
976 2139 1038 2181 non
1063 2117 1202 2182 studium
1227 2140 1410 2203 cognoscen-

388 2240 516 2316 darum,
541 2236 594 2301 sed
617 2237 714 2322 ipsam
737 2235 974 2320 intelligentiam
999 2236 1177 2321 profitetur:
1202 2260 1264 2301 non
1290 2238 1408 2301 visendi

388 2367 422 2423 et
451 2355 655 2442 perspiciendi
678 2355 729 2418 scd
755 2354 885 2418 docendi
909 2378 1001 2418 causa
1024 2356 1123 2419 venit:
1149 2364 1240 2439 poeta
1262 2357 1331 2433 ille,
1357 2358 1407 2421 oui

386 2477 567 2562 ingenium,
600 2475 650 2538 cui
680 2497 766 2537 mens
798 2473 929 2537 divinior
961 2483 1053 2557 atque
1084 2496 1117 2537 os
1141 2498 1253 2559 magna
1275 2498 1406 2556 sonans,

387 2596 505 2661 tradita
527 2594 675 2657 divinitus
700 2592 758 2657 sibi
782 2592 932 2677 sapientia
956 2592 1038 2655 Deos
1062 2593 1232 2676 heroasque
1252 2594 1362 2658 cecinit
1379 2602 1410 2659 et

389 2713 537 2779 mortales
561 2712 801 2797 praeclarissima
825 2733 965 2796 quaeque
988 2712 1104 2775 docuit.

437 2834 541 2917 Atque
563 2831 665 2915 ipsum
689 2852 857 2894 sermonem
874 2831 1106 2896 attendentibus
1122 2855 1170 2895 res
1187 2840 1321 2917 apparet.
1347 2833 1408 2896 He·

388 2951 492 3016 rodoti
524 2950 646 3028 ἱστορίης
677 2947 813 3024 ἀπόδεξις
844 2949 921 3013 fuit:
955 2951 1075 3031 ἱστορεῖν
1098 2960 1200 3014 autem
1224 2952 1299 3035 quid
1322 2951 1408 3015 aliud

390 3079 440 3134 est
467 3068 527 3132 nisi
550 3066 726 3151 inquirere?
750 3074 781 3130 et
805 3067 950 3150 quidest
974 3067 1187 3153 philosophiae
1211 3070 1406 3154 conjunctius

388 3210 485 3273 quam
516 3184 692 3271 inquirere?
733 3185 887 3248 Pindarus
919 3208 989 3250 vero
1021 3185 1120 3267 σοφός·
1150 3186 1218 3251 aliis
1240 3188 1332 3252 rebus
1357 3188 1410 3252 alii

388 3308 496 3392 magni
529 3306 665 3389 clarique
699 3305 843 3381 fuerunt;
875 3304 963 3368 illum
997 3327 1067 3369 vero
1098 3305 1227 3370 victores
1258 3329 1409 3392 regesque

386 3425 535 3489 viderunt

672 3542 837 3623 πρόφαντον
861 3541 953 3622 σοφίᾳ
975 3543 1039 3605 καθ’
1059 3542 1131 3606 Ἕλ-

671 3673 765 3731 λανας
789 3659 875 3724 s’o'vaoc
898 3664 1001 3724 aava&

381 3782 574 3864 praeclaram
597 3780 746 3861 sapientia
768 3780 800 3841 in
830 3779 952 3841 Graecia
975 3778 1078 3842 abicis.
1093 3780 1118 3863 2)

435 3898 551 3981 Magna
574 3918 644 3959 vero
667 3919 769 3960 rerum
780 3944 789 3973 ,
816 3918 890 3979 quas
911 3897 1022 3960 cecinit
1037 3896 1207 3974 PindaruS,
1225 3898 1411 3981 praestantia

389 4027 436 4082 est
460 4023 553 4100 atque
577 4016 745 4100 ejusmodi,
771 4024 805 4079 ut
828 4016 861 4079 in
878 4016 984 4099 primis
1001 4039 1101 4080 acrem
1117 4018 1261 4101 spiritum
1278 4039 1312 4079 ac
1329 4017 1408 4094 vim,

388 4135 484 4201 robur
514 4157 549 4198 ac
579 4134 747 4219 sapientiae
778 4134 910 4197 fundum
942 4135 1142 4219 requirerent.
1190 4134 1299 4219 Neque
1327 4136 1409 4198 enim

389 4254 559 4340 quidquam
590 4254 664 4318 tulit
693 4254 844 4339 posterior
876 4260 976 4331 aetas,
1009 4254 1093 4337 quod
1125 4253 1234 4318 debeat
1257 4252 1409 4338 Olympiis

426 4517 451 4575 ι)
471 4516 520 4566 ca.
540 4516 606 4567 raso.
629 4516 654 4565 r.
672 4515 696 4568 a.
797 4514 821 4582 a)
839 4513 895 4564 vn.
914 4514 951 4604 ov.
970 4514 993 4563 r.
1012 4512 1068 4567 rar.
