3767 5534
906 725 970 789 273

434 928 477 991 79

526 1044 650 1122 τὸνμὲν
674 1046 720 1123 ἄρ’
741 1047 909 1127 Εὐρύπυλος
933 1048 1094 1124 Εὐαίμονος
1117 1048 1235 1127 άηλοιος
1258 1048 1315 1120 υἱὸς

526 1163 645 1246 πρόσθεν
666 1163 725 1230 ἕθεν
746 1166 902 1243 Φεύγοντα
924 1166 1146 1247 μεταδρομάδην
1169 1166 1253 1232 {aaa
1276 1164 1368 1245 ὦμον·

433 1285 502 1346 146

527 1402 576 1468 τὸν
597 1402 623 1467 δ’
645 1402 737 1483 ἕτερον
759 1402 843 1488 ξίφεϊ
863 1406 991 1489 μεγάλῳ
1014 1405 1124 1480 nunide
1147 1408 1217 1486 παρ’
1242 1402 1317 1484 ὦμον

527 1520 618 1599 aaa?
627 1544 635 1562 ·

430 1640 485 1704 VI
509 1643 552 1705 63

707 1761 757 1826 cdv
778 1761 808 1827 δὲ
830 1762 925 1840 κρεάων
948 1762 1149 1841 Ἀγαμέμνων

471 1938 476 1946 .
574 1875 646 1944 οὖτα
667 1880 749 1944 κατά
771 1880 916 1959 λαπάρην.

483 1997 524 2062 In
547 1996 693 2084 Stephani
718 1999 876 2064 Thesauro
898 1998 1037 2086 Linguae
1066 1999 1217 2078 Graecae,
1243 1999 1377 2064 editione
1401 2000 1454 2063 Di-

432 2118 583 2198 dotiana,
615 2118 786 2184 afferuntur
808 2143 864 2206 pro
888 2121 1035 2206 exemplis
1058 2121 1187 2205 genitivi
1214 2120 1306 2185 verbo
1329 2120 1458 2199 βάλλειν

433 2236 579 2323 adjuncti
602 2238 663 2302 duo
688 2239 755 2303 loca
778 2240 882 2319 Arati,
908 2262 1041 2325 quorum
1064 2240 1141 2304 alter
1164 2248 1211 2303 est
1236 2241 1300 2304 574

554 2355 642 2437 η’μιον
664 2359 719 2436 μέν
741 2384 790 2425 κεν
812 2359 879 2425 ἴδοιο
900 2361 1053 2442 μετηορον,
1079 2357 1167 2438 η’μιον
1190 2358 1216 2423 δ’
1240 2359 1291 2435 ἤδη

555 2477 697 2558 ἐσχατιαὶ
721 2477 869 2556 βάλλουσι
892 2477 1108 2559 κατερχομένοο
1132 2477 1312 2559 Στεφάνοιο·

436 2617 506 2681 quo
529 2595 596 2661 loco
619 2603 724 2661 tamen
747 2620 817 2662 eum
837 2598 1007 2683 genitivum
1027 2596 1204 2662 absolutum
1222 2619 1287 2661 esse
1303 2596 1461 2672 existimo,

438 2721 474 2781 et
507 2716 550 2780 sic
572 2716 774 2802 interpretor:
807 2716 967 2781 dimidiam
994 2724 1113 2802 partem
1141 2716 1239 2781 Piscis
1262 2716 1365 2781 videre
1389 2715 1461 2779 licet

439 2835 623 2915 sublimem,
648 2836 807 2902 dimidiam
831 2860 902 2902 vero
915 2838 979 2923 jam
995 2846 1129 2901 extrema
1141 2837 1279 2922 jaciunt,
1305 2835 1461 2899 occidente

439 2954 581 3019 Corona:
617 2957 759 3037 ἐσχατιαὶ
796 2963 869 3022 suut
899 2957 1011 3035 δύσεις,
1048 2955 1217 3020 secundum
1248 2953 1462 3019 Scholiastam.

441 3074 534 3139 Alter
557 3082 605 3140 est
628 3078 692 3141 609

757 3196 844 3274 νὲνο
866 3204 952 3274 rica
974 3195 1086 3272 Βοώτνο

557 3315 653 3396 άάρδορ
675 3315 811 3381 άντέλλει
834 3315 1034 3395 βεβολημένος
1058 3314 1255 3397 Ἀρκτούροιο·

445 3432 531 3519 quod
553 3432 597 3497 ita
623 3433 814 3518 explicatur,
849 3439 885 3497 ut
910 3434 1023 3498 Bootes
1048 3434 1217 3496 Arcturum
1240 3434 1463 3514 consequatur:

443 3573 509 3616 non
532 3559 629 3617 reete:
656 3554 809 3616 Arcturus
832 3575 896 3617 nou
912 3558 959 3616 est
975 3559 1060 3616 extra
1074 3551 1212 3630 Booten,
1235 3548 1287 3612 sed
1304 3554 1350 3611 est
1365 3547 1463 3632 ipsius

445 3672 563 3736 Bootae
579 3680 696 3736 astrum
711 3673 842 3737 maxime
859 3672 1078 3758 conspicuum,
1095 3677 1130 3735 ut
1148 3670 1238 3734 docet
1252 3670 1366 3732 Aratus
1382 3668 1462 3731 idem

447 3793 503 3855 95.
550 3790 667 3855 Verum
697 3800 778 3855 recte
809 3792 983 3856 Scholiasta
1006 3791 1038 3854 id
1063 3790 1188 3855 verbum
1212 3787 1345 3873 explicat
1368 3809 1464 3852 κατα-

445 3910 639 3989 λαμπόμενος
662 3913 703 3992 τῷ
726 3909 903 3993 Ἀρκτούρῳ,
928 3910 1065 3974 radiatus
1090 3910 1233 3973 Arcturo.
1267 3905 1367 3970 Semel
1391 3928 1463 3990 ergo

447 4029 508 4093 hoc
542 4029 682 4108 verbum,
719 4037 751 4093 at
783 4031 881 4094 forma
912 4037 942 4093 et
974 4029 1197 4113 significatione
1228 4028 1361 4112 passiva,
1395 4048 1462 4089 cum

447 4150 585 4234 genitivo
609 4151 646 4216 ab
671 4152 767 4215 Arato
791 4152 935 4236 ponitur:
960 4150 1053 4215 semel
1077 4171 1147 4214 cum
1171 4148 1273 4212 dativo
1298 4149 1362 4210 330

833 4267 904 4347 ἡδέ
926 4271 950 4336 οἱ
974 4268 1047 4350 άκρη

628 4390 727 4472 άοτέρι
749 4390 902 4468 βέβληται
925 4389 999 4465 δεινη
1022 4390 1118 4468 γένος.

449 4508 577 4594 Saepius
601 4509 665 4574 sine
682 4532 772 4587 casu,
800 4512 885 4589 174,
910 4513 994 4588 311,
1020 4511 1103 4587 358,
1128 4510 1211 4585 371,
1237 4509 1311 4571 492.
1349 4505 1464 4570 Verum

1304 4630 1340 4685 18
