3767 5534
906 720 970 779 445

430 880 707 990 enid'atandenti
729 919 815 984 Jovis
839 918 998 1004 epitheton
1023 918 1154 983 obscura
1177 917 1298 982 videtur
1321 916 1447 982 Pindari

431 1044 602 1120 sententia,
634 1041 770 1106 divinam
800 1060 904 1102 euram
933 1038 967 1101 in
998 1037 1093 1122 patris
1121 1036 1271 1101 desiderio
1295 1057 1447 1122 procura

432 1169 558 1247 paterna
588 1158 809 1245 praedicantis:
842 1179 937 1242 quum
965 1163 1065 1220 tamen
1091 1156 1201 1220 enirnia
1224 1154 1355 1240 quadam
1379 1177 1446 1219 sua·

428 1280 543 1359 nitate,
575 1276 834 1362 quemadmodum
865 1274 956 1339 modo
991 1275 1128 1351 fecerat,
1160 1273 1277 1338 silendo
1305 1272 1446 1340 Callima-

431 1398 542 1476 ohum,
571 1394 679 1459 Jovem
710 1416 781 1458 vero
812 1392 1025 1470 memorando,
1056 1414 1115 1455 non
1147 1391 1246 1456 luctui
1277 1391 1447 1476 subjungat

433 1515 594 1593 solatium,
617 1513 670 1578 sed
693 1514 790 1598 ipsam
813 1512 916 1576 luctus
936 1511 1153 1595 cogitationem
1168 1510 1329 1575 submittat
1344 1509 1447 1573 solatii

433 1632 650 1719 magnitudini.

402 1824 404 1828 ,
478 1754 533 1816 21.
567 1750 728 1831 πρόφανον.
771 1747 870 1812 Simili
893 1747 990 1811 forma
1014 1746 1181 1830 ὑπέρφατον
1204 1746 1245 1811 Ol
1268 1748 1315 1811 IX
1341 1751 1393 1813 98.

480 1873 534 1934 23.
568 1870 661 1943 θῆκεν.
697 1866 839 1931 Fortasse
874 1866 931 1929 hoo
969 1866 1093 1930 verbum
1125 1866 1260 1951 positum
1292 1875 1355 1945 est,
1387 1889 1448 1951 quo

435 1987 624 2053 luculentius
657 1986 847 2070 significetur
881 1984 1030 2068 singulari
1065 1984 1169 2049 divino
1200 1984 1347 2049 beneficio
1378 1985 1450 2049 data

438 2106 644 2172 Alcimedonti
675 2105 810 2169 viatoria.
858 2104 952 2189 Apud
985 2103 1077 2167 Hom.
1110 2103 1148 2167 Il.
1180 2103 1259 2167 XIX
1290 2107 1352 2169 aut
1379 2104 1450 2168 allo·

438 2226 546 2309 quitur
570 2223 721 2287 Achillem
745 2224 810 2307 ejus
834 2245 951 2308 equus,

617 2341 761 2417 οούδκὲνσοο
784 2342 807 2405 δ’
830 2342 910 2414 ἔθηκε
933 2341 985 2406 θεοὶ
1009 2341 1181 2415 λευκώλενος
1201 2343 1285 2422 Ἥρη.

439 2459 531 2546 Apud
556 2467 696 2523 nostrum
719 2458 773 2543 Py.
797 2458 845 2522 IX
869 2462 906 2521 13
932 2458 1045 2543 Apollo
1066 2457 1201 2542 Cyrenen
1219 2462 1287 2535 θῆκε
1303 2460 1451 2525 δέσποιναν

438 2578 555 2661 χθονός,
581 2586 612 2643 et
631 2582 672 2642 93
698 2578 725 2642 ei
748 2577 937 2663 praedictum
963 2579 1077 2656 fuerat,
1102 2603 1142 2642 νον
1165 2580 1325 2659 οὶρχένσολον
1349 2580 1451 2655 θήσεις.

446 2697 491 2763 ad
527 2697 652 2762 eandem
689 2698 942 2781 significationem
978 2698 1128 2782 pertinere
1166 2698 1284 2762 videtur
1315 2698 1453 2762 modesta

440 2818 576 2883 laudatio
599 2840 633 2881 rs
658 2820 698 2879 25
723 2817 797 2899 ἔργῳ
819 2821 850 2883 οὐ
874 2818 955 2882 κοντοὶ
978 2814 1052 2889 εἶδος
1068 2819 1220 2897 ἐλέγχων,
1239 2818 1264 2880 si
1281 2819 1308 2881 ei
1325 2818 1451 2881 victoria

438 2959 501 3001 non
524 2934 690 2999 admodum
714 2935 845 2999 difficilis
869 2936 946 3013 fuit,
971 2943 1007 2999 ut
1029 2935 1068 2998 ad
1092 2958 1125 2999 vs
1150 2939 1191 2999 90
1214 2935 1450 3020 disputabimus.

485 3056 538 3119 24.
567 3049 627 3118 ’Ἦν
642 3054 668 3117 δ’
682 3056 779 3137 ε’σορᾷν
795 3054 894 3129 κοολὸο,
911 3054 985 3135 ἔργῳ
1000 3079 1027 3119 κ,
1045 3079 1074 3119 r.
1090 3067 1118 3117 λ.
1136 3052 1225 3117 Conf.
1238 3052 1328 3118 Nem.
1343 3054 1395 3119 ΠΙ
1408 3058 1448 3118 32

753 3173 777 3237 ai
800 3172 825 3235 δ’
848 3173 898 3235 ε’ὼν
921 3171 1012 3242 uatis

752 3287 834 3368 ἔρδων
856 3292 884 3354 τ’
910 3288 1024 3355 εὀοκότοο
1046 3296 1157 3374 μορφᾷ.

487 3409 540 3470 29.
575 3407 722 3471 ἀσκεῖται.
758 3406 814 3469 Est
849 3429 921 3471 sane
955 3407 1013 3471 hoe
1048 3407 1115 3470 looo
1147 3407 1271 3471 Themis
1302 3408 1385 3487 Dea,
1418 3421 1453 3475 ut

441 3524 603 3589 manifesto
627 3531 753 3608 apparet
776 3547 813 3589 ex
836 3525 983 3609 epitheto.
1019 3525 1125 3589 Potest
1150 3533 1249 3590 autem
1272 3529 1372 3592 οὶσκεῑν
1396 3528 1454 3612 sig-

441 3642 647 3705 nificationem
678 3641 788 3705 habere
815 3641 955 3720 colendi,
987 3643 1157 3708 honorandi
1187 3644 1336 3729 aliquem:
1369 3646 1453 3709 velut

441 3757 522 3844 apud
546 3758 654 3843 Eurip.
678 3758 771 3823 Rhes.
796 3763 861 3823 944
886 3760 978 3824 Musa
1000 3760 1168 3826 Minervam
1195 3763 1379 3847 alloquitur:
1405 3759 1453 3829 ui·

441 3849 511 3941 bein
533 3884 619 3941 tuam
642 3877 829 3942 honoramus
853 3886 883 3942 et
906 3878 1086 3957 Musaeum,
1112 3881 1208 3945 oivem
1225 3890 1332 3960 tuum,
1349 3884 1455 3967 magni

440 3995 581 4059 fecimus:
606 3996 691 4060 πόλιν
713 3997 765 4070 σὴν
790 3997 1007 4077 πρεσβεύομεν,
1031 3999 1181 4065 Μουσαῖόν
1204 4026 1237 4065 σε
1260 4000 1308 4065 σὸν
1331 4002 1451 4077 πολίτην

439 4112 620 4190 ἠσκήσαμεν.
656 4111 707 4177 Sia
730 4114 821 4190 etiam
845 4114 903 4178 hoo
926 4115 994 4179 looo
1017 4116 1048 4178 id
1073 4117 1197 4181 verbum
1223 4119 1255 4182 in
1276 4119 1452 4183 adoratione

440 4229 575 4294 numinis
612 4231 813 4315 significanda
842 4235 916 4317 poni
948 4242 1076 4318 poterat.
1112 4234 1330 4301 Verumtamen
1362 4261 1451 4323 saepe

440 4347 593 4412 Pindarus
620 4349 727 4412 misoet
751 4351 872 4435 copiose
896 4352 1133 4435 significationes
1157 4356 1318 4419 numinum
1343 4365 1372 4419 et
1397 4359 1454 4420 vir-

441 4474 546 4531 tutum
577 4490 699 4545 earum,
731 4469 844 4552 quihus
875 4471 929 4533 illa
961 4472 1113 4557 praesint,
1138 4481 1168 4536 et
1191 4480 1312 4537 contra:
1338 4474 1376 4537 of.
1401 4474 1451 4539 ol.
