3767 5534
968 716 1031 775 564

500 915 595 978 fuisse
627 915 726 998 gentis
752 919 925 989 auctorem,
950 912 1048 976 filium
1072 911 1260 976 Callirrhoae
1284 907 1459 973 Oceaninae
1482 915 1513 969 et

499 1031 649 1117 Neptuni.
696 1031 863 1095 Pausanias
895 1029 931 1094 L.
964 1030 1010 1093 IX
1042 1030 1075 1093 O.
1101 1027 1241 1093 XXXVI
1265 1032 1284 1091 3
1309 1026 1512 1109 adMinyam

501 1150 625 1234 quidem
648 1151 748 1233 gentis
771 1171 883 1213 nomen
906 1149 1015 1225 refert,
1040 1148 1093 1211 sed
1108 1148 1196 1211 illum
1213 1170 1275 1211 non
1293 1145 1390 1209 filium
1407 1166 1513 1208 verum

499 1278 641 1353 nepotem
665 1267 807 1352 Neptuni
830 1268 933 1330 fuisse.

544 1385 619 1449 Non
642 1365 743 1449 autem
768 1385 863 1448 Poeta
887 1385 945 1448 hoc
968 1406 1056 1448 versu
1081 1384 1232 1467 significat
1255 1390 1386 1445 veterem
1408 1402 1513 1443 curam

464 1536 467 1541 ·
499 1526 591 1589 quam
604 1504 676 1567 olim
689 1502 864 1587 Minyarum
878 1503 1002 1566 Gratiae
1010 1502 1193 1566 habuerint:
1206 1501 1259 1565 sed
1271 1498 1449 1583 Minyarum
1461 1519 1515 1560 uo·

500 1623 581 1686 mine
594 1622 805 1706 significantur
816 1619 1024 1697 Orchomenii,
1039 1620 1093 1703 qui
1105 1641 1188 1683 nunc
1197 1618 1327 1682 maxime
1336 1623 1447 1693 esseut,
1457 1639 1515 1679 πα-

498 1741 628 1817 λαίγννα
645 1739 719 1802 dicti
736 1748 861 1823 propter
877 1745 1059 1802 vetustatem
1077 1737 1218 1821 originis:
1232 1747 1324 1820 atque
1340 1737 1397 1799 hos
1413 1733 1515 1797 curari

500 1858 576 1921 dicit
596 1880 614 1920 a
632 1857 758 1920 Gratiis.
793 1856 859 1921 Nec
880 1863 960 1920 recte
980 1856 1072 1919 vertit
1092 1855 1283 1940 Hartungius
1299 1854 1390 1938 lange
1405 1873 1515 1937 gewas-

503 1997 557 2038 ner
576 1974 714 2066 Minyer:
731 1974 840 2037 melius
856 1974 1053 2038 Thierschius
1070 1973 1124 2037 der
1140 1972 1260 2057 Minyer
1277 1972 1367 2035 altem
1386 1969 1514 2038 Stamm.

547 2094 576 2158 7.
611 2093 663 2156 σὺν
686 2094 745 2173 γαρ
770 2094 846 2168 ὑμῖν.
883 2092 1014 2155 Prorsus
1037 2091 1148 2155 similia
1171 2099 1243 2154 sunt
1267 2088 1317 2152 Ol.
1342 2088 1390 2151 IX
1414 2091 1456 2150 40

812 2218 902 2275 κεῖναι
926 2211 1073 2295 (Χάριτες)
1096 2211 1155 2291 γὰρ
1179 2212 1301 2275 ὤπασαν

726 2328 767 2391 τὰ
789 2330 906 2408 τέρπν’·
929 2328 1034 2405 ἀγαθοὶ
1059 2328 1088 2391 δὲ

725 2445 774 2508 καὶ
797 2445 881 2526 σοφοὶ
904 2446 986 2509 κατα
1004 2445 1115 2522 δαίμον’
1138 2443 1235 2524 ἄνδρες

723 2562 862 2637 ἐγένοντο.

502 2678 542 2743 Of
562 2678 613 2743 Ol.
638 2678 756 2755 1190,
781 2678 871 2741 Nem.
896 2678 944 2741 IX
971 2682 1042 2741 129.

552 2800 602 2861 ll.
637 2801 758 2875 σεμνᾶν.
795 2796 835 2858 Cf
856 2796 962 2881 Ilurip.
987 2796 1058 2861 Hel.
1085 2800 1169 2860 1341
1194 2796 1298 2874 σεμναὶ
1323 2795 1454 2878 Χάριτες.

550 2916 600 2978 la.
637 2914 802 2993 κοιρανέοντα
825 2916 927 2996 χοροὺς
951 2914 1000 2977 καὶ
1026 2916 1140 2986 δαῖτας.
1176 2913 1346 2978 Scholiasta
1366 2921 1454 2977 vetus
1471 2935 1517 2976 ac-

508 3033 678 3096 cusativum
702 3031 778 3094 dicit
800 3033 874 3117 poni
897 3054 954 3122 pro
976 3032 1127 3117 genitivo:
1152 3055 1208 3096 nec
1232 3032 1324 3096 alium
1349 3032 1452 3095 locum
1468 3031 1519 3095 ad·

505 3150 567 3213 huc
597 3150 686 3226 novi,
718 3171 780 3233 quo
809 3149 866 3213 hoc
889 3150 1017 3214 verbum
1041 3151 1247 3216 accusativum
1270 3150 1391 3214 habeat.
1439 3149 1519 3214 Oum

507 3267 641 3350 genitivo
673 3267 799 3350 ponitur
822 3268 933 3331 Aesch.
957 3268 1041 3333 Pers.
1067 3272 1131 3332 all
1154 3268 1242 3343 τῆσδε
1265 3275 1388 3349 κοιρανεῖ
1407 3268 1518 3348 χθονός.

506 3382 590 3446 Male
620 3405 691 3448 vero
722 3385 755 3446 in
778 3384 874 3448 altero
897 3393 998 3449 vetere
1022 3386 1138 3449 scholio
1161 3386 1259 3457 δαῖτες
1283 3386 1430 3450 dicuntur
1454 3408 1519 3449 essa

508 3501 631 3581 εὐωχίαν
661 3501 828 3586 καὶιζθνσίαι
852 3510 881 3565 et
905 3502 1046 3591 similiter
1068 3504 1100 3567 in
1123 3504 1301 3569 recentiore.
1333 3503 1428 3588 Saepe
1456 3505 1522 3588 qui·

505 3642 575 3683 nem
599 3620 696 3692 δαιτὸς
720 3622 843 3685 nomine
866 3622 1078 3706 significantur
1097 3646 1198 3702 sacra,
1215 3621 1283 3687 Diis
1307 3623 1521 3714 amortalibus

506 3737 660 3822 praebita,
693 3739 777 3802 velut
805 3738 897 3803 Hom.
921 3740 960 3804 Π.
984 3740 1002 3805 Ι
1026 3745 1109 3820 424,
1134 3740 1243 3832 XXIV
1263 3721 1328 3820 Δ69,
1353 3742 1443 3806 Pind.
1469 3740 1520 3805 Ol.

504 3852 587 3917 VIII
613 3857 665 3917 69.
688 3854 912 3922 Verumtamen
928 3860 1066 3944 ipsorum
1082 3861 1173 3924 etiam
1188 3859 1324 3925 Deorum
1339 3861 1372 3923 in
1388 3858 1522 3944 Olympo

505 3969 612 4033 habita
644 3974 781 4038 convivia
813 3998 849 4039 eo
879 3978 1003 4041 nomine
1034 3978 1198 4042 dicuntur:
1229 3978 1314 4042 velut
1336 3978 1417 4042 Hom
1442 3976 1523 4041 ILI

512 4088 593 4152 blo:
618 4097 710 4172 atque
734 4090 807 4156 haec
830 4116 913 4158 nunc
937 4096 1157 4179 significantur,
1194 4095 1340 4161 Similiter
1361 4097 1439 4177 χοροὶ
1460 4117 1523 4159 nou

506 4209 598 4282 aunt,
632 4228 708 4289 quos
736 4208 874 4275 homines
902 4211 971 4278 Diis
994 4214 1129 4293 faciunt,
1153 4223 1190 4278 ut
1213 4214 1315 4278 estin
1339 4211 1456 4277 scholio
1479 4205 1526 4276 re'.

383 4369 389 4382 .
506 4322 653 4402 cautiori,
686 4326 738 4390 sed
770 4350 847 4411 quos
878 4331 938 4414 ipsi
970 4332 1022 4395 Dii
1054 4340 1167 4417 agunt:
1200 4333 1285 4398 velut
1308 4332 1389 4416 apud
1413 4331 1523 4415 Ilurip.

507 4438 578 4505 Hel.
606 4444 689 4507 1345
714 4445 837 4528 placant
860 4446 1001 4513 Cererem
1025 4450 1149 4515 Gratiae
