3767 5534
974 704 1040 766 290

499 908 635 973 Fratrem
657 907 757 971 Thero
782 906 892 971 habuit
906 906 1126 984 Xenocratem,
1144 907 1198 991 qui
1218 911 1405 970 memoratur
1420 904 1516 989 hujus

499 1027 641 1091 carminis
664 1050 697 1089 vs
723 1029 779 1104 89,
804 1037 835 1091 et
854 1027 886 1090 in
902 1028 969 1112 ejus
985 1026 1131 1089 honorem
1148 1026 1262 1111 scripta
1277 1032 1350 1089 sunt
1365 1024 1515 1109 Pythium

499 1146 545 1210 VI
577 1155 607 1211 et
629 1146 794 1210 Isthmium
823 1145 866 1211 II.
914 1146 1009 1210 Gravi
1032 1169 1133 1210 errore
1155 1147 1188 1210 in
1211 1146 1335 1210 scholiis
1358 1144 1515 1210 veteribus

499 1264 538 1329 ad
562 1288 594 1327 vs
619 1268 659 1327 82
685 1274 715 1329 et
739 1265 777 1328 ad
802 1263 852 1330 Ol.
877 1265 929 1328 ῙΠ
955 1267 993 1331 67
1016 1265 1109 1329 frater
1124 1265 1273 1329 Theronis
1290 1264 1405 1328 dicitur
1419 1262 1515 1326 fuisse

498 1383 602 1447 Hiero.

542 1503 580 1567 In
605 1504 721 1567 scholio
746 1513 846 1567 vetere
870 1503 908 1566 ad
934 1527 966 1566 vs
993 1505 1032 1567 16
1057 1526 1132 1589 gens
1156 1502 1306 1567 Theronis
1329 1501 1460 1565 refertur
1475 1498 1514 1563 ad

497 1621 670 1699 Eteoclem,
702 1624 863 1687 manifesto
895 1645 1005 1686 errore.
1052 1621 1131 1685 Tota
1158 1620 1309 1706 quaedam
1332 1622 1364 1684 in
1388 1618 1515 1683 scholiis

498 1741 624 1804 historia
654 1764 725 1806 cum
748 1742 806 1805 hoc
833 1764 933 1806 errore
957 1739 1100 1826 copulata
1124 1750 1186 1818 est,
1212 1749 1242 1804 et
1266 1740 1413 1804 dicuntur
1435 1737 1515 1801 The·

496 1861 579 1925 ronis
610 1863 738 1947 majores
769 1884 807 1925 en
834 1860 945 1925 Rhodo
976 1862 1007 1925 in
1038 1860 1173 1925 Siciliam
1205 1860 1323 1924 venisse
1349 1866 1380 1923 et
1403 1856 1515 1921 Gelam

498 1980 690 2059 condidisse,
723 1988 830 2066 postea
854 2003 923 2045 vero
952 1982 1165 2066 Agrigentum.
1212 1979 1329 2044 Verum
1352 2000 1388 2042 ea
1411 1978 1516 2041 omnia

497 2100 661 2185 rejicienda
684 2107 766 2164 sunt.
803 2098 913 2185 Neque
937 2100 1019 2164 euim
1042 2099 1195 2163 Pindarus
1215 2122 1248 2161 vs
1267 2101 1306 2165 77
1326 2096 1515 2182 ePolynicis

498 2220 626 2305 posteris
657 2219 827 2283 Theronem
853 2219 981 2297 dixerit,
1011 2221 1037 2282 si
1061 2241 1097 2283 ex
1121 2218 1256 2283 Eteoclis
1281 2217 1409 2302 posteris
1433 2215 1513 2279 fuit:

496 2360 552 2402 uec
574 2337 766 2402 Thersander
789 2338 871 2401 filius
895 2338 1049 2423 Polynicis
1071 2338 1154 2401 idem
1178 2338 1270 2401 luisse
1294 2335 1451 2421 putandus
1467 2340 1516 2398 est

496 2457 551 2541 qui
573 2455 744 2540 Polydorus
768 2456 850 2520 filius
873 2455 1024 2521 Eteoclis:
1049 2480 1124 2534 nec,
1152 2457 1177 2520 si
1193 2455 1269 2540 quid
1285 2454 1323 2519 de
1339 2454 1514 2531 Haemone,

496 2574 560 2638 filio
594 2573 755 2659 Polydori,
791 2581 822 2638 et
852 2575 891 2637 de
922 2577 988 2660 ejus
1020 2577 1149 2661 posteris
1179 2571 1391 2651 traditur,'id
1422 2589 1515 2635 omne

497 2694 643 2759 continuo
680 2693 865 2758 Thersandri
900 2697 1030 2780 posteris
1067 2695 1213 2759 accidisse
1249 2692 1422 2779 putandum
1456 2698 1513 2754 est.

496 2812 603 2877 Tradit
626 2820 780 2897 praeterea
804 2814 996 2893 Herodotus,
1030 2815 1157 2879 Gelonis
1180 2815 1309 2899 majores
1337 2809 1515 2876 interfuisse

497 2933 549 3011 iis,
574 2933 628 3017 qui
652 2955 688 2996 en
704 2932 814 2996 Rhodo
830 2935 960 3018 profecti
979 2934 1087 2999 Gelam
1105 2934 1324 2999 condiderunt:
1349 2930 1415 2994 VII
1433 2930 1514 2994 153:

374 3066 376 3068 ’
497 3072 596 3133 neque
619 3050 683 3114 ulla
706 3051 872 3135 probabilis
897 3054 1031 3138 suspicio
1056 3062 1120 3131 est,
1146 3052 1274 3116 Gelonis
1303 3052 1431 3135 majores
1452 3069 1517 3112 eos·

497 3168 567 3232 dem
589 3170 683 3233 fuisse
707 3192 742 3234 ac
764 3172 894 3255 majores
918 3171 1077 3236 Theronis.

541 3288 588 3353 De
622 3288 807 3354 Thersandri
842 3290 967 3374 quidem
1002 3283 1169 3376 majoribus
1204 3295 1343 3366 constat,
1383 3307 1517 3370 quorum

497 3414 544 3471 est
578 3406 652 3470 haec
683 3408 790 3471 series:
826 3408 980 3487 Oadmus,
1018 3407 1204 3492 PolydoruS,
1243 3404 1423 3482 Labdacus,
1459 3402 1518 3466 La·

495 3528 561 3611 jus,
597 3524 751 3612 Oedipus,
786 3526 957 3613 Polynices.
1002 3529 1106 3612 Atque
1137 3527 1230 3612 hujus
1261 3525 1344 3588 filius
1367 3523 1517 3587 Thersan-

498 3644 552 3709 der
577 3645 647 3710 fuit.

543 3763 730 3829 Thersandri
753 3787 888 3850 propago
912 3765 1083 3831 secundum
1107 3764 1304 3841 scholiastes,
1337 3779 1517 3846 quanquam

499 3905 562 3947 nou
591 3883 703 3948 diserte
737 3885 818 3949 inter
848 3908 881 3948 se
914 3885 1148 3961 convenientes,
1184 3891 1286 3946 tamen
1317 3876 1519 3964 probabiliter

499 4001 557 4065 hoo
588 4001 679 4065 modo
710 4002 925 4087 perscribenda
949 4003 1087 4068 videtur:
1124 4001 1323 4077 Tisamenus,
1345 3995 1517 4072 Autesion,

498 4120 631 4199 Theras,
665 4120 793 4201 Samus,
824 4122 1043 4200 Telemachus,
1081 4122 1135 4205 qui
1165 4120 1282 4206 primus
1313 4117 1346 4181 in
1381 4114 1519 4178 Siciliam

500 4240 617 4303 venisse
640 4238 754 4304 dicitur
777 4263 814 4305 ex
832 4241 946 4320 Thera,
970 4241 1025 4305 ubi
1048 4240 1141 4304 frater
1168 4240 1233 4325 ejus
1257 4235 1378 4321 Clytius
1401 4253 1520 4297 reman-

501 4359 588 4422 serit:
606 4365 674 4423 tum
686 4357 905 4446 Chalciopeus,
923 4359 1134 4436 Emmenides,
1154 4355 1388 4431 Aenesidemus,
1405 4351 1518 4414 Thero.

502 4474 582 4540 Vide
605 4476 722 4541 scholia
744 4479 783 4543 ad
809 4477 859 4542 Ol.
884 4477 918 4542 Π
942 4480 1002 4557 82,
1026 4476 1078 4541 III
1103 4480 1160 4554 67,
1187 4478 1228 4539 68
1237 4526 1247 4559 ,
1268 4474 1314 4558 Py
1337 4469 1384 4534 VI
1408 4473 1445 4545 4,
1462 4467 1518 4533 ubi
