3767 5534
914 676 978 738 247

437 885 588 962 reguntur
620 900 712 941 naves
743 877 871 953 celeres,
899 886 1040 961 terraque
1067 875 1148 942 bella
1171 878 1278 963 rapida
1302 887 1332 941 et
1356 881 1451 944 consi·

436 996 550 1060 liorum
573 1003 714 1081 parentes
738 996 916 1060 conciones:
942 1018 1012 1079 spes
1028 996 1188 1061 hominum
1206 965 1449 1082 saepe‘sursum,

435 1115 513 1179 alias
537 1136 609 1179 vero
631 1114 775 1179 deorsum
799 1137 913 1179 errores
938 1116 1039 1179 irritos
1064 1137 1169 1179 secans
1194 1114 1336 1179 volvitur.
1384 1116 1449 1201 Sig-
1491 1121 1527 1182 10

435 1257 513 1299 num
543 1256 633 1299 nemo
665 1255 802 1319 unquam
825 1232 1002 1298 mortalium
1027 1233 1123 1297 fidum
1147 1233 1184 1298 de
1208 1244 1320 1297 eventu
1345 1235 1451 1299 loturo

434 1354 555 1418 invenit
578 1352 745 1417 divinitus:
771 1353 948 1417 futurorum
972 1352 1086 1417 indicia
1110 1364 1184 1417 sunt
1207 1375 1305 1418 caeca.
1349 1353 1451 1419 Multa

433 1472 613 1537 hominibus
628 1479 749 1558 praeter
760 1473 942 1537 senteutiam
957 1480 1139 1552 evenerunt,
1157 1474 1309 1538 contraria
1320 1474 1448 1559 gaudio:

433 1591 506 1670 alii,
532 1614 628 1676 quum
652 1592 684 1655 in
708 1592 830 1656 acerbas
850 1592 984 1656 incidere
1004 1592 1170 1677 procellas,
1195 1592 1310 1657 bonum
1327 1594 1451 1678 profun-

432 1711 510 1775 dum
533 1711 706 1776 calamitate
722 1720 884 1776 mutarunt
902 1712 983 1796 brevi
1001 1721 1147 1798 tempore.
1185 1712 1244 1776 Fili
1260 1713 1448 1791 Philanoris,
1489 1716 1527 1777 19

433 1832 572 1917 profecto
607 1832 698 1896 etiam
729 1840 801 1911 tua,
838 1832 923 1895 intus
955 1832 1123 1916 pugnantis
1158 1834 1254 1896 instar
1289 1832 1382 1917 galli,
1419 1833 1450 1897 in

431 1958 566 2036 cognata
588 1951 660 2015 sede
683 1951 814 2035 ingloria
838 1950 904 2014 laus
926 1950 1038 2035 pedum
1058 1951 1239 2029 decidisset,
1263 1952 1322 2016 nisi
1338 1951 1449 2016 seditio

432 2070 581 2136 bellicosa
612 2080 642 2134 te
666 2070 780 2134 Cnosia
803 2071 952 2156 privasset
977 2071 1084 2157 patria.
1133 2070 1163 2134 N
1167 2094 1226 2135 unc
1250 2094 1320 2135 vero
1344 2069 1448 2156 Olym·

431 2190 503 2276 piae
533 2198 696 2254 coronatus
721 2200 751 2253 et
775 2189 882 2253 bisen
913 2190 1054 2275 Pythone
1078 2191 1163 2255 etin
1188 2190 1324 2268 Isthmo,
1355 2190 1449 2275 Ergo

430 2309 509 2373 tales
517 2358 527 2387 ,
563 2308 662 2373 calida
697 2307 910 2394 Nympharum
942 2309 1062 2373 lavacra
1094 2309 1196 2387 tollis,
1233 2332 1303 2373 cum
1335 2309 1448 2394 quibus

431 2430 510 2495 vivis
530 2430 622 2515 juxta
645 2451 733 2514 agros
757 2429 953 2493 domesticos,
1486 2430 1527 2490 28

777 2901 973 2967 OLYMPIA
1012 2902 1104 2967 XIII.

732 3159 932 3204 xuuoruonul
962 3161 1152 3220 CORINTHIO,

722 3379 841 3444 Cursori
875 3386 904 3443 et
938 3380 1163 3465 quinquertium.

477 3617 589 3682 Tribus
628 3617 740 3681 claram
775 3617 904 3682 laudans
939 3617 1066 3683 domum
1101 3618 1237 3682 victoriis
1272 3615 1447 3704 Olympiis,

431 3738 538 3801 mitem
562 3736 679 3801 civibus
704 3744 733 3801 et
756 3737 931 3821 hospitibus
956 3738 1155 3815 servientem,
1181 3758 1362 3821 cognoscam
1378 3735 1446 3801 bee—
1489 3788 1503 3808 ,

432 3866 496 3921 tam
520 3854 721 3934 Corinthum,
746 3856 871 3921 Isthmii
891 3858 1004 3921 utrium
1020 3856 1178 3942 Neptuni,
1200 3858 1328 3942 juventa
1344 3879 1447 3942 super·

433 3977 577 4041 bientem.
623 3975 673 4040 Ibi
704 3975 786 4039 enim
818 3975 971 4040 Eunomia
1002 3976 1122 4040 habitat
1152 3979 1279 4061 ejusque
1309 3997 1444 4053 sorores,

433 4095 669 4160 fundamentum
700 4094 876 4173 civitatum,
909 4103 978 4160 tuta
1008 4094 1138 4159 «Iustitia
1161 4102 1191 4159 et
1215 4117 1340 4159 concors
1362 4094 1444 4173 Pan,

433 4214 590 4278 ministrae
621 4213 801 4278 mortalibus
833 4213 1027 4292 divitiarum,
1059 4236 1167 4279 aureae
1195 4213 1276 4278 filiae
1299 4214 1444 4298 sapientis
1484 4217 1522 4277 10

433 4332 608 4409 Themidis,
641 4332 810 4419 voluntque
834 4356 935 4398 arcere
962 4333 1159 4421 superbiam,
1182 4332 1292 4398 Festus
1315 4340 1443 4397 matrem

434 4475 573 4518 sermone
602 4462 781 4518 tumentem.
829 4454 936 4519 Habeo
968 4454 1068 4520 dicere
1099 4455 1224 4541 pulcra,
1258 4462 1288 4519 et
1316 4454 1443 4518 audacia
