3767 5534
919 694 961 753 44

432 887 500 970 quis
524 890 603 954 alius
626 892 803 976 posterioris
821 894 928 956 aetatis
945 895 1091 979 scriptor,
1109 902 1140 958 et
1156 894 1291 958 nutritus
1306 900 1446 957 vetustae

433 1004 578 1073 Graeciae
602 1032 694 1075 sensu
717 1012 777 1075 fuit
799 1020 830 1076 et
853 1035 924 1077 eum
948 1035 1036 1098 saepe
1060 1014 1215 1097 expressit.
1264 1011 1444 1087 benessio,

433 1148 471 1189 an
494 1128 582 1193 nullo
605 1129 672 1194 loco
695 1132 821 1216 propius
842 1131 880 1195 ad
897 1132 1090 1197 Pindaricam
1106 1132 1229 1197 accedat
1244 1130 1445 1207 sententiam,

433 1267 526 1329 quam
557 1270 609 1324 eo,
639 1272 700 1333 quo
731 1250 944 1315 Themistoclis
976 1261 1096 1316 enarrat
1127 1252 1254 1315 consilia
1283 1249 1385 1313 omnia
1413 1248 1446 1312 in

434 1366 578 1431 Graeciae
609 1368 782 1433 libertatem
813 1371 1027 1436 vindicandam
1054 1370 1182 1435 collata:
1206 1369 1339 1433 desumit
1363 1368 1444 1432 enim
1535 1360 1538 1367 ¹

434 1483 524 1548 ve'rba
546 1486 614 1570 ipsa
636 1487 674 1552 de
698 1489 863 1573 palaestra:
888 1489 1107 1576 „praevidebat
1128 1477 1346 1553 Themistocles
1363 1486 1448 1550 lutu-

432 1625 501 1667 rum
526 1612 557 1668 et
579 1608 694 1690 majora
716 1610 899 1687 certamina,
924 1608 962 1672 ad
986 1631 1065 1693 quae
1088 1632 1119 1672 se
1143 1609 1207 1692 ipse
1230 1607 1320 1671 unxit
1342 1626 1447 1690 perpe-

433 1729 488 1785 tuo
516 1745 570 1807 pro
593 1733 659 1788 tota
682 1725 811 1790 Graecia
833 1736 864 1791 et
887 1728 1043 1792 civitatem
1067 1726 1233 1791 exercuit.”
1249 1727 1272 1808 ι)
1295 1724 1447 1808 Idemque

433 1840 652 1907 Themistocles
675 1854 798 1928 postea,
823 1856 859 1910 nt
878 1848 959 1911 fama
974 1854 1037 1922 est,
1054 1845 1216 1933 Olympiae
1232 1843 1446 1909 dulcissimum

435 1981 467 2022 se
494 1959 645 2026 invenisse
668 1964 820 2048 professus
845 1975 891 2030 est
913 1966 1054 2031 laborum
1077 1967 1264 2051 praemium,
1289 1987 1366 2048 quos
1389 1985 1447 2047 pro

435 2076 566 2143 Hellade
588 2082 802 2147 sustinuisset:
828 2107 924 2169 quum
949 2109 966 2148 a
985 2085 1167 2162 certamine,
1184 2085 1272 2168 cujus
1288 2080 1447 2167 spectandi

435 2219 527 2262 causa
557 2208 718 2278 venerant,
751 2201 790 2265 ad
820 2202 909 2267 illum
941 2204 1141 2288 spectandum
1165 2226 1269 2267 omnes
1293 2208 1448 2266 converte-

434 2326 555 2395 rentur,
579 2318 730 2404 illumque
753 2321 867 2415 ignotis
890 2345 959 2386 curn
977 2323 1177 2387 admiratione
1193 2332 1223 2386 et
1239 2322 1348 2407 plausu
1366 2343 1447 2384 com-

435 2446 649 2503 monstrarent.
663 2440 687 2524 2)

480 2555 539 2621 Sed
569 2559 727 2625 redeamus
752 2562 788 2625 ad
814 2563 915 2646 ipsum
939 2562 1123 2626 Pindarum:
1148 2584 1219 2625 nam
1243 2583 1339 2625 riuum
1364 2581 1447 2645 prae-

436 2686 518 2741 terea
545 2680 712 2762 exquisitae
739 2682 908 2745 sententiae
930 2681 1031 2746 locum
1056 2704 1117 2745 non
1142 2678 1446 2767 praetermittendum

437 2819 501 2860 esse
531 2806 687 2883 putamus.
734 2799 923 2885 Strepsiades
951 2800 1115 2865 Thebanus
1138 2800 1169 2863 in
1194 2798 1332 2863 Isthmiis
1356 2793 1466 2862 victo

364 2911 366 2916 ’
437 2916 513 2980 riam
536 2920 718 3002 reportavit:
744 2919 880 3005 ejusdem
903 2928 1060 2984 maternus
1080 2942 1168 2997 avua,
1186 2918 1292 2983 eodem
1308 2917 1446 2993 nomine,

437 3038 622 3103 occubuerat
646 3062 787 3123 pugnans
811 3063 866 3125 pro
890 3040 998 3124 patria.
1036 3038 1187 3103 Pindarus
1203 3047 1304 3103 autem
1321 3036 1358 3100 de
1374 3036 1445 3100 illo:

437 3156 570 3234 „lucidis
600 3157 775 3222 illustratur
802 3158 917 3237 Musis,
941 3166 1140 3243 maternoque
1164 3180 1237 3235 avo,
1262 3156 1350 3241 cujus
1367 3154 1445 3219 idem

437 3298 547 3340 nomeu
580 3284 662 3354 erat,
694 3276 779 3341 dedit
810 3300 971 3343 commune
1003 3277 1114 3354 decus,
1139 3277 1222 3341 Mars
1246 3276 1298 3341 cui
1319 3282 1447 3339 mortem

438 3395 581 3459 admovit.
637 3396 745 3461 Honor
776 3396 906 3461 fortibus
938 3405 985 3461 est
1014 3397 1200 3482 propositus.
1254 3394 1336 3459 Sciat
1368 3394 1448 3458 enim

437 3516 628 3594 lucidenter,
652 3518 792 3602 quisquis
815 3518 846 3582 in
872 3518 927 3582 tali
952 3525 1130 3604 tempestate
1146 3517 1274 3581 imbrem
1290 3512 1449 3603 sanguinis
1490 3557 1492 3561 ,

439 3659 457 3699 a
479 3635 591 3699 dilecta
613 3636 712 3721 patria
735 3646 851 3713 arceat,
876 3636 1040 3721 perniciem
1063 3636 1162 3700 ferens
1182 3632 1352 3698 adversario
1368 3653 1450 3695 exer·

439 3755 532 3832 citui,
561 3777 591 3818 se
616 3774 689 3819 suae
712 3755 796 3839 genti
819 3756 983 3819 maximam
1007 3777 1118 3839 augere
1142 3749 1324 3839 gloriam'et
1347 3750 1449 3814 vivum

439 3885 469 3938 et
498 3884 665 3939 mortuum.
712 3872 777 3952 Tu,
811 3874 937 3938 Diodoti
964 3874 1025 3951 fili,
1050 3874 1158 3938 fortem
1171 3869 1311 3947 ,laudans
1339 3868 1450 3933 Melea·

439 4017 545 4078 grum,
570 3992 699 4057 laudans
724 4002 754 4057 et
778 3992 941 4057 Hectorem
968 3992 1268 4077 Amphiaraumque,
1293 3990 1449 4053 florentem

439 4113 599 4197 exspirasti
631 4120 758 4176 aetatem
791 4111 823 4176 in
853 4120 1117 4199 propugnatorum
1142 4110 1250 4186 turba,
1275 4108 1329 4173 ubi
1352 4107 1452 4171 fortis·

438 4234 506 4296 simi
531 4231 706 4296 habuerunt
729 4231 802 4296 belli
826 4231 990 4296 discrimen
1014 4239 1147 4296 extrema
1171 4253 1234 4316 spe.
1253 4229 1365 4292 Passus
1382 4248 1450 4290 sum

477 4528 500 4587 1)
517 4526 581 4575 rtur.
601 4526 707 4575 Ptemut.
727 4528 748 4574 3.
851 4526 875 4585 2)
894 4526 957 4573 Huc.
979 4524 1086 4574 narrat.
1105 4521 1143 4573 17.
