3767 5534
922 691 985 754 359

453 891 624 958 Boeckhius
656 883 758 959 autem
789 894 895 957 vicisse
925 887 1013 956 illum
1040 891 1168 955 affirmat
1191 890 1301 966 rheda,
1327 896 1455 952 certasse

452 1021 550 1077 tamen
574 1015 666 1078 etiam
689 1014 845 1099 quadrigis
870 1021 900 1076 et
923 1035 1003 1097 equo
1026 1010 1191 1095 singulari:
1221 1009 1305 1095 quod
1328 1010 1388 1073 nisi
1411 1009 1455 1071 ita

450 1140 543 1210 esset,
575 1134 745 1218 oportuisse
777 1134 902 1198 Poetam
934 1132 981 1196 vel
1005 1131 1223 1216 quadrigarum
1247 1137 1277 1194 et
1300 1129 1371 1214 equi
1394 1129 1454 1192 sin·

448 1250 561 1335 gularis
592 1254 777 1317 mentionem
807 1253 1066 1337 praetermittere,
1095 1250 1142 1314 vel
1164 1250 1202 1313 iis
1226 1248 1337 1312 addere
1360 1248 1451 1312 etiam

449 1370 636 1454 pugilatum,
660 1372 794 1437 stadium
818 1383 848 1436 et
871 1372 1008 1457 singulas
1029 1379 1163 1435 totorum
1179 1369 1323 1433 ludorum
1340 1378 1450 1454 partes.

447 1487 518 1556 Non
550 1513 606 1576 ego
636 1492 813 1576 hujusmodi
836 1492 1132 1575 argumentationem
1155 1488 1341 1574 probabilem
1365 1497 1450 1573 puto.

447 1607 484 1672 In
507 1611 638 1675 carmine
662 1610 712 1674 Ol.
736 1611 753 1675 I
780 1614 840 1674 155
866 1612 1006 1676 celeritas
1036 1610 1147 1695 pedum
1172 1618 1202 1673 et
1225 1607 1319 1673 robur
1341 1630 1452 1672 memo·

446 1735 543 1806 ratur,
568 1729 646 1793 nihil
670 1730 707 1794 de
731 1730 871 1795 curribus
896 1731 942 1794 vel
967 1731 1053 1815 equis
1078 1729 1206 1793 dicitur:
1224 1736 1255 1793 et
1271 1738 1371 1792 tamen
1388 1736 1452 1791 erat

445 1848 591 1933 equestris
620 1850 756 1913 victoria.
803 1849 918 1913 Verum
942 1850 1034 1913 etiam
1058 1849 1124 1914 siue
1147 1846 1284 1932 exemplo
1308 1845 1450 1932 intelligi·

444 1988 528 2043 mus,
560 1966 686 2031 Poetam
713 1968 888 2053 hujusmodi
912 1968 1105 2032 laudationes
1129 1966 1328 2031 certaminum
1352 1965 1449 2029 facere

443 2084 589 2151 arbitratu
614 2109 680 2151 suo.

484 2202 559 2295 Loci
590 2207 742 2270 sententia
771 2206 845 2269 haee
877 2214 939 2281 est,
965 2203 1158 2267 Psaumidem
1183 2225 1248 2266 aras
1271 2201 1447 2287 Olympicus

441 2324 603 2388 honorasse
626 2326 659 2389 in
682 2347 798 2389 summo
822 2326 918 2401 festo,
944 2346 1039 2407 quum
1063 2322 1106 2387 ibi
1128 2324 1235 2386 fierent
1255 2324 1401 2386 sacrificia
1417 2331 1446 2386 et

441 2445 620 2522 certamina,
646 2468 742 2530 quum
765 2451 934 2510 certaretur
958 2442 1116 2519 curribus,
1141 2442 1284 2505 mulabus
1308 2451 1337 2505 et
1361 2445 1446 2527 equis

440 2562 654 2647 singularibus.
687 2562 828 2643 Quorum
851 2563 1131 2626 commemorationi
1155 2561 1355 2626 certaminum
1379 2561 1447 2625 reli-

439 2704 500 2765 qua
521 2685 686 2747 certamina
708 2682 820 2760 Poeta,
845 2684 871 2746 si
895 2682 1048 2760 voluerat,
1073 2680 1183 2745 addere
1207 2682 1365 2766 potuisset.

483 2799 521 2864 In
551 2800 654 2866 dativo
684 2801 809 2881 ἑορταῖς,
843 2801 989 2885 quicum
1014 2795 1243 2885 praepositione
1260 2802 1289 2863 ἐν
1312 2801 1444 2885 scriptus

438 2941 503 2983 esse
526 2927 659 3003 poterat,
685 2926 716 2983 et
736 2919 887 3004 significat
902 2918 1005 2982 locum
1022 2927 1057 2982 et
1067 2919 1343 3004 opportunitatem,
1361 2919 1443 3003 haucl

403 3024 407 3032 ⁵
437 3059 509 3100 sane
532 3036 693 3103 difficultas
717 3046 772 3101 est.
798 3037 902 3101 Dativi
926 3038 1089 3115 βουθυσίαις
1113 3047 1143 3101 et
1167 3038 1311 3114 ἁμίλλαις
1328 3061 1444 3123 aprae-

437 3154 587 3238 positione
618 3155 673 3219 ὑπὸ
704 3154 855 3240 pendent,
889 3180 967 3240 quae
999 3156 1151 3241 significat
1173 3158 1388 3222 sacrificiorum
1412 3166 1443 3222 et

436 3274 633 3338 certaminum
657 3296 725 3337 cum
750 3274 835 3338 festis
859 3276 1106 3366 conjunctionem
1129 3283 1159 3339 et
1181 3277 1267 3360 quasi
1289 3276 1442 3364 quendam

435 3392 520 3455 festis
543 3392 723 3477 adjunctum
746 3395 936 3458 comitatum.
962 3394 1010 3457 Sic
1033 3393 1089 3457 Ist.
1115 3392 1161 3456 VI
1185 3396 1226 3457 64

656 3515 761 3592 εὐχαῖς
785 3513 839 3576 ὑπὸ
861 3512 1025 3585 θεσπεσίαις
1048 3513 1196 3589 λίσσομαι.

434 3627 561 3693 Hesiod.
584 3627 668 3693 Sout.
693 3629 782 3700 Herc.
808 3632 871 3695 278
895 3696 897 3700 ,

565 3748 607 3812 rol
630 3749 683 3825 μὲν
707 3749 762 3812 ὑπὸ
785 3757 907 3829 λιγυρῶν
928 3751 1074 3831 συρίγγων
1096 3749 1176 3816 ἵεσαν
1200 3750 1287 3825 αὐδὴν
1309 3791 1353 3802 -

521 3867 553 3929 αἱ
575 3866 599 3929 δ’
622 3867 676 3931 ὑπὸ
698 3870 872 3949 Φορμίγγων
896 3867 1007 3947 ἄναγον
1029 3870 1113 3951 χορὸν
1136 3870 1304 3949 ἱμερθεντα·

519 3984 593 4061 ἔνθεν
616 3986 640 4049 δ’
663 3981 724 4050 αὖθ’
749 3989 864 4067 ἑτέρωθε
886 3986 938 4052 νέοι
961 3988 1092 4069 κώμαζον
1116 3990 1165 4053 ὑπ’
1189 3992 1296 4054 αὐλοῦ·

486 4166 489 4169 ,
516 4102 601 4181 ,τοίγε
624 4103 678 4179 μὲν
701 4102 739 4169 αὖ
763 4105 912 4186 παίζοντες
936 4107 985 4170 ὑπ’
1008 4108 1142 4187 ὀρχηθμῷ
1165 4109 1213 4171 καὶ
1236 4107 1331 4189 ἀοιδῇ,

519 4220 600 4295 ταίγε
622 4221 676 4296 μὲν
699 4220 737 4286 αθ
759 4224 917 4317 γενιθιννσες
941 4225 990 4287 ὑπ’
1012 4227 1150 4305 αὐλητῆρι
1173 4222 1303 4297 ἕκαστος.

432 4336 494 4400 Ubi
518 4336 654 4407 dativum
677 4350 707 4404 et
730 4344 898 4427 genitivum
919 4345 1121 4410 communiter
1136 4345 1270 4429 positum
1286 4347 1434 4411 videmus.

432 4454 515 4522 Plut.
548 4456 664 4543 Poplic.
697 4459 724 4522 X
757 4461 811 4526 ὑπὸ
841 4462 954 4545 ρ’θβθσιι
985 4464 1054 4541 ὁριαῦ
1085 4464 1197 4536 adacta
1227 4464 1276 4530 καὶ
1299 4466 1434 4530 πελέκεσι
