3767 5534
905 738 968 802 all

434 943 624 1008 difficultate.
670 941 730 1006 Sed
760 950 841 1006 reete
872 941 1036 1006 Dissanius
1067 941 1098 1004 h.
1131 941 1151 1005 l.
1176 941 1352 1005 νικώντεσσιν
1376 960 1444 1003 aum

436 1062 570 1142 άνδράσιν
594 1060 771 1146 conjungit,
794 1061 850 1143 qui
872 1059 996 1124 dativus
1019 1060 1133 1144 pendet
1154 1081 1171 1123 a
1194 1060 1336 1141 πέμπων,
1361 1056 1446 1121 etin

436 1179 598 1254 ἱλάσκομαι
621 1179 767 1263 intelligit
790 1178 913 1259 αὐτοὺς,
935 1177 1029 1264 idque
1045 1178 1214 1262 significare
1231 1176 1383 1241 existimat
1399 1195 1447 1237 ex·

435 1300 583 1377 hilarare,
607 1320 703 1383 quum
726 1298 818 1363 otiam
842 1294 923 1368 ἵλεως
948 1297 1099 1381 significet
1121 1296 1236 1374 laetus,
1262 1295 1347 1359 velut
1362 1294 1442 1364 Plat.

436 1418 539 1504 Symp.
573 1420 637 1480 206
668 1416 697 1481 D
729 1413 810 1481 ἵλεάν
840 1440 873 1481 τε
901 1415 951 1481 καὶ
975 1416 1195 1497 εὐφραινόμενον
1217 1449 1261 1464 -·-
1285 1414 1447 1493 σκυθρωπόν

435 1560 469 1601 τε
501 1536 551 1600 καὶ
581 1537 769 1607 λυπούμενον.
817 1533 925 1618 Ipsum
956 1532 1102 1597 Latium
1134 1528 1244 1598 nomeu
1276 1531 1385 1595 hilaris
1408 1531 1446 1595 ab

436 1650 495 1718 hoo
531 1652 648 1718 Graeco
683 1652 831 1717 vocabulo
866 1651 1033 1716 deductum
1068 1650 1199 1715 videtur.
1247 1651 1349 1735 Atque
1380 1650 1447 1734 ipsa

435 1772 564 1837 maxime
589 1772 700 1835 usitata
723 1771 905 1856 significatio
928 1770 1012 1845 verbi
1036 1770 1216 1849 ἱλάσκομαι,
1236 1769 1269 1832 in
1285 1767 1442 1852 placandis

434 1889 503 1953 Diis
527 1891 642 1973 posita,
667 1911 738 1953 oum
760 1888 934 1954 oblectandi
958 1887 1179 1973 significatione
1196 1888 1445 1973 conjunctissima

435 2014 498 2071 est:
530 2028 626 2090 quum
656 2007 788 2072 victimis
819 2008 906 2091 quasi
938 2007 1038 2091 epulis
1070 2006 1123 2070 Dii
1154 2005 1226 2069 olim
1258 2004 1444 2090 gauderent,

435 2124 520 2189 velut
542 2122 602 2188 Od.
626 2125 643 2187 I
667 2128 709 2187 26
734 2124 899 2211 Neptunus
923 2126 1006 2189 venit
1028 2123 1067 2188 ad
1090 2124 1259 2208 Aethiopes

567 2246 684 2309 άντιάιον
707 2246 817 2323 παύρων
840 2245 946 2309 τεκαὶ
969 2248 1082 2325 άρνειῶν
1106 2242 1292 2320 ἑκατόμβης·

571 2360 623 2426 ἔνθ’
645 2359 698 2439 ὅγε
720 2363 840 2443 τέρπετο
863 2364 938 2428 δαιτὶ
962 2365 1135 2441 παρήμενος.

437 2476 479 2541 Et
507 2478 545 2542 Il.
569 2479 586 2542 I
609 2483 674 2545 472
697 2482 869 2546 ἱλάσκεσθαι
893 2503 965 2545 oum
986 2482 1110 2559 μέλπειν
1134 2488 1164 2545 et
1186 2483 1299 2560 τέρπειν
1322 2481 1448 2564 conjun-

437 2595 538 2679 gitur:
562 2598 672 2664 Graeci
695 2600 804 2664 sedant
826 2600 902 2665 iram
925 2600 1098 2685 Apollinis:

592 2716 617 2780 οἱ
640 2717 669 2780 δὲ
692 2717 858 2797 πανημέριοι
882 2728 984 2799 μολπῇ
1008 2718 1066 2782 θεὸν
1089 2717 1260 2793 ἱλάσκοντο,

593 2835 754 2911 μέλποντες
777 2836 953 2914 Ἑκάεργον·
975 2837 988 2901 ὅ
1011 2837 1040 2901 δὲ
1063 2835 1156 2916 Φρένα
1178 2834 1292 2916 τέρπετ’
1314 2834 1433 2899 άιιοάιον.

435 2950 527 3015 Reate
559 2973 631 3035 ergo
654 2952 819 3017 scholiasta
841 2961 946 3017 vetus:
971 2954 1085 3034 ἱλαροὺς
1110 2954 1214 3025 αὐτοὺς
1238 2952 1288 3016 καὶ
1312 2952 1450 3031 εὐχαρίσ·

434 3092 500 3140 τονι
523 3070 668 3134 ἀποτελῶ.

483 3189 535 3251 lv.
570 3187 714 3273 Olympia
743 3199 774 3255 et
805 3191 918 3276 Pythia
945 3192 995 3256 hio
1017 3201 1182 3271 memorat,
1207 3195 1322 3279 quippe
1345 3195 1448 3259 alaris·

435 3304 529 3381 aima,
562 3306 739 3388 praesertim
770 3330 867 3392 quum
890 3309 1039 3394 Diagoras
1062 3310 1094 3373 in
1119 3311 1259 3396 utrisque
1282 3312 1379 3377 victor
1401 3313 1447 3375 f-

434 3423 525 3488 isset:
551 3426 589 3489 cf.
615 3426 656 3488 28
666 3468 676 3503 ,
703 3430 756 3491 31.

483 3543 534 3607 17.
569 3544 583 3606 ὁ
613 3542 639 3607 l’
670 3542 779 3621 ὄλβιοι,
809 3544 839 3611 ὃν
870 3553 987 3629 φάμαι.
1024 3549 1107 3615 Dioit
1137 3552 1212 3628 hoe,
1242 3573 1303 3617 non
1327 3560 1448 3618 tantum

433 3658 548 3741 ipsam,
576 3682 655 3745 quae
679 3684 715 3725 ex
738 3663 873 3727 victoriis
897 3672 1005 3749 sponte
1028 3668 1228 3747 nascebatur,
1253 3670 1446 3737 nobilitatem

432 3775 626 3857 significans,
650 3801 758 3843 verum
782 3780 872 3844 etiam
897 3782 936 3846 ad
952 3803 1079 3848 suorum
1094 3788 1259 3871 respiciens
1276 3791 1446 3854 carminum

433 3893 615 3958 suavitatem
638 3903 669 3958 et
692 3896 829 3979 gloriam.
867 3898 1011 3965 Ceterum
1036 3902 1178 3967 eximiam
1202 3906 1357 3971 attendere
1372 3906 1446 3972 licet

418 4009 657 4076 laudationem:
691 4022 841 4098 quantum
873 4018 955 4081 enim
987 4020 1027 4082 sit
1058 4022 1158 4085 vocari
1181 4022 1277 4099 ὄλβιον
1301 4032 1330 4088 et
1355 4047 1453 4109 quam,

434 4135 565 4211 praestet
587 4131 725 4211 εὐτυχεῖ,
751 4132 840 4197 docet
863 4133 958 4199 Solon
982 4137 1064 4221 apud
1089 4138 1203 4203 Herod.
1227 4139 1264 4204 L.
1289 4142 1307 4204 I
1330 4145 1384 4207 32.

480 4246 529 4307 19.
566 4248 653 4326 Χάρις
676 4247 844 4328 ζωθάλμιος.
880 4252 980 4317 Aliter
1003 4254 1151 4320 Horatius
1176 4260 1213 4322 Α.
1235 4258 1269 4321 Ρ.
1289 4262 1329 4323 69
1347 4262 1446 4344 gratia

434 4361 538 4439 vivax,
563 4364 583 4426 i.
609 4387 633 4428 e.
660 4375 807 4450 perpetuo
830 4369 953 4434 floreus.
990 4370 1071 4437 Nam
1095 4373 1152 4438 h'oo
1172 4375 1239 4439 loco
1256 4378 1445 4460 significatur

432 4478 554 4558 Gratia,
579 4504 658 4570 quae
680 4484 773 4550 vitam
797 4494 827 4550 et
850 4489 1001 4573 vigorem,
1029 4492 1109 4556 vitae
1132 4494 1266 4559 fructum
1283 4505 1314 4560 et
1329 4498 1442 4581 gaudia
