3767 5534
909 726 972 786 281

429 937 566 1013 thanes,
605 942 641 999 ut
678 940 831 997 testantur
868 928 1075 1005 Scholiastae,
1112 924 1163 988 sed
1201 925 1231 987 in
1264 922 1453 1007 reliquorum

431 1055 622 1120 nominibus
646 1054 738 1118 iidem
761 1075 824 1116 non
849 1050 1057 1116 consentiunt.

489 1176 562 1236 146.
598 1173 810 1251 αἱμακουρίαις.
843 1168 1012 1253 Gregorius
1037 1163 1217 1229 Corinthius
1238 1162 1275 1225 de
1292 1160 1364 1224 dial.
1383 1159 1457 1222 Dor.

434 1296 482 1358 27
521 1292 652 1377 explieat
685 1292 727 1356 τα
761 1296 817 1354 σῶν
851 1295 952 1370 νεκρῶν
986 1286 1180 1364 ἐναγίσματα
1212 1291 1243 1347 41
1276 1279 1458 1345 vocabulum

434 1412 573 1475 Doricae
607 1410 737 1474 dialecto
772 1408 926 1472 vindicat:
964 1404 1144 1469 Boeoticum
1181 1402 1274 1466 fuisse
1308 1400 1460 1465 affirmant

434 1529 649 1606 Scholiastae,
681 1537 711 1592 et
743 1528 883 1592 derivant
913 1527 1049 1591 01111σῦ
1073 1524 1248 1605 κσρένννσθαι
1272 1523 1328 1593 τὰς
1351 1520 1458 1600 ψνχόις

433 1647 578 1727 αἵματος.
626 1648 755 1713 Fiebant
786 1648 879 1712 etiam
910 1654 1010 1712 aetate
1042 1645 1211 1709 Pausaniae
1243 1665 1328 1707 sacra
1356 1663 1459 1705 annua

433 1769 567 1853 Pelopi,
591 1768 800 1833 immolatione
822 1768 903 1852 nigri
924 1766 1041 1830 arietis:
1066 1765 1157 1828 Paus.
1174 1762 1211 1827 L.
1228 1762 1257 1824 V
1275 1761 1309 1826 0.
1327 1761 1410 1825 XIII
1427 1761 1457 1824 3.

491 1891 564 1954 147.
599 1891 759 1967 ἀγλααῖσι.
796 1885 887 1951 Nem.
912 1886 959 1949 IV
984 1888 1025 1950 33
1049 1883 1168 1961 ἀγλαὸν
1190 1882 1315 1961 τύμβον.

489 2011 562 2074 147.
601 2008 754 2086 μέμικται.
794 2006 942 2070 Similiter
978 2004 1056 2069 Isth.
1093 2003 1128 2067 II
1163 2006 1205 2066 43
1239 2001 1395 2073 αθανιὶσσις
1430 2003 1459 2065 ἕν

433 2136 543 2207 τιμαῖς
574 2128 702 2209 ἔμιχθεν.
758 2127 899 2191 Affirmat
929 2125 1098 2190 Pausanias
1109 2174 1118 2202 ‚
1150 2122 1187 2188 L.
1211 2122 1240 2184 V
1271 2121 1306 2186 O.
1331 2120 1414 2185 XIII
1444 2124 1456 2183 l

435 2249 585 2333 Pelopem
621 2247 782 2333 Olympiae
820 2247 864 2311 114
900 2269 994 2331 supra
1028 2245 1136 2309 heroas
1173 2243 1306 2327 reliquos
1341 2241 1459 2306 cultum

437 2368 537 2432 fuisse
560 2376 595 2431 ut
617 2367 726 2431 Jovem
750 2389 843 2452 supra
865 2366 1002 2450 reliquos
1027 2365 1118 2429 Deos.

491 2491 563 2551 148.
596 2488 711 2558 κλιθείς.
745 2485 906 2551 Accubans
932 2485 970 2549 ad
996 2484 1110 2569 Alphei
1133 2483 1277 2561 fiuvium,
1299 2483 1390 2568 juxta
1410 2480 1460 2544 hl·

440 2608 557 2692 pheum
582 2606 710 2691 positus.
743 2604 835 2669 Hom.
861 2604 899 2668 Il.
921 2603 950 2665 V
977 2606 1038 2669 709
1061 2604 1149 2684 λίμνῃ
1167 2602 1333 2679 κεκλιμένος
1349 2605 1460 2680 ΚκΦισ·

440 2726 515 2809 σι3ι,
547 2725 689 2790 habitans
720 2747 814 2810 prope
838 2725 941 2788 lacum
966 2723 1167 2808 Cephissum:
1192 2719 1252 2785 XV
1278 2723 1340 2787 740
1365 2720 1460 2800 πόντῳ

439 2846 620 2928 κεκλιμένοι,
645 2845 722 2910 mari
746 2844 894 2930 proximi,
920 2850 957 2907 ut
981 2843 1060 2907 nihil
1084 2843 1215 2906 intersit.

489 2968 562 3029 149.
597 2965 722 3044 τύμβον.
759 2964 796 3029 In
829 2965 955 3029 scholiis
990 2964 1144 3028 veteribus
1170 2963 1343 3046 ἀμφίπολον
1366 2961 1461 3047 expli-

439 3090 530 3149 catur
552 3085 585 3148 in
608 3084 683 3149 urbe
699 3084 816 3163 media,
840 3084 885 3149 ibi
901 3084 982 3148 enim
999 3084 1093 3148 fuisse
1110 3083 1250 3169 sepulcra
1265 3082 1458 3146 conditorum

440 3204 583 3268 urbium:
617 3204 664 3268 vel
695 3203 778 3290 quod
810 3226 828 3268 a
859 3202 1049 3268 certantibus
1082 3202 1266 3280 ambiretur,
1298 3202 1331 3265 in
1359 3201 1459 3266 stadio

441 3323 524 3388 enim
547 3324 659 3388 luisse:
685 3324 733 3388 vel
757 3324 830 3388 orbe
853 3324 892 3389 ab
916 3324 1000 3388 omni
1025 3330 1112 3410 parte
1136 3322 1174 3387 ad
1190 3322 1269 3387 illud
1285 3323 1459 3406 frequentes

441 3444 619 3509 accessisse:
653 3452 683 3507 41
714 3443 793 3507 hanc
825 3443 947 3528 quidem
979 3443 1212 3529 explicationem
1236 3443 1327 3507 etiam
1351 3442 1460 3507 Eusta-

441 3564 528 3629 thius
552 3562 761 3642 commendat,
787 3563 825 3627 ad
849 3562 909 3628 Od.
934 3563 951 3626 I
979 3566 1051 3629 136.
1094 3564 1236 3645 Ἀρχαῖσν
1259 3567 1347 3642 σῖιμα
1370 3562 1459 3629 Πέλο-

441 3683 818 3754 σισς11411014141411411
843 3682 894 3747 Ol.
920 3683 949 3746 X
975 3686 1028 3747 30.
1080 3684 1109 3747 Α
1132 3683 1285 3747 Ρ4444114
1307 3682 1343 3746 L.
1369 3682 1398 3744 V
1422 3682 1456 3748 C.

441 3800 526 3865 ΧΙΠ
556 3809 743 3866 memoratur
773 3802 862 3867 lucus
893 3803 925 3866 in
951 3802 1017 3867 Alti
1044 3803 1238 3880 aelianum,
1263 3802 1379 3881 τέμενος
1405 3802 1459 3865 Ρ4-

440 3922 535 4006 lopis,
560 3921 721 4004 Πελόπιον,
746 3921 866 4006 lapideo
886 3921 984 4000 14110,
1010 3923 1126 3987 habens
1142 3922 1263 3987 arbores
1280 3930 1310 3987 et
1326 3929 1457 4001 statuas,

441 4039 524 4124 quod
541 4038 691 4104 Hercules
705 4039 865 4105 dicebatur
877 4062 1083 4106 consecrasse:
1100 4042 1243 4127 idemque
1256 4065 1341 4106 sacra
1352 4042 1458 4107 fecisse

441 4160 604 4225 dicebatur
626 4161 658 4225 in
683 4161 819 4226 scrobem
844 4162 970 4248 Pelopi,
996 4164 1025 4236 ἐς
1051 4164 1099 4228 τὸν
1122 4163 1236 4243 βόθρσνε
1262 4170 1400 4228 4144414
1423 4185 1459 4227 44

442 4280 535 4344 etiam
560 4303 616 4344 sua
640 4287 739 4345 441414
763 4281 975 4366 permansisse.
1015 4283 1062 4347 De
1085 4283 1205 4347 ossibus
1230 4284 1322 4347 etiam
1337 4283 1458 4371 Pelopis

443 4398 559 4464 ibidem
582 4401 698 4465 mentio
722 4409 778 4465 est.
815 4403 909 4465 Aram
933 4425 1004 4466 vero
1022 4401 1108 4467 Jovis
1124 4402 1260 4489 Olympii
1276 4404 1368 4467 luisse
1384 4404 1459 4467 dicit

443 4526 515 4583 ante
538 4518 710 4607 Pelopium.
758 4519 873 4586 Verum
897 4523 1010 4588 tumuli
1034 4522 1158 4611 quidem
1182 4545 1244 4590 non
1267 4524 1382 4590 mentio
1402 4531 1457 4589 est.
