3767 5534
990 710 1053 770 562

518 909 545 972 ll
576 909 740 973 serioribus
772 907 870 994 poetis
894 908 1032 993 exempla
1055 908 1231 972 Gratiarum
1255 906 1529 972 Orchomeniarum

516 1028 694 1091 memoriam
725 1026 870 1091 testantia
901 1025 988 1090 affert
1018 1025 1103 1090 haud
1134 1048 1231 1111 pauca
1261 1025 1414 1102 Tafelins,
1443 1025 1531 1088 velut

518 1146 670 1209 Stratonis
693 1146 726 1210 in
749 1145 878 1209 Anthol.
902 1143 1000 1208 Palat.
1025 1144 1092 1209 XII
1118 1146 1178 1208 181

897 1265 934 1334 er
957 1262 1070 1340 οίγοοίοοί
1094 1263 1148 1342 μὲν

643 1382 675 1445 ai
698 1379 837 1461 Χοίροπες,
861 1380 975 1460 προοοοοί
999 1380 1023 1443 δ’
1045 1380 1099 1445 eici
1123 1382 1193 1445 κοτ’
1216 1380 1400 1460 Ὀρχομενόν.

562 1502 593 1563 2.
628 1498 825 1564 καλλίπωλον.
861 1497 974 1562 Thebis
1005 1498 1078 1561 olim
1109 1498 1270 1563 interfecto
1301 1479 1449 1583 Clymeno
1473 1496 1531 1561 Or·

517 1618 694 1695 chomenio,
716 1618 799 1681 filius
815 1616 955 1702 Clymeni
970 1617 1105 1702 Erginus
1121 1618 1274 1683 Thebanis
1290 1618 1406 1684 bellum
1423 1618 1530 1682 intulit

518 1744 549 1799 et
573 1737 661 1806 victis
685 1735 814 1819 vectigal
836 1736 1003 1818 imposuit,
1028 1758 1090 1821 quo
1113 1743 1220 1820 postea
1243 1736 1280 1800 ab
1304 1736 1438 1801 Hercule
1457 1736 1532 1801 libe·

518 1854 577 1918 rati
601 1860 692 1917 sunt:
718 1853 801 1937 quod
824 1860 950 1918 narrant
972 1853 1139 1918 Pausanias
1158 1853 1195 1918 L.
1215 1853 1264 1918 IX
1280 1852 1315 1917 Ο.
1332 1852 1492 1917 XXXVII
1510 1857 1530 1916 2

521 1979 552 2036 et
583 1952 748 2035 scholiasta
778 1972 816 2035 ad
848 1970 1047 2036 Theocritum
1078 1971 1156 2036 XVI
1180 1975 1257 2059 ¹104.
1303 1972 1441 2057 Attingit
1464 1995 1530 2036 eam

517 2112 581 2153 rem
616 2089 781 2153 scholiasta
810 2096 897 2152 vetus
929 2089 967 2152 ad
1001 2090 1084 2154 hunc
1115 2088 1240 2154 Pindari
1271 2090 1391 2168 locum,
1423 2112 1530 2154 verum

517 2207 666 2292 Erginum
692 2207 767 2271 dicit
790 2229 869 2290 equo
892 2207 1019 2286 vicisse,
1035 2215 1075 2301 'et
1098 2207 1170 2272 inde
1194 2208 1252 2271 hoo
1268 2206 1455 2271 Orchomeni
1470 2207 1532 2291 epi·

516 2326 625 2389 theton
656 2324 776 2408 repetit.
823 2322 909 2403 Quid
941 2324 1000 2389 sibi
1031 2324 1084 2388 ille
1111 2347 1208 2408 equus
1231 2324 1340 2409 Ergini
1365 2324 1456 2403 velit,
1481 2326 1531 2388 vix

516 2442 674 2527 intelligo:
711 2442 763 2506 sed
799 2442 824 2505 si
855 2442 1077 2526 intelligerem,
1108 2464 1170 2505 non
1202 2442 1369 2519 crederem,
1404 2440 1529 2505 Poetam

517 2558 697 2623 Thebanum
726 2560 759 2622 in
782 2557 990 2623 Orchomenio
1014 2560 1127 2623 victore
1151 2559 1286 2623 canendo
1310 2560 1420 2623 veteris
1445 2581 1531 2623 reno·

518 2698 604 2740 vasse
640 2674 826 2740 Orchomeni
860 2699 896 2740 ac
929 2675 1104 2739 Thebarum
1139 2676 1309 2740 discordiae
1342 2677 1529 2741 memoriam.

518 2795 725 2880 Appellantur
748 2802 850 2858 autem
871 2793 1070 2859 Orchomenii
1085 2793 1248 2870 πλήξιπποι
1264 2795 1297 2858 in
1313 2795 1531 2880 epigrammate

518 2914 600 2997 apud
624 2912 807 2977 Pausaniam
829 2913 866 2977 L.
890 2912 939 2976 IX
963 2912 998 2977 Ο.
1016 2911 1193 2977 XXXVIII
1209 2916 1245 2991 3,
1263 2920 1293 2977 et
1307 2914 1392 2999 ipsae
1407 2913 1530 2978 Thebae

518 3031 600 3114 apud
634 3041 773 3095 nostrum
808 3029 859 3096 Ol.
887 3030 935 3095 VI
969 3034 1048 3096 145:
1082 3053 1143 3116 quo
1174 3031 1311 3115 epitheto
1342 3032 1532 3117 significatur

517 3148 584 3213 laus
619 3148 737 3213 bellica.
784 3148 844 3213 Sed
878 3135 1067 3214 κολλίπωλοο
1102 3149 1161 3212 hoc
1195 3148 1263 3215 loco
1298 3149 1359 3213 dici
1390 3151 1531 3215 existimo

518 3265 747 3331 Orchomenum
769 3275 893 3350 propter
916 3288 1100 3351 pascuorum
1124 3268 1349 3351 praestantiam.

563 3387 594 3448 3.
630 3388 769 3466 λιπαροῖς.
815 3383 942 3468 Propria
986 3383 1168 3467 significatio
1208 3384 1329 3448 videtur
1362 3406 1428 3449 esse
1441 3431 1449 3452 -.
1464 3387 1531 3471 ejus

518 3502 732 3587 pinguedinis,
765 3523 843 3586 quae
875 3502 963 3585 quasi
992 3509 1038 3566 est
1068 3502 1137 3567 olei.
1185 3501 1230 3566 Ut
1253 3503 1336 3587 apud
1360 3491 1531 3569 Homerum

517 3622 582 3686 λίπ’
605 3620 712 3700 ε’λοοίῳ,
743 3618 783 3684 Il.
807 3618 836 3681 X
862 3621 924 3685 577
951 3626 982 3684 et
1005 3634 1104 3704 saepe.
1151 3620 1210 3685 Sed
1234 3641 1304 3685 cum
1327 3620 1382 3685 illa
1404 3622 1533 3707 pingue·

520 3740 592 3805 dine
621 3740 705 3804 nitor
734 3745 781 3803 est
812 3739 1006 3823 conjunctus.
1052 3738 1172 3804 Idcirco
1199 3738 1314 3804 bestiae
1336 3740 1473 3805 valentes
1496 3763 1532 3805 eo

520 3857 657 3941 epitheto
689 3855 884 3942 appellantur
914 3855 998 3940 apud
1028 3855 1283 3941 Xenophontem,
1315 3855 1426 3942 Cyrop.
1454 3856 1533 3923 LI

521 3971 557 4038 (ί.
580 3972 636 4043 Π
654 3975 713 4051 11,
738 3979 768 4037 et
791 3973 875 4037 canis
897 3981 1059 4058 perpastus
1082 3975 1178 4039 nitere
1202 3974 1316 4039 dicitur
1339 3975 1422 4059 apud
1437 3974 1535 4040 Phae·
1567 4021 1569 4026 -

522 4090 611 4155 drum
634 4089 673 4153 L.
696 4088 750 4153 III
772 4089 846 4155 I'ab.
869 4090 935 4154 VII
959 4094 1000 4170 4,
1031 4114 1087 4155 uec
1111 4091 1301 4158 dissimiliter
1323 4091 1472 4157 Horatius
1495 4094 1534 4158 de

522 4229 554 4271 se
577 4205 701 4302 ipsenL.
726 4206 743 4269 I
766 4206 824 4293 Ep.
848 4206 895 4271 IV
921 4210 961 4271 15

565 4324 618 4388 Me
640 4323 786 4409 pinguem
809 4333 841 4389 et
861 4324 992 4389 nitidum
1018 4325 1095 4389 bene
1118 4332 1223 4394 curata
1245 4333 1332 4390 cute:

520 4441 666 4508 subtilius
692 4464 763 4507 vero
793 4441 829 4507 L.
861 4442 896 4506 Π
926 4440 987 4506 Od.
1019 4441 1085 4506 XII
1117 4445 1155 4505 19
1180 4442 1314 4527 appellat
1336 4442 1449 4508 nitidas
1472 4445 1530 4509 vir·
