3767 5534
788 1012 974 1077 CAPUT
1013 1014 1039 1079 Ι.

823 1241 870 1282 ΒΕ
903 1241 990 1285 DIIS.

870 1485 940 1567 si.

606 1692 654 1754 De
669 1691 795 1771 proprio
818 1692 947 1754 Pindari
969 1693 1067 1755 studio
1090 1692 1210 1755 meliora

769 1812 805 1873 de
826 1809 897 1872 Diis
919 1810 1044 1874 dicendi.

442 2046 587 2110 Humana
614 2047 785 2130 antiquitus
810 2046 842 2109 in
867 2044 996 2110 Graecia
1019 2052 1127 2131 politae
1151 2045 1189 2108 ad
1212 2045 1295 2109 Deos
1319 2051 1417 2108 trans-

394 2164 546 2229 tulerunt.
593 2165 767 2229 Potentiam
799 2164 861 2228 illis
891 2166 1038 2250 majorem
1067 2172 1097 2228 et
1127 2164 1291 2249 imperium
1313 2164 1346 2225 in
1368 2184 1416 2225 res

393 2282 573 2348 mortalium
605 2283 799 2362 tribuebant,
824 2283 961 2347 moribus
985 2306 1056 2347 vero
1081 2291 1112 2347 et
1135 2284 1236 2347 animo
1259 2280 1417 2364 haudque-

394 2423 489 2485 quam
507 2424 558 2465 eos
573 2402 751 2467 hominibus
768 2402 908 2466 meliores
926 2425 991 2465 esse
1007 2403 1172 2466 finxerunt.
1197 2400 1280 2464 Hine
1293 2400 1415 2485 jurgia,

394 2522 477 2598 irae,
510 2521 674 2599 maleficia,
707 2522 778 2586 odie
801 2522 938 2587 Deorum
963 2523 1156 2587 exstiterunt.
1204 2521 1320 2585 Verum
1344 2519 1415 2583 Pin·

393 2639 488 2703 darus
511 2662 573 2704 non
597 2648 721 2705 secutus
745 2650 791 2706 est
813 2643 959 2706 traditam
983 2666 1000 2705 a
1021 2642 1175 2728 prioribus
1191 2641 1360 2717 rationem,
1377 2650 1415 2703 ut

392 2760 508 2845 pariter
529 2783 622 2846 prava
645 2783 785 2845 quaeque
808 2762 846 2825 de
870 2761 938 2825 Diis
961 2785 1084 2827 narrare
1107 2761 1243 2825 auderet.
1274 2759 1413 2836 Pudore,

392 2879 595 2957 verecundia,
620 2880 733 2965 pietate
756 2881 925 2965 perductus
949 2888 995 2945 est
1019 2880 1056 2944 ad
1081 2880 1220 2945 studium
1244 2878 1414 2949 sententiae

393 2998 548 3076 melioris;
573 3022 644 3063 nam
667 3000 700 3063 in
723 3000 800 3077 hae,
826 3022 888 3083 qua
914 3022 1040 3078 sumus,
1065 3001 1184 3084 generis
1208 2998 1337 3062 humani
1360 2997 1415 3060 im·

395 3117 563 3182 becillitate
594 3141 658 3182 rem
689 3120 814 3182 omnino
845 3119 973 3183 arduam
1005 3143 1070 3183 esse
1098 3118 1257 3204 judicabat
1284 3117 1322 3181 de
1345 3116 1414 3180 Diis

395 3236 511 3314 dicere,
547 3259 643 3321 quum
677 3239 855 3323 praesertim
887 3238 935 3301 illi
967 3239 1080 3302 fastum
1112 3247 1143 3302 et
1174 3237 1345 3322 superbiam
1379 3258 1414 3299 ao

396 3356 599 3420 temeritatem
622 3356 782 3421 hominum
805 3379 869 3421 non
893 3357 1017 3421 ferrent.
1064 3357 1168 3441 Ipsius
1192 3356 1315 3441 quidem
1340 3356 1414 3419 haec
1518 3346 1521 3359 ’

395 3474 489 3538 verbe
512 3482 601 3539 sunt:

683 3596 772 3659 Ἔστι
796 3594 820 3658 δ’
844 3595 921 3674 ἀνδρὶ
945 3593 1049 3675 φάμεν

684 3714 771 3784 ἐοικὸς
793 3713 877 3794 ἀμφὶ
901 3713 1041 3790 δαιμόνων
1062 3737 1114 3777 aa·

686 3831 738 3895 tol·
762 3832 850 3902 μείων
873 3832 932 3911 γὰρ
957 3832 1041 3897 atria
1054 3831 1087 3914 ¹).

394 3951 486 4013 Decet
508 3950 649 4013 homiaem
672 3951 766 4014 dicere
788 3953 823 4014 de
845 3951 918 4014 Diis
933 3952 1062 4032 palma:
1085 3949 1128 4013 eie
1146 3949 1241 4011 minor
1256 3949 1343 4029 nullm
1359 3954 1411 4010 eet.

395 4068 519 4149 Quibus
552 4069 656 4152 paucis
683 4068 783 4132 verbis
808 4070 960 4133 sententia
984 4070 1049 4155 ejus
1073 4068 1188 4153 optime
1211 4066 1412 4151 intelligitur:

394 4210 464 4251 nam
497 4209 594 4271 quum
623 4187 723 4265 dieat,
749 4188 792 4250 sio
814 4188 965 4251 minorem
988 4187 1112 4273 culpam
1136 4209 1218 4263 esse,
1244 4185 1412 4269 signifieat,

394 4313 497 4370 tamen
528 4306 616 4369 facile
647 4328 712 4370 esse
744 4305 889 4392 peccandi
918 4306 1020 4370 locum
1045 4312 1076 4370 et
1099 4327 1199 4370 errore
1223 4304 1346 4389 culpam
1369 4303 1414 4367 in·

431 4507 454 4566 l>
473 4508 510 4557 Ol.
529 4508 552 4557 Ῑ.
570 4508 610 4556 55,
