3767 5534
907 742 971 802 409

435 946 517 1020 551,
542 943 602 1009 od.
625 944 673 1007 IV
698 948 757 1022 66,
784 946 857 1008 525.
905 943 987 1028 Ergo
1010 942 1070 1006 ἀπὸ
1092 941 1205 1020 χειρὲς,
1232 958 1329 1022 quum
1352 933 1450 1018 adjec-

434 1062 533 1125 tivum
562 1063 707 1139 α’Φνειαῖς,
739 1061 777 1124 de
808 1082 870 1146 quo
902 1060 994 1124 modo
1022 1057 1244 1143 explicuimus,
1269 1053 1447 1138 adjunctum

435 1178 564 1256 habeat,
588 1178 714 1243 minime
736 1179 870 1242 otiosum
895 1185 951 1241 eat.

479 1297 510 1359 3.
546 1294 759 1375 καχλάζοισαν.
796 1295 907 1359 Aeseh.
932 1294 962 1359 S.
988 1317 1013 1358 c.
1032 1294 1089 1357 Th.
1109 1295 1172 1356 116
1188 1297 1271 1366 κῦμα
1286 1281 1472 1368 accenditis

435 1411 483 1476 cf.
508 1412 558 1476 01.
584 1412 632 1477 IX
655 1415 674 1483 3
698 1414 804 1498 ibique
828 1413 987 1477 annotatio
1010 1418 1124 1476 nostra.

480 1534 512 1594 4.
546 1530 710 1610 δωρήσεται.
747 1530 862 1595 Similis
885 1530 982 1595 futuri
1006 1551 1082 1592 usos
1106 1534 1152 1592 est
1174 1527 1205 1590 in
1222 1522 1447 1608 comparatione

436 1647 711 1713 Hom.1].vao

478 1767 539 1831 οὔτ’
563 1766 622 1847 ἄρα
647 1766 733 1847 ἕρκεα
754 1766 835 1847 ἴσχει
857 1765 980 1831 αλωοὶων
1003 1764 1147 1845 ἐριθηλέων

479 1884 588 1949 ἐλθόντ’
610 1883 747 1961 ἐξαπίνης
772 1885 950 1969 (ποταμὸν),
974 1881 1015 1949 ὅτ’
1040 1882 1181 1963 ε’πιβρίσει
1205 1880 1272 1951 Διὸς
1294 1877 1411 1958 ὄμβρος.

401 1975 405 1980 ’
437 2003 499 2064 161

567 2122 603 2193 ὡς
627 2120 657 2184 δὲ
679 2120 750 2185 λε’ων
773 2122 802 2185 ἐν
824 2120 908 2197 βουσὶ
934 2122 1015 2200 θορὼν
1038 2119 1072 2196 ἐξ
1094 2118 1211 2199 αὐχένα
1231 2115 1295 2192 ἄξει

566 2238 678 2315 πόρτιος
702 2239 733 2314 ἠὲ
757 2238 836 2316 βοός.

480 2356 509 2418 5.
544 2356 694 2435 προπίνων.
729 2356 865 2422 Verbum
882 2357 940 2420 hoe
956 2357 1047 2420 etiam
1063 2355 1102 2420 de
1118 2354 1283 2419 donatione
1299 2352 1442 2436 ponitur,

433 2478 464 2534 et
494 2472 542 2535 vel
572 2472 610 2535 de
641 2474 832 2557 proditione,
865 2475 950 2539 velut
980 2474 1088 2559 Eurip.
1119 2473 1211 2536 Rhea
1240 2473 1304 2534 402
1329 2469 1445 2532 Hector

434 2589 537 2655 Rheso
560 2614 661 2656 serum
685 2593 850 2658 adventum
874 2594 1076 2679 exprobrans:
1229 2571 1232 2578 ¹

608 2710 751 2785 Ἕλλησιν
776 2715 855 2787 ἡμᾶς
879 2712 1015 2791 προῦπιες
1039 2712 1072 2776 τὸ
1095 2711 1143 2775 τὸν
1166 2710 1259 2789 μέρος.

434 2825 471 2889 In
496 2826 620 2891 scholiis
643 2828 796 2893 veteribus
820 2830 982 2914 explicatio
1007 2838 1062 2899 est
1075 2828 1263 2909 χαρίζεσθαι,
1288 2825 1443 2905 δωρεῖσθαι.

434 2940 550 3008 Verum
577 2946 700 3029 propria
723 2947 908 3031 propinandi
932 2947 1116 3031 significatio
1140 2970 1157 3009 a
1181 2944 1326 3009 Cicerone
1350 2941 1446 3025 expri-

433 3061 528 3124 mitur
556 3061 647 3127 Tosc.
680 3063 781 3128 140:
806 3065 916 3129 Graeci
939 3066 1020 3129 enim
1043 3065 1076 3128 in
1100 3063 1246 3127 conviviis
1270 3060 1371 3124 solent
1392 3080 1445 3121 no-

433 3180 567 3257 minare,
591 3181 642 3245 cui
658 3182 804 3265 poculum
819 3183 964 3248 tradituri
980 3184 1051 3247 sint.
1088 3183 1127 3246 In
1142 3178 1326 3267 propinandi
1342 3184 1443 3241 autem

434 3297 526 3361 simul
549 3305 580 3361 et
603 3299 738 3364 donandi
762 3301 984 3386 significatione
1006 3300 1065 3365 hoc
1089 3299 1179 3364 verbo
1203 3299 1303 3362 utitur
1320 3296 1446 3358 Demos-

435 3415 543 3480 thenes
566 3417 605 3482 de
627 3418 704 3482 falsa
718 3419 810 3503 legat.
828 3423 906 3483 384:
924 3420 974 3483 καὶ
990 3424 1133 3484 τελευτῶν
1148 3417 1313 3494 ἐκπώματα
1329 3414 1444 3493 ιὶρννρῖι

436 3535 485 3598 καὶ
503 3541 602 3616 χρντέι
618 3537 768 3617 προῦπινεν
784 3541 896 3610 αὐτοῖςι
913 3539 1078 3623 Philippos
1093 3537 1308 3602 Thebanorum
1325 3532 1443 3617 legatis.

436 3651 498 3715 Ubi
533 3654 625 3717 etiam
656 3654 850 3720 donationem
883 3658 1046 3742 significari
1077 3664 1217 3740 apertum
1248 3661 1294 3716 est
1326 3673 1362 3714 ex
1389 3649 1444 3725 iis,

436 3791 514 3853 quae
545 3793 635 3856 porro
667 3774 870 3859 adjiciuntur:
902 3776 972 3840 ilios
1003 3799 1038 3840 ea
1066 3775 1259 3860 repudiasse,
1291 3779 1322 3835 et
1348 3790 1445 3832 unum

437 3887 566 3952 dixisse:
598 3892 680 3956 αὐτοὶ
711 3894 765 3968 μὲν
787 3891 833 3958 οὖν
857 3895 1000 3974 ὑπάρχειν
1023 3896 1101 3973 αὐτῷ
1124 3893 1205 3975 φίλων
1228 3892 1277 3955 καὶ
1300 3888 1371 3965 ξένοι
1394 3888 1443 3951 καὶ

436 4002 504 4069 ἄνευ
527 4012 583 4071 τῶν
606 4008 694 4087 δώρων
716 4009 833 4075 τούτων.
869 4009 978 4073 Posset
1001 4033 1073 4094 ergo
1097 4010 1146 4073 hic
1170 4007 1252 4093 apud
1275 4005 1443 4070 Pindarum

435 4120 516 4184 idem
548 4124 734 4207 significare:
764 4149 869 4190 verum
893 4149 990 4212 quum
1015 4127 1141 4190 donatio
1162 4127 1225 4211 jam
1249 4123 1340 4188 verbo
1363 4122 1446 4199 δωρή-

437 4263 521 4305 σεται
548 4243 752 4327 significetur,
777 4247 900 4330 propria
923 4245 1107 4336 propinandi
1130 4244 1313 4329 significatio
1336 4242 1380 4306 ita
1402 4263 1446 4304 re·

435 4357 563 4423 tinenda
585 4370 648 4439 est,
673 4371 849 4441 attamen,
874 4386 971 4447 quom
996 4364 1177 4429 alterutrum
1200 4363 1303 4427 abesse
1324 4365 1443 4444 posset,

435 4477 588 4559 praeclara
611 4482 756 4545 orationis
781 4482 970 4547 abundantio
993 4482 1180 4547 attendatur.
