3767 5534
475 450 619 530 datianam
646 450 764 530 ἥμενος,
794 460 825 515 ct
850 451 955 537 Eurip.
980 450 1088 536 Suppl.
1117 454 1177 516 757
1205 451 1273 532 πρὸς
1297 453 1460 533 Κιθαιρῶνος

472 580 590 653 τνρριιῑς.
636 570 723 647 Πτύξ
757 581 857 635 autem
895 571 932 636 de
969 580 1051 635 vesta
1087 571 1216 649 dicitnr,
1254 571 1337 636 velut
1368 571 1459 636 Hom.

471 690 570 775 {ymm
607 692 648 754 in·
674 689 814 755 Cererem
851 693 910 755 176
941 692 1031 756 ἑανῶν
1061 690 1184 772 πτύχας
1215 690 1399 769 ἱμεροέντων,
1431 699 1461 753 et

472 809 553 894 arip.
585 808 694 894 Suppl.
722 812 785 874 979
811 811 932 875 πέπλων
955 812 1023 884 πρὸς
1046 810 1151 889 στέρνῳ
1173 808 1293 888 πτύχα.
1340 807 1460 888 Quodsi

468 928 562 992 milla
591 928 687 992 altera
718 928 941 1013 significatione
967 929 1041 992 haec
1065 928 1127 992 duo
1151 928 1300 992 vocabula
1323 928 1404 991 inter
1427 951 1460 992 ae

467 1055 678 1125 ermutantun,
710 1047 790 1112 idem
822 1048 886 1112 fieri
915 1048 1004 1111 facile
1034 1047 1156 1128 videtur
1180 1048 1209 1111 in
1235 1048 1460 1132 significatione

466 1169 545 1231 eatis.
581 1167 697 1231 Similis
718 1168 951 1251 significationis
972 1168 1100 1232 variatas
1122 1175 1168 1230 cst
1183 1168 1216 1232 in
1233 1167 1345 1232 latino
1362 1168 1457 1232 sinus.

464 1295 552 1371 itque
572 1286 643 1351 hoc.
657 1286 734 1351 loco.
747 1287 835 1371 quani
860 1287 897 1351 de
918 1286 1053 1351 vestibus
1066 1287 1169 1351 -Poeta
1193 1286 1293 1351 dicere
1318 1288 1457 1364 videtur,

463 1429 514 1470 um
538 1406 650 1490 quibus
675 1415 829 1491 comparat
852 1407 1003 1484 carmina,
1029 1406 1142 1491 quibus
1166 1415 1255 1471 ornat
1275 1407 1455 1485 Hieronem,

460 1524 701 1609 ‚uemadmodum
738 1549 770 1589 vs
808 1528 868 1588 lca
905 1549 940 1590 ea
974 1548 1043 1590 cum
1079 1548 1191 1590 corona
1221 1536 1458 1611 comparaverat.

459 1656 560 1729 iptum
581 1644 674 1709 etiam
697 1644 772 1709 huic
790 1645 1007 1729 significationi
1023 1652 1070 1709 est
1088 1645 1213 1710 verbum
1229 1646 1458 1725 δαιδαλωσέμεν.

491 1765 565 1828 171.
604 1764 676 1835 Θεὸς
706 1763 867 1843 ἐπίτροπος.
909 1764 1039 1828 Dativus
1070 1764 1182 1849 objecti
1214 1765 1246 1828 in
1277 1764 1369 1829 verbo
1403 1767 1459 1844 μή·

456 1906 528 1959 ομοιι
564 1884 630 1948 sine
665 1883 804 1968 exemplo
840 1891 903 1960 est,
941 1892 1091 1968 quantum
1128 1885 1209 1947 novi.
1257 1884 1390 1963 Verum,
1424 1894 1459 1950 nt

453 2001 590 2079 arbitror,
623 2010 718 2067 τεαῖσι
749 2004 931 2084 μερίμναισιν
961 2004 1161 2087 conjunctum
1186 2012 1232 2067 est
1255 2027 1324 2068 cum
1350 2005 1459 2085 ἐπίτρο-

452 2144 495 2192 πος
525 2122 593 2186 iola:
626 2121 766 2184 similiter
797 2120 887 2185 Nem.
920 2121 973 2184 Ill
998 2124 1038 2184 62
1069 2122 1147 2198 Ἰόλα
1172 2121 1371 2203 παραστάτας
1395 2124 1456 2189 aaa.

449 2237 481 2301 [n
505 2239 628 2315 μήδεται
652 2239 836 2325 intelligitur
859 2243 970 2322 αὐτῶν,
992 2240 1109 2305 scilicet
1124 2248 1275 2321 μεριμνῶν.
1308 2243 1456 2319 Μερίμναι

447 2356 589 2421 Hieronis
620 2359 833 2443 significantur
863 2383 955 2423 curae
987 2360 1205 2424 certaminum:
1239 2360 1384 2424 laudatur
1408 2362 1458 2425 hic

445 2476 502 2541 Dei
524 2477 680 2541 auxilium
697 2478 730 2541 in
754 2478 826 2542 data
849 2486 1008 2563 praesente
1031 2478 1173 2556 victoria,
1199 2479 1458 2563 quemadmodum

442 2617 530 2673 mox,
554 2597 578 2661 d
601 2596 631 2660 a
653 2598 695 2675 μὶρ
717 2597 803 2677 ταχὺ
826 2598 923 2673 λίποι,
950 2605 1077 2682 rogatur
1100 2600 1131 2661 in
1157 2597 1258 2662 danda
1282 2598 1397 2663 futura.

491 2717 562 2781 175.
598 2714 640 2781 ἔτι
673 2715 867 2797 γλυκυτέραν.
918 2716 973 2780 Via
1001 2739 1176 2781 sermonum
1200 2717 1262 2780 sive
1287 2719 1456 2782 carminum

438 2844 488 2899 est
519 2834 649 2900 cauendi
679 2837 768 2920 copia
799 2836 846 2899 vel
878 2836 1109 2921 opportuniora,
1142 2858 1220 2919 quae
1246 2838 1333 2920 quasi
1362 2838 1458 2921 aperi·

435 2963 492 3017 tur
532 2953 571 3018 ad
610 2952 854 3038 ingrediendum.
918 2955 968 3018 Sic
1008 2955 1066 3027 aaa
1109 2955 1223 3040 λόγων,
1266 2954 1355 3019 Nem.
1393 2956 1457 3020 VII

437 3074 502 3148 75,
542 3079 589 3136 est
627 3072 716 3157 eopia
755 3072 902 3140 laudandi
937 3074 1074 3157 Aeginae
1111 3073 1243 3158 prolem:
1285 3073 1373 3138 Nem.
1410 3075 1457 3139 VI

436 3192 482 3255 57
516 3190 656 3271 παρέχειν
687 3194 778 3256 πολὺν
809 3190 913 3267 ὕμνον,
949 3192 1079 3256 multam
1111 3192 1254 3277 praebere
1287 3195 1455 3258 carminum

434 3309 607 3375 materiem.
655 3308 701 3374 Of.
738 3309 831 3395 hujus
867 3310 1011 3374 carminis
1046 3333 1079 3373 vs
1114 3314 1165 3375 14.
1212 3311 1294 3396 Ergo
1318 3313 1456 3377 invenire

431 3430 522 3495 viam
549 3429 718 3494 carminum
749 3452 820 3493 cum
851 3450 943 3494 curru
976 3429 1068 3493 celeri
1099 3436 1145 3493 est
1177 3430 1310 3495 nancisci
1335 3432 1456 3516 copiam

431 3548 572 3613 canendi
602 3548 768 3612 Hieronem
799 3548 945 3612 victorem
978 3548 1079 3613 curuli
1108 3549 1289 3614 certamine:
1320 3550 1456 3637 appellat

431 3666 610 3733 eam·niam
632 3668 790 3745 ἐπίκουρον,
816 3667 889 3752 quia
912 3667 1085 3731 delectatur
1109 3667 1275 3733 Hieronem
1301 3670 1454 3748 canendo,

432 3792 475 3851 ut
490 3793 596 3871 aoptet
626 3786 685 3851 sibi
714 3786 793 3850 illud
825 3794 1006 3852 eventurum
1040 3810 1104 3852 ease
1135 3788 1227 3872 hujus
1251 3790 1347 3854 studii
1371 3790 1455 3876 adju-

434 3912 608 3972 mentumz-
625 3906 759 3991 appellat
786 3906 914 3970 eandem
936 3908 978 3972 ἔτι
1002 3908 1200 3989 γλυκυτέραν,
1226 3910 1299 3993 quia
1322 3918 1455 3994 praestat

436 4025 716 4109 curulinmqnmtri
739 4027 891 4090 victoriae.
