3767 5534
912 709 977 771 265

435 911 520 997 quod
542 910 683 976 nonnulli
707 909 912 987 arbitrantur,
937 909 1040 995 aliqua
1064 910 1163 973 ethica
1187 910 1338 974 sententia
1354 909 1446 994 signi·

432 1032 559 1109 ficatur,
583 1030 635 1095 sed
659 1030 712 1094 ille
734 1030 833 1107 nitor,
857 1029 909 1113 qui
938 1030 1073 1093 cernitur
1096 1028 1209 1093 oeulis:
1235 1029 1272 1093 ci.
1301 1028 1446 1105 αίίόμενον

431 1158 491 1232 πῦρ
515 1174 559 1215 vs.
583 1154 613 1215 2.
659 1149 692 1214 Si
715 1155 871 1235 praeterea
894 1148 987 1234 hujus
1011 1148 1139 1234 epitheti
1163 1171 1254 1213 eausa
1275 1148 1448 1233 quaerenda

431 1278 498 1349 est,
534 1270 672 1335 additum
705 1269 839 1347 ridetur,
873 1269 946 1353 quia
977 1268 1032 1332 illo
1065 1266 1162 1332 lebete
1195 1268 1261 1332 Dea
1294 1265 1447 1331 utebatur.

431 1389 578 1455 Ceterum
601 1389 742 1454 similiter
764 1411 889 1474 prorsus
914 1388 1010 1452 Poeta
1037 1386 1088 1451 Ol.
1113 1387 1160 1450 lx
1185 1389 1227 1450 46
1252 1386 1387 1451 fabulam
1411 1386 1448 1450 de

432 1510 506 1574 Diis
534 1510 677 1596 proponit
701 1508 869 1573 secundum
893 1507 1090 1572 traditionem
1115 1508 1270 1593 priorum,
1304 1516 1334 1571 et
1358 1506 1449 1592 paulo

432 1636 524 1715 post,
560 1650 604 1693 vs.
638 1630 699 1707 54,
724 1635 820 1693 semet
842 1628 945 1713 ipsum
967 1634 1087 1692 revocat
1110 1634 1141 1691 rt
1164 1649 1227 1691 eam
1253 1626 1447 1691 traditionem

431 1748 544 1834 rejicit.

480 1870 536 1932 41.
575 1867 727 1950 ἐλέφαντι.
766 1866 967 1953 Participium
991 1865 1164 1943 κεκαδμένον
1188 1863 1380 1929 referendum
1405 1869 1452 1926 est

432 1987 475 2051 ad
499 2012 555 2051 νινε
580 1987 759 2072 adjungitur
782 1986 810 2052 ei
833 1986 995 2071 participio
1014 1985 1206 2048 accusativus
1221 1979 1310 2061 ὦμον,
1336 1989 1451 2068 partem

432 2105 629 2193 significans,
654 2105 814 2191 eidemque
836 2105 998 2192 participio
1015 2104 1139 2168 additur
1155 2104 1276 2168 dativus
1293 2102 1451 2184 ἕλε’φανπιι

431 2225 578 2309 Φαίδιμον
611 2224 802 2290 referendum
837 2233 883 2290 est
913 2224 952 2289 ad
984 2222 1069 2302 ὦμον.
1124 2223 1271 2288 Similiter
1301 2222 1453 2287 Homerus

432 2343 581 2422 κνημῖδας
615 2345 793 2428 ἐπισφυρίοις
826 2344 984 2427 ἀραρυίας,
1019 2342 1059 2407 Il.
1095 2342 1173 2407 XVI
1211 2345 1295 2405 132:
1343 2340 1452 2405 Acsclr.

434 2462 579 2548 Ohoeph.
613 2465 652 2527 ll
684 2464 824 2542 ίμιὶρυρις
846 2460 970 2545 Φοίρεσιν
993 2462 1199 2542 μελαγχίμοις
1224 2460 1390 2541 πρέπουσαι
1423 2464 1454 2522 et

431 2582 554 2649 ibidem
577 2605 620 2647 vs.
647 2585 686 2649 17
691 2631 698 2647 .
733 2582 885 2668 Splendor
907 2589 1010 2647 autem
1033 2582 1153 2646 humeri
1174 2581 1235 2646 albi
1253 2579 1454 2667 pulcerrimus

433 2702 615 2788 saepissime
631 2702 669 2767 ab
686 2703 821 2787 antiquis
836 2702 1020 2781 celebratur,
1039 2700 1297 2788 quemadmodum
1312 2700 1454 2785 frequens

433 2820 525 2907 apud
546 2821 716 2887 Homerum
739 2829 785 2887 est
807 2822 981 2895 λευκώλενος
1002 2823 1092 2904 Ἥρη,
1122 2830 1153 2886 et
1176 2821 1214 2885 ab
1238 2820 1368 2885 Horatio
1392 2820 1456 2883 lau·

433 2941 555 3006 dantur
584 2942 704 3006 humeri
735 2942 898 3007 candentes
929 2941 1102 3028 Apollinis
1133 2940 1170 3005 L.
1202 2940 1219 3004 Ι
1251 2938 1310 3005 Od.
1342 2939 1378 3004 ΙΙ
1403 2942 1455 3004 31.

433 3058 594 3125 Pindarus
623 3067 741 3139 autem,
775 3082 871 3145 quum
899 3083 943 3125 vs.
970 3063 1011 3124 58
1036 3082 1120 3146 seqq.
1145 3059 1280 3124 fabulam
1305 3059 1342 3123 de
1366 3059 1457 3123 caede

433 3179 581 3265 Pelopis,
618 3201 679 3263 qua
713 3179 818 3244 fabula
850 3180 903 3246 ille
938 3180 1091 3246 eburneus
1125 3181 1270 3245 humerus
1305 3179 1455 3245 contineri

436 3298 598 3378 videatur,
622 3299 753 3385 rejiciat,
778 3302 881 3385 potuit
903 3309 1006 3366 tamen
1029 3301 1170 3365 candoris
1194 3300 1286 3365 decus
1309 3298 1456 3364 retinere:

438 3441 630 3506 quamquam
663 3419 746 3483 haud
781 3419 927 3485 affirmare
960 3444 1037 3507 opus
1070 3428 1117 3485 est
1147 3420 1243 3498 illud,
1280 3420 1362 3504 quod
1393 3421 1458 3505 ipse

439 3538 539 3603 Poeta
569 3538 787 3624 praetermisit:
820 3561 891 3603 uam
922 3539 981 3603 hoc
1012 3546 1129 3604 eertum
1153 3545 1215 3617 est,
1241 3561 1310 3603 eum
1334 3538 1458 3602 nonde

440 3656 567 3742 Pelopis
589 3658 686 3721 forma
709 3663 740 3721 et
762 3656 970 3742 pulcritudine
998 3657 1157 3722 detrahere
1182 3657 1324 3722 voluisse.

489 3778 543 3839 43.
590 3775 754 3839 Poetarum
784 3776 897 3855 ψεύδεα
928 3775 965 3840 ab
998 3775 1104 3840 odioso
1135 3776 1259 3840 nomine
1290 3785 1321 3840 et
1352 3774 1459 3837 aialsi

441 3892 508 3957 doli
537 3893 760 3978 significatione
786 3893 954 3978 separanda
981 3901 1062 3959 sunt.
1109 3894 1188 3960 Sunt
1211 3895 1298 3958 fictae
1322 3917 1339 3958 a
1362 3894 1460 3979 poetis

441 4012 576 4077 fabulae.
625 4010 719 4097 Apud
743 4010 932 4091 Hesiodum,
958 4012 1073 4097 Theog.
1100 4016 1160 4091 27,
1185 4014 1268 4098 ipsae
1292 4012 1400 4077 Musae

555 4132 639 4211 ίδμεν
660 4132 773 4213 ψεύδεα
796 4134 897 4198 πολλοὶ
919 4132 1018 4212 λέγειν
1041 4134 1185 4213 ἐτύμοισιν
1208 4136 1314 4210 ὁμοία,

557 4250 640 4329 ’ίδμεν
663 4252 703 4336 δ’,
727 4248 787 4317 εὖτ’
810 4251 967 4329 ἐίὲλονμεν,
991 4253 1103 4328 οίλνρίέα
1125 4253 1318 4331 μυίνίσιισίαι.

443 4372 551 4457 Ipsius
582 4371 708 4436 Homeri
732 4371 866 4457 appellat
892 4371 1005 4451 ψεύδεα
1027 4371 1180 4436 Pindarus
1204 4370 1293 4436 Nem.
1319 4371 1384 4435 VH
1408 4374 1460 4435 32.

447 4492 491 4557 ut
514 4492 695 4557 Aristoteles
718 4491 885 4556 Homerum
907 4492 1038 4556 maxime
1058 4493 1149 4557 etiam
1169 4491 1304 4577 reliquos
1323 4491 1462 4556 docuisse
