<?xml version="1.0" encoding="UTF-8"?>
<!DOCTYPE html PUBLIC "-//W3C//DTD XHTML 1.0 Transitional//EN"
    "http://www.w3.org/TR/xhtml1/DTD/xhtml1-transitional.dtd">
<html xmlns="http://www.w3.org/1999/xhtml" xml:lang="en" lang="en">
 <head>
  <title>
</title>
<meta http-equiv="Content-Type" content="text/html;charset=utf-8" />
  <meta name='ocr-system' content='tesseract 3.04.00' />
  <meta name='ocr-capabilities' content='ocr_page ocr_carea ocr_par ocr_line ocrx_word'/>
</head>
<body>
  <div class='ocr_page' id='page_1' title='image "./pindaricarminao00pindgoog_0066.png"; bbox 0 0 3767 5534; ppageno 0'>
   <div class='ocr_carea' id='block_1_1' title="bbox 918 685 960 743">
    <p class='ocr_par' dir='ltr' id='par_1_1' title="bbox 918 685 960 743">
     <span class='ocr_line' id='line_1_1' title="bbox 918 685 960 743; baseline -0.024 0"><span class='ocrx_word' id='word_1_1' title='bbox 918 685 960 743; x_wconf 81' lang='lat'>42</span> 
     </span>
    </p>
   </div>
   <div class='ocr_carea' id='block_1_2' title="bbox 429 882 1448 3595">
    <p class='ocr_par' dir='ltr' id='par_1_2' title="bbox 429 882 1448 2160">
     <span class='ocr_line' id='line_1_2' title="bbox 430 882 1448 969; baseline 0.005 -25"><span class='ocrx_word' id='word_1_2' title='bbox 430 904 498 945; x_wconf 92' lang='lat' dir='ltr'>cum</span> <span class='ocrx_word' id='word_1_3' title='bbox 523 882 627 947; x_wconf 79' lang='lat' dir='ltr'>labore</span> <span class='ocrx_word' id='word_1_4' title='bbox 651 894 737 969; x_wconf 86' lang='lat' dir='ltr'>parta</span> <span class='ocrx_word' id='word_1_5' title='bbox 760 884 836 949; x_wconf 85' lang='lat' dir='ltr'>est.’&#39;</span> <span class='ocrx_word' id='word_1_6' title='bbox 851 886 874 968; x_wconf 82' lang='grc'>1)</span> <span class='ocrx_word' id='word_1_7' title='bbox 920 884 1059 949; x_wconf 79' lang='lat' dir='ltr'>Chromii</span> <span class='ocrx_word' id='word_1_8' title='bbox 1083 886 1212 950; x_wconf 83' lang='lat' dir='ltr'>Aetnaei</span> <span class='ocrx_word' id='word_1_9' title='bbox 1238 885 1343 950; x_wconf 88' lang='lat' dir='ltr'>laudes</span> <span class='ocrx_word' id='word_1_10' title='bbox 1366 884 1448 949; x_wconf 89' lang='lat' dir='ltr'>cele·</span> 
     </span>
     <span class='ocr_line' id='line_1_3' title="bbox 429 999 1444 1088; baseline 0.002 -24"><span class='ocrx_word' id='word_1_11' title='bbox 429 999 587 1078; x_wconf 80' lang='lat' dir='ltr'>braturus3</span> <span class='ocrx_word' id='word_1_12' title='bbox 612 1002 790 1088; x_wconf 90' lang='lat' dir='ltr'>„Principia</span> <span class='ocrx_word' id='word_1_13' title='bbox 814 1004 947 1067; x_wconf 84' lang='lat' dir='ltr'>Deorum</span> <span class='ocrx_word' id='word_1_14' title='bbox 972 1013 1045 1070; x_wconf 90' lang='lat' dir='ltr'>sunt</span> <span class='ocrx_word' id='word_1_15' title='bbox 1069 1004 1258 1087; x_wconf 78' lang='lat' dir='ltr'>positarum</span> <span class='ocrx_word' id='word_1_16' title='bbox 1278 1004 1363 1067; x_wconf 90' lang='lat' dir='ltr'>illius</span> <span class='ocrx_word' id='word_1_17' title='bbox 1383 1003 1444 1067; x_wconf 83' lang='lat' dir='ltr'>viri</span> 
     </span>
     <span class='ocr_line' id='line_1_4' title="bbox 429 1118 1444 1207; baseline 0.003 -25"><span class='ocrx_word' id='word_1_18' title='bbox 429 1118 590 1185; x_wconf 86' lang='lat' dir='ltr'>laudibus:</span> <span class='ocrx_word' id='word_1_19' title='bbox 615 1130 662 1186; x_wconf 91' lang='lat' dir='ltr'>est</span> <span class='ocrx_word' id='word_1_20' title='bbox 684 1123 717 1186; x_wconf 91' lang='lat' dir='ltr'>in</span> <span class='ocrx_word' id='word_1_21' title='bbox 741 1122 885 1187; x_wconf 79' lang='lat' dir='ltr'>felicitate</span> <span class='ocrx_word' id='word_1_22' title='bbox 909 1123 1009 1187; x_wconf 89' lang='lat' dir='ltr'>omnis</span> <span class='ocrx_word' id='word_1_23' title='bbox 1029 1123 1144 1207; x_wconf 86' lang='lat' dir='ltr'>gloriae</span> <span class='ocrx_word' id='word_1_24' title='bbox 1163 1123 1336 1207; x_wconf 78' lang='lat' dir='ltr'><strong>fastigium:</strong></span> <span class='ocrx_word' id='word_1_25' title='bbox 1358 1144 1444 1207; x_wconf 86' lang='lat' dir='ltr'>mag·</span> 
     </span>
     <span class='ocr_line' id='line_1_5' title="bbox 430 1240 1445 1325; baseline 0.004 -24"><span class='ocrx_word' id='word_1_26' title='bbox 430 1261 539 1303; x_wconf 89' lang='lat' dir='ltr'>uorum</span> <span class='ocrx_word' id='word_1_27' title='bbox 574 1242 778 1325; x_wconf 89' lang='lat' dir='ltr'>praemiorum</span> <span class='ocrx_word' id='word_1_28' title='bbox 814 1242 905 1305; x_wconf 89' lang='lat' dir='ltr'>Musa</span> <span class='ocrx_word' id='word_1_29' title='bbox 936 1241 1109 1306; x_wconf 83' lang='lat' dir='ltr'>meminisse</span> <span class='ocrx_word' id='word_1_30' title='bbox 1140 1241 1290 1322; x_wconf 69' lang='lat' dir='ltr'>amat.’&#39;‘-&#39;)</span> <span class='ocrx_word' id='word_1_31' title='bbox 1325 1240 1445 1305; x_wconf 82' lang='lat' dir='ltr'>Verum</span> 
     </span>
     <span class='ocr_line' id='line_1_6' title="bbox 431 1357 1447 1445; baseline 0.003 -25"><span class='ocrx_word' id='word_1_32' title='bbox 431 1357 566 1442; x_wconf 82' lang='lat' dir='ltr'>ipsorum</span> <span class='ocrx_word' id='word_1_33' title='bbox 596 1359 704 1423; x_wconf 87' lang='lat' dir='ltr'>harum</span> <span class='ocrx_word' id='word_1_34' title='bbox 731 1361 928 1424; x_wconf 82' lang='lat' dir='ltr'>victoriarum</span> <span class='ocrx_word' id='word_1_35' title='bbox 951 1360 1058 1424; x_wconf 89' lang='lat' dir='ltr'>landes</span> <span class='ocrx_word' id='word_1_36' title='bbox 1081 1361 1108 1424; x_wconf 89' lang='lat' dir='ltr'>si</span> <span class='ocrx_word' id='word_1_37' title='bbox 1131 1360 1259 1425; x_wconf 90' lang='lat' dir='ltr'>velimus</span> <span class='ocrx_word' id='word_1_38' title='bbox 1283 1360 1447 1445; x_wconf 85' lang='lat' dir='ltr'>persequi,</span> 
     </span>
     <span class='ocr_line' id='line_1_7' title="bbox 432 1476 1447 1563; baseline 0.001 -23"><span class='ocrx_word' id='word_1_39' title='bbox 432 1476 571 1556; x_wconf 90' lang='lat' dir='ltr'>nullum,</span> <span class='ocrx_word' id='word_1_40' title='bbox 597 1485 633 1542; x_wconf 89' lang='lat' dir='ltr'>ut</span> <span class='ocrx_word' id='word_1_41' title='bbox 655 1479 744 1542; x_wconf 80' lang='lat' dir='ltr'>facile</span> <span class='ocrx_word' id='word_1_42' title='bbox 766 1479 967 1563; x_wconf 80' lang='lat' dir='ltr'>intelligitur,</span> <span class='ocrx_word' id='word_1_43' title='bbox 992 1479 1118 1543; x_wconf 90' lang='lat' dir='ltr'>Pindari</span> <span class='ocrx_word' id='word_1_44' title='bbox 1141 1501 1262 1543; x_wconf 86' lang='lat' dir='ltr'>carmen</span> <span class='ocrx_word' id='word_1_45' title='bbox 1280 1501 1344 1543; x_wconf 91' lang='lat' dir='ltr'>non</span> <span class='ocrx_word' id='word_1_46' title='bbox 1363 1501 1447 1550; x_wconf 86' lang='lat' dir='ltr'>com·</span> 
     </span>
     <span class='ocr_line' id='line_1_8' title="bbox 431 1597 1446 1683; baseline 0 -23"><span class='ocrx_word' id='word_1_47' title='bbox 431 1597 662 1661; x_wconf 88' lang='lat' dir='ltr'>memorandum</span> <span class='ocrx_word' id='word_1_48' title='bbox 684 1598 734 1661; x_wconf 91' lang='lat' dir='ltr'>sit.</span> <span class='ocrx_word' id='word_1_49' title='bbox 769 1598 873 1662; x_wconf 88' lang='lat' dir='ltr'>Pauca</span> <span class='ocrx_word' id='word_1_50' title='bbox 896 1608 996 1662; x_wconf 81' lang='lat' dir='ltr'>temen</span> <span class='ocrx_word' id='word_1_51' title='bbox 1021 1607 1053 1662; x_wconf 90' lang='lat' dir='ltr'>et</span> <span class='ocrx_word' id='word_1_52' title='bbox 1074 1599 1107 1662; x_wconf 92' lang='lat' dir='ltr'>iu</span> <span class='ocrx_word' id='word_1_53' title='bbox 1130 1598 1287 1683; x_wconf 88' lang='lat' dir='ltr'>prooemio</span> <span class='ocrx_word' id='word_1_54' title='bbox 1310 1605 1341 1660; x_wconf 91' lang='lat' dir='ltr'>et</span> <span class='ocrx_word' id='word_1_55' title='bbox 1359 1620 1446 1661; x_wconf 88' lang='lat' dir='ltr'>nunc</span> 
     </span>
     <span class='ocr_line' id='line_1_9' title="bbox 429 1714 1444 1802; baseline 0.002 -23"><span class='ocrx_word' id='word_1_56' title='bbox 429 1714 544 1780; x_wconf 87' lang='lat' dir='ltr'>idcirco</span> <span class='ocrx_word' id='word_1_57' title='bbox 567 1716 758 1794; x_wconf 89' lang='lat' dir='ltr'>monuimus,</span> <span class='ocrx_word' id='word_1_58' title='bbox 780 1718 940 1801; x_wconf 89' lang='lat' dir='ltr'>quoniam,</span> <span class='ocrx_word' id='word_1_59' title='bbox 960 1717 1021 1781; x_wconf 90' lang='lat' dir='ltr'>nisi</span> <span class='ocrx_word' id='word_1_60' title='bbox 1039 1716 1265 1801; x_wconf 82' lang='lat' dir='ltr'>intelligamus,</span> <span class='ocrx_word' id='word_1_61' title='bbox 1287 1724 1444 1802; x_wconf 76' lang='lat' dir='ltr'>praestan-</span> 
     </span>
     <span class='ocr_line' id='line_1_10' title="bbox 429 1835 1442 1920; baseline 0.003 -23"><span class='ocrx_word' id='word_1_62' title='bbox 429 1835 577 1899; x_wconf 90' lang='lat' dir='ltr'>tissimam</span> <span class='ocrx_word' id='word_1_63' title='bbox 607 1835 701 1900; x_wconf 86' lang='lat' dir='ltr'>luisse</span> <span class='ocrx_word' id='word_1_64' title='bbox 730 1835 873 1900; x_wconf 90' lang='lat' dir='ltr'>ludorum</span> <span class='ocrx_word' id='word_1_65' title='bbox 904 1836 1033 1920; x_wconf 82' lang='lat' dir='ltr'>glorium</span> <span class='ocrx_word' id='word_1_66' title='bbox 1061 1859 1096 1901; x_wconf 88' lang='lat' dir='ltr'>ac</span> <span class='ocrx_word' id='word_1_67' title='bbox 1124 1835 1303 1900; x_wconf 83' lang='lat' dir='ltr'>Pindaricae</span> <span class='ocrx_word' id='word_1_68' title='bbox 1332 1836 1442 1900; x_wconf 86' lang='lat' dir='ltr'>Musae</span> 
     </span>
     <span class='ocr_line' id='line_1_11' title="bbox 430 1955 1444 2042; baseline 0 -23"><span class='ocrx_word' id='word_1_69' title='bbox 430 1956 592 2039; x_wconf 85' lang='lat' dir='ltr'>praeconio</span> <span class='ocrx_word' id='word_1_70' title='bbox 628 1955 855 2041; x_wconf 82' lang='lat' dir='ltr'>dignissimam,</span> <span class='ocrx_word' id='word_1_71' title='bbox 891 1958 959 2042; x_wconf 91' lang='lat' dir='ltr'>ipsa</span> <span class='ocrx_word' id='word_1_72' title='bbox 989 1956 1116 2020; x_wconf 90' lang='lat' dir='ltr'>Pindari</span> <span class='ocrx_word' id='word_1_73' title='bbox 1146 1955 1297 2041; x_wconf 91' lang='lat' dir='ltr'>sapientia</span> <span class='ocrx_word' id='word_1_74' title='bbox 1326 1956 1444 2040; x_wconf 83' lang='lat' dir='ltr'>percipi</span> 
     </span>
     <span class='ocr_line' id='line_1_12' title="bbox 431 2074 766 2160; baseline 0.012 -24"><span class='ocrx_word' id='word_1_75' title='bbox 431 2074 633 2148; x_wconf 90' lang='lat' dir='ltr'>nullomodo</span> <span class='ocrx_word' id='word_1_76' title='bbox 656 2083 766 2160; x_wconf 86' lang='lat' dir='ltr'>potest.</span> 
     </span>
    </p>

    <p class='ocr_par' dir='ltr' id='par_1_3' title="bbox 431 2192 1446 3595">
     <span class='ocr_line' id='line_1_13' title="bbox 475 2192 1442 2279; baseline 0 -22"><span class='ocrx_word' id='word_1_77' title='bbox 475 2193 598 2258; x_wconf 84' lang='lat' dir='ltr'>Etenim</span> <span class='ocrx_word' id='word_1_78' title='bbox 629 2194 887 2279; x_wconf 85' lang='lat' dir='ltr'>quemadmodum</span> <span class='ocrx_word' id='word_1_79' title='bbox 917 2218 988 2259; x_wconf 89' lang='lat' dir='ltr'>eum</span> <span class='ocrx_word' id='word_1_80' title='bbox 1016 2205 1102 2259; x_wconf 89' lang='lat' dir='ltr'>tanta</span> <span class='ocrx_word' id='word_1_81' title='bbox 1124 2195 1327 2260; x_wconf 71' lang='lat' dir='ltr'>certaminum</span> <span class='ocrx_word' id='word_1_82' title='bbox 1349 2192 1442 2257; x_wconf 87' lang='lat' dir='ltr'>laude</span> 
     </span>
     <span class='ocr_line' id='line_1_14' title="bbox 432 2311 1446 2400; baseline 0.002 -24"><span class='ocrx_word' id='word_1_83' title='bbox 432 2311 600 2377; x_wconf 91' lang='lat' dir='ltr'>multarum</span> <span class='ocrx_word' id='word_1_84' title='bbox 622 2314 729 2378; x_wconf 89' lang='lat' dir='ltr'>laudes</span> <span class='ocrx_word' id='word_1_85' title='bbox 751 2315 902 2379; x_wconf 88' lang='lat' dir='ltr'>virtutum</span> <span class='ocrx_word' id='word_1_86' title='bbox 925 2316 1108 2400; x_wconf 87' lang='lat' dir='ltr'>conjunctae</span> <span class='ocrx_word' id='word_1_87' title='bbox 1129 2314 1273 2391; x_wconf 84' lang='lat' dir='ltr'>fuerunt,</span> <span class='ocrx_word' id='word_1_88' title='bbox 1294 2314 1337 2377; x_wconf 91' lang='lat' dir='ltr'>sic</span> <span class='ocrx_word' id='word_1_89' title='bbox 1354 2322 1446 2397; x_wconf 83' lang='lat' dir='ltr'>poeta</span> 
     </span>
     <span class='ocr_line' id='line_1_15' title="bbox 432 2431 1444 2517; baseline -0.002 -20"><span class='ocrx_word' id='word_1_90' title='bbox 432 2455 498 2497; x_wconf 90' lang='lat' dir='ltr'>eam</span> <span class='ocrx_word' id='word_1_91' title='bbox 528 2455 598 2497; x_wconf 89' lang='lat' dir='ltr'>cnm</span> <span class='ocrx_word' id='word_1_92' title='bbox 628 2433 817 2517; x_wconf 88' lang='lat' dir='ltr'>reliquarum</span> <span class='ocrx_word' id='word_1_93' title='bbox 848 2435 999 2499; x_wconf 83' lang='lat' dir='ltr'>virtutum</span> <span class='ocrx_word' id='word_1_94' title='bbox 1028 2433 1172 2498; x_wconf 88' lang='lat' dir='ltr'>laudibus</span> <span class='ocrx_word' id='word_1_95' title='bbox 1203 2441 1234 2497; x_wconf 89' lang='lat' dir='ltr'>et</span> <span class='ocrx_word' id='word_1_96' title='bbox 1260 2431 1444 2502; x_wconf 86' lang='lat' dir='ltr'>celebrando</span> 
     </span>
     <span class='ocr_line' id='line_1_16' title="bbox 431 2550 1444 2636; baseline -0.001 -21"><span class='ocrx_word' id='word_1_97' title='bbox 431 2550 588 2636; x_wconf 87' lang='lat' dir='ltr'>copulavit</span> <span class='ocrx_word' id='word_1_98' title='bbox 618 2559 649 2615; x_wconf 89' lang='lat' dir='ltr'>et</span> <span class='ocrx_word' id='word_1_99' title='bbox 678 2552 929 2618; x_wconf 89' lang='lat' dir='ltr'>commendando.</span> <span class='ocrx_word' id='word_1_100' title='bbox 976 2552 1018 2615; x_wconf 82' lang='lat' dir='ltr'>Et</span> <span class='ocrx_word' id='word_1_101' title='bbox 1048 2553 1246 2617; x_wconf 87' lang='lat' dir='ltr'>arctissimam</span> <span class='ocrx_word' id='word_1_102' title='bbox 1277 2552 1310 2615; x_wconf 92' lang='lat' dir='ltr'>in</span> <span class='ocrx_word' id='word_1_103' title='bbox 1337 2550 1444 2635; x_wconf 88' lang='lat' dir='ltr'>primis</span> 
     </span>
     <span class='ocr_line' id='line_1_17' title="bbox 432 2669 1444 2756; baseline -0.002 -21"><span class='ocrx_word' id='word_1_104' title='bbox 432 2671 499 2735; x_wconf 89' lang='lat' dir='ltr'>laus</span> <span class='ocrx_word' id='word_1_105' title='bbox 522 2670 641 2736; x_wconf 87' lang='lat' dir='ltr'>ludicra</span> <span class='ocrx_word' id='word_1_106' title='bbox 663 2694 734 2737; x_wconf 93' lang='lat' dir='ltr'>cum</span> <span class='ocrx_word' id='word_1_107' title='bbox 756 2672 847 2737; x_wconf 88' lang='lat' dir='ltr'>lande</span> <span class='ocrx_word' id='word_1_108' title='bbox 870 2671 980 2737; x_wconf 90' lang='lat' dir='ltr'>bellica</span> <span class='ocrx_word' id='word_1_109' title='bbox 1002 2670 1217 2756; x_wconf 83' lang='lat' dir='ltr'>cognationem</span> <span class='ocrx_word' id='word_1_110' title='bbox 1228 2669 1330 2735; x_wconf 91' lang='lat' dir='ltr'>habet.</span> <span class='ocrx_word' id='word_1_111' title='bbox 1354 2669 1444 2733; x_wconf 69' lang='lat' dir='ltr'>Utro</span> 
     </span>
     <span class='ocr_line' id='line_1_18' title="bbox 432 2788 1445 2877; baseline -0.005 -21"><span class='ocrx_word' id='word_1_112' title='bbox 432 2815 493 2877; x_wconf 90' lang='lat' dir='ltr'>qne</span> <span class='ocrx_word' id='word_1_113' title='bbox 521 2792 656 2877; x_wconf 87' lang='lat' dir='ltr'>corporis</span> <span class='ocrx_word' id='word_1_114' title='bbox 684 2792 779 2857; x_wconf 88' lang='lat' dir='ltr'>robur</span> <span class='ocrx_word' id='word_1_115' title='bbox 807 2800 837 2856; x_wconf 91' lang='lat' dir='ltr'>et</span> <span class='ocrx_word' id='word_1_116' title='bbox 860 2791 1125 2868; x_wconf 81' lang='lat' dir='ltr'>exercitationem,</span> <span class='ocrx_word' id='word_1_117' title='bbox 1151 2789 1244 2854; x_wconf 91' lang='lat' dir='ltr'>animi</span> <span class='ocrx_word' id='word_1_118' title='bbox 1267 2811 1338 2852; x_wconf 87' lang='lat' dir='ltr'>vero</span> <span class='ocrx_word' id='word_1_119' title='bbox 1361 2788 1445 2852; x_wconf 80' lang='lat' dir='ltr'>forti·</span> 
     </span>
     <span class='ocr_line' id='line_1_19' title="bbox 432 2907 1445 2996; baseline -0.003 -21"><span class='ocrx_word' id='word_1_120' title='bbox 432 2912 572 2978; x_wconf 86' lang='lat' dir='ltr'>tudinem</span> <span class='ocrx_word' id='word_1_121' title='bbox 595 2913 654 2977; x_wconf 88' lang='lat' dir='ltr'>sibi</span> <span class='ocrx_word' id='word_1_122' title='bbox 677 2912 828 2976; x_wconf 84' lang='lat' dir='ltr'>vindicat:</span> <span class='ocrx_word' id='word_1_123' title='bbox 853 2912 885 2976; x_wconf 91' lang='lat' dir='ltr'>in</span> <span class='ocrx_word' id='word_1_124' title='bbox 909 2919 1039 2996; x_wconf 89' lang='lat' dir='ltr'>utraque</span> <span class='ocrx_word' id='word_1_125' title='bbox 1063 2918 1218 2996; x_wconf 90' lang='lat' dir='ltr'>praeterea</span> <span class='ocrx_word' id='word_1_126' title='bbox 1236 2909 1357 2994; x_wconf 88' lang='lat' dir='ltr'>paritur</span> <span class='ocrx_word' id='word_1_127' title='bbox 1373 2907 1445 2972; x_wconf 88' lang='lat' dir='ltr'>Hel·</span> 
     </span>
     <span class='ocr_line' id='line_1_20' title="bbox 432 3026 1444 3110; baseline -0.004 -15"><span class='ocrx_word' id='word_1_128' title='bbox 432 3032 496 3096; x_wconf 84' lang='lat' dir='ltr'>ladi</span> <span class='ocrx_word' id='word_1_129' title='bbox 533 3032 635 3096; x_wconf 76' lang='lat' dir='ltr'>decus</span> <span class='ocrx_word' id='word_1_130' title='bbox 683 3031 861 3096; x_wconf 87' lang='lat' dir='ltr'>Delectatus</span> <span class='ocrx_word' id='word_1_131' title='bbox 900 3030 1077 3098; x_wconf 88' lang='lat' dir='ltr'>Herodotus</span> <span class='ocrx_word' id='word_1_132' title='bbox 1101 3036 1159 3110; x_wconf 74' lang='lat' dir='ltr'>[est</span> <span class='ocrx_word' id='word_1_133' title='bbox 1192 3029 1318 3093; x_wconf 80' lang='lat' dir='ltr'>tortium</span> <span class='ocrx_word' id='word_1_134' title='bbox 1353 3026 1444 3092; x_wconf 80' lang='lat' dir='ltr'>lende</span> 
     </span>
     <span class='ocr_line' id='line_1_21' title="bbox 433 3145 1446 3235; baseline -0.007 -19"><span class='ocrx_word' id='word_1_135' title='bbox 433 3151 584 3229; x_wconf 86' lang='lat' dir='ltr'>virorum,</span> <span class='ocrx_word' id='word_1_136' title='bbox 601 3150 656 3235; x_wconf 91' lang='lat' dir='ltr'>qui</span> <span class='ocrx_word' id='word_1_137' title='bbox 671 3150 816 3215; x_wconf 86' lang='lat' dir='ltr'>Graeciae</span> <span class='ocrx_word' id='word_1_138' title='bbox 826 3149 1003 3214; x_wconf 87' lang='lat' dir='ltr'>libertatem</span> <span class='ocrx_word' id='word_1_139' title='bbox 1018 3172 1036 3213; x_wconf 94' lang='lat' dir='ltr'>a</span> <span class='ocrx_word' id='word_1_140' title='bbox 1053 3149 1248 3214; x_wconf 78' lang='lat' dir='ltr'>barbarorum</span> <span class='ocrx_word' id='word_1_141' title='bbox 1266 3145 1446 3212; x_wconf 88' lang='lat' dir='ltr'>incursioni·</span> 
     </span>
     <span class='ocr_line' id='line_1_22' title="bbox 433 3266 1445 3349; baseline -0.007 -14"><span class='ocrx_word' id='word_1_142' title='bbox 433 3271 490 3336; x_wconf 91' lang='lat' dir='ltr'>bus</span> <span class='ocrx_word' id='word_1_143' title='bbox 512 3270 702 3335; x_wconf 88' lang='lat' dir='ltr'>liberassent.</span> <span class='ocrx_word' id='word_1_144' title='bbox 739 3271 902 3347; x_wconf 78' lang='lat' dir='ltr'>Attamen,</span> <span class='ocrx_word' id='word_1_145' title='bbox 926 3270 952 3334; x_wconf 92' lang='lat' dir='ltr'>si</span> <span class='ocrx_word' id='word_1_146' title='bbox 975 3269 1013 3334; x_wconf 91' lang='lat' dir='ltr'>ab</span> <span class='ocrx_word' id='word_1_147' title='bbox 1037 3291 1072 3334; x_wconf 87' lang='lat' dir='ltr'>ea</span> <span class='ocrx_word' id='word_1_148' title='bbox 1094 3266 1249 3344; x_wconf 82' lang='lat' dir='ltr'>discedes,</span> <span class='ocrx_word' id='word_1_149' title='bbox 1273 3266 1322 3339; x_wconf 78' lang='lat' dir='ltr'>vix</span> <span class='ocrx_word' id='word_1_150' title='bbox 1350 3287 1445 3349; x_wconf 89' lang='lat' dir='ltr'>quan-</span> 
     </span>
     <span class='ocr_line' id='line_1_23' title="bbox 434 3388 1444 3476; baseline -0.006 -21"><span class='ocrx_word' id='word_1_151' title='bbox 434 3413 527 3476; x_wconf 91' lang='lat' dir='ltr'>qnam</span> <span class='ocrx_word' id='word_1_152' title='bbox 549 3392 703 3468; x_wconf 84' lang='lat' dir='ltr'>invenias,</span> <span class='ocrx_word' id='word_1_153' title='bbox 725 3412 817 3475; x_wconf 86' lang='lat' dir='ltr'>quam</span> <span class='ocrx_word' id='word_1_154' title='bbox 833 3390 991 3456; x_wconf 86' lang='lat' dir='ltr'>lubentius</span> <span class='ocrx_word' id='word_1_155' title='bbox 1007 3388 1234 3465; x_wconf 84' lang='lat' dir='ltr'>memoraverit,</span> <span class='ocrx_word' id='word_1_156' title='bbox 1252 3409 1344 3472; x_wconf 91' lang='lat' dir='ltr'>quam</span> <span class='ocrx_word' id='word_1_157' title='bbox 1361 3408 1444 3461; x_wconf 92' lang='lat' dir='ltr'>eam,</span> 
     </span>
     <span class='ocr_line' id='line_1_24' title="bbox 432 3504 1446 3595; baseline -0.007 -20"><span class='ocrx_word' id='word_1_158' title='bbox 432 3533 511 3595; x_wconf 90' lang='lat' dir='ltr'>quae</span> <span class='ocrx_word' id='word_1_159' title='bbox 540 3509 668 3575; x_wconf 89' lang='lat' dir='ltr'>ludicris</span> <span class='ocrx_word' id='word_1_160' title='bbox 699 3517 778 3575; x_wconf 86' lang='lat' dir='ltr'>esset</span> <span class='ocrx_word' id='word_1_161' title='bbox 808 3510 944 3575; x_wconf 85' lang='lat' dir='ltr'>victoriis</span> <span class='ocrx_word' id='word_1_162' title='bbox 968 3517 1064 3594; x_wconf 81' lang='lat' dir='ltr'>parta.</span> <span class='ocrx_word' id='word_1_163' title='bbox 1113 3506 1233 3587; x_wconf 77' lang='lat' dir='ltr'>Quidni</span> <span class='ocrx_word' id='word_1_164' title='bbox 1255 3528 1327 3591; x_wconf 78' lang='lat' dir='ltr'>ergo</span> <span class='ocrx_word' id='word_1_165' title='bbox 1351 3504 1446 3590; x_wconf 90' lang='lat' dir='ltr'>hujus</span> 
     </span>
    </p>
   </div>
   <div class='ocr_carea' id='block_1_3' title="bbox 433 3624 1448 4313">
    <p class='ocr_par' dir='ltr' id='par_1_4' title="bbox 433 3624 1448 4313">
     <span class='ocr_line' id='line_1_25' title="bbox 434 3624 1446 3717; baseline -0.009 -21"><span class='ocrx_word' id='word_1_166' title='bbox 434 3652 543 3717; x_wconf 88' lang='lat' dir='ltr'>praeco</span> <span class='ocrx_word' id='word_1_167' title='bbox 567 3631 698 3696; x_wconf 86' lang='lat' dir='ltr'>vicissim</span> <span class='ocrx_word' id='word_1_168' title='bbox 722 3630 814 3696; x_wconf 90' lang='lat' dir='ltr'>ctiam</span> <span class='ocrx_word' id='word_1_169' title='bbox 830 3630 913 3696; x_wconf 84' lang='lat' dir='ltr'>illam</span> <span class='ocrx_word' id='word_1_170' title='bbox 931 3628 1108 3715; x_wconf 84' lang='lat' dir='ltr'>praedicet?</span> <span class='ocrx_word' id='word_1_171' title='bbox 1131 3626 1275 3692; x_wconf 89' lang='lat' dir='ltr'>Hieronis</span> <span class='ocrx_word' id='word_1_172' title='bbox 1291 3626 1324 3698; x_wconf 85' lang='lat' dir='ltr'>iu</span> <span class='ocrx_word' id='word_1_173' title='bbox 1340 3624 1446 3709; x_wconf 83' lang='lat' dir='ltr'>primis</span> 
     </span>
     <span class='ocr_line' id='line_1_26' title="bbox 433 3744 1448 3817; baseline -0.012 0"><span class='ocrx_word' id='word_1_174' title='bbox 433 3751 576 3817; x_wconf 83' lang='lat' dir='ltr'>laudetur</span> <span class='ocrx_word' id='word_1_175' title='bbox 599 3751 675 3817; x_wconf 84' lang='lat' dir='ltr'>fuit:</span> <span class='ocrx_word' id='word_1_176' title='bbox 700 3773 735 3815; x_wconf 91' lang='lat' dir='ltr'>ac</span> <span class='ocrx_word' id='word_1_177' title='bbox 758 3750 863 3815; x_wconf 88' lang='lat' dir='ltr'>multis</span> <span class='ocrx_word' id='word_1_178' title='bbox 887 3749 937 3814; x_wconf 84' lang='lat' dir='ltr'>hic</span> <span class='ocrx_word' id='word_1_179' title='bbox 961 3772 1032 3814; x_wconf 88' lang='lat' dir='ltr'>sane</span> <span class='ocrx_word' id='word_1_180' title='bbox 1056 3746 1182 3811; x_wconf 86' lang='lat' dir='ltr'>ludicris</span> <span class='ocrx_word' id='word_1_181' title='bbox 1205 3744 1341 3809; x_wconf 88' lang='lat' dir='ltr'>victoriis</span> <span class='ocrx_word' id='word_1_182' title='bbox 1361 3764 1448 3808; x_wconf 75' lang='lat' dir='ltr'>orna</span> 
     </span>
     <span class='ocr_line' id='line_1_27' title="bbox 433 3861 1445 3954; baseline -0.011 -19"><span class='ocrx_word' id='word_1_183' title='bbox 433 3881 485 3935; x_wconf 91' lang='lat' dir='ltr'>tus</span> <span class='ocrx_word' id='word_1_184' title='bbox 508 3881 564 3936; x_wconf 86' lang='lat' dir='ltr'>est.</span> <span class='ocrx_word' id='word_1_185' title='bbox 604 3869 691 3935; x_wconf 92' lang='lat' dir='ltr'>Idem</span> <span class='ocrx_word' id='word_1_186' title='bbox 715 3891 786 3933; x_wconf 88' lang='lat' dir='ltr'>vcro</span> <span class='ocrx_word' id='word_1_187' title='bbox 808 3870 900 3933; x_wconf 81' lang='lat' dir='ltr'>ermis</span> <span class='ocrx_word' id='word_1_188' title='bbox 923 3868 1040 3954; x_wconf 89' lang='lat' dir='ltr'>patriae</span> <span class='ocrx_word' id='word_1_189' title='bbox 1063 3888 1137 3929; x_wconf 86' lang='lat' dir='ltr'>suae</span> <span class='ocrx_word' id='word_1_190' title='bbox 1160 3864 1292 3948; x_wconf 88' lang='lat' dir='ltr'>quietem</span> <span class='ocrx_word' id='word_1_191' title='bbox 1318 3861 1445 3947; x_wconf 88' lang='lat' dir='ltr'>paravit.</span> 
     </span>
     <span class='ocr_line' id='line_1_28' title="bbox 434 3981 1447 4073; baseline -0.011 -20"><span class='ocrx_word' id='word_1_192' title='bbox 434 3989 494 4053; x_wconf 79' lang='lat' dir='ltr'>(lui</span> <span class='ocrx_word' id='word_1_193' title='bbox 518 3996 624 4073; x_wconf 74' lang='lat' dir='ltr'>poeta:</span> <span class='ocrx_word' id='word_1_194' title='bbox 665 3988 746 4065; x_wconf 82' lang='lat' dir='ltr'>„Te,</span> <span class='ocrx_word' id='word_1_195' title='bbox 771 3988 952 4053; x_wconf 89' lang='lat' dir='ltr'>Dinomenis</span> <span class='ocrx_word' id='word_1_196' title='bbox 976 3986 1038 4063; x_wconf 92' lang='lat' dir='ltr'>fili,</span> <span class='ocrx_word' id='word_1_197' title='bbox 1063 3983 1211 4069; x_wconf 83' lang='lat' dir='ltr'>Zephyris</span> <span class='ocrx_word' id='word_1_198' title='bbox 1234 3981 1340 4044; x_wconf 88' lang='lat' dir='ltr'>Locris</span> <span class='ocrx_word' id='word_1_199' title='bbox 1362 3981 1447 4064; x_wconf 82' lang='lat' dir='ltr'>virgo</span> 
     </span>
     <span class='ocr_line' id='line_1_29' title="bbox 433 4098 1448 4195; baseline -0.012 -22"><span class='ocrx_word' id='word_1_200' title='bbox 433 4108 525 4173; x_wconf 92' lang='lat' dir='ltr'>domo</span> <span class='ocrx_word' id='word_1_201' title='bbox 556 4130 675 4195; x_wconf 80' lang='lat' dir='ltr'>egressa</span> <span class='ocrx_word' id='word_1_202' title='bbox 704 4106 829 4184; x_wconf 90' lang='lat' dir='ltr'>laudat,</span> <span class='ocrx_word' id='word_1_203' title='bbox 861 4130 877 4170; x_wconf 94' lang='lat' dir='ltr'>e</span> <span class='ocrx_word' id='word_1_204' title='bbox 900 4104 1077 4170; x_wconf 87' lang='lat' dir='ltr'>difficilibus</span> <span class='ocrx_word' id='word_1_205' title='bbox 1101 4100 1267 4166; x_wconf 87' lang='lat' dir='ltr'>hostilibus</span> <span class='ocrx_word' id='word_1_206' title='bbox 1290 4098 1448 4164; x_wconf 89' lang='lat' dir='ltr'>laboribus</span> 
     </span>
     <span class='ocr_line' id='line_1_30' title="bbox 435 4217 1447 4313; baseline -0.012 -20"><span class='ocrx_word' id='word_1_207' title='bbox 435 4238 560 4313; x_wconf 89' lang='lat' dir='ltr'>propter</span> <span class='ocrx_word' id='word_1_208' title='bbox 582 4236 652 4292; x_wconf 90' lang='lat' dir='ltr'>tuas</span> <span class='ocrx_word' id='word_1_209' title='bbox 676 4228 754 4292; x_wconf 88' lang='lat' dir='ltr'>vires</span> <span class='ocrx_word' id='word_1_210' title='bbox 770 4226 1024 4311; x_wconf 88' lang='lat' dir='ltr'>tranquillitatem</span> <span class='ocrx_word' id='word_1_211' title='bbox 1042 4220 1162 4287; x_wconf 87' lang='lat' dir='ltr'>nacta.”</span> <span class='ocrx_word' id='word_1_212' title='bbox 1175 4220 1200 4303; x_wconf 79' lang='lat'>³)</span> <span class='ocrx_word' id='word_1_213' title='bbox 1223 4219 1324 4304; x_wconf 81' lang='lat' dir='ltr'>Inque</span> <span class='ocrx_word' id='word_1_214' title='bbox 1340 4217 1447 4283; x_wconf 88' lang='lat' dir='ltr'>eodem</span> 
     </span>
    </p>
   </div>
   <div class='ocr_carea' id='block_1_4' title="bbox 437 4411 624 4420">
    <p class='ocr_par' dir='ltr' id='par_1_5' title="bbox 437 4411 624 4420">
     <span class='ocr_line' id='line_1_31' title="bbox 437 4411 624 4420; baseline -0.011 0"><span class='ocrx_word' id='word_1_215' title='bbox 437 4411 624 4420; x_wconf 74' lang='lat'>——.-—-—-——</span> 
     </span>
    </p>
   </div>
   <div class='ocr_carea' id='block_1_5' title="bbox 474 4508 1277 4577">
    <p class='ocr_par' dir='ltr' id='par_1_6' title="bbox 474 4508 1277 4577">
     <span class='ocr_line' id='line_1_32' title="bbox 474 4508 1277 4577; baseline -0.011 -11"><span class='ocrx_word' id='word_1_216' title='bbox 474 4518 675 4574; x_wconf 69' lang='lat' dir='ltr'>omnm</span> <span class='ocrx_word' id='word_1_217' title='bbox 775 4515 980 4577; x_wconf 59' lang='lat' dir='ltr'>omum</span> <span class='ocrx_word' id='word_1_218' title='bbox 1081 4508 1277 4576; x_wconf 57' lang='lat' dir='ltr'>nuum</span> 
     </span>
    </p>
   </div>
   <div class='ocr_carea' id='block_1_6' title="bbox 0 0 1894 5534">
    <p class='ocr_par' dir='ltr' id='par_1_7' title="bbox 0 0 1894 5534">
     <span class='ocr_line' id='line_1_33' title="bbox 0 0 1894 5534; baseline 0 0"><span class='ocrx_word' id='word_1_219' title='bbox 0 0 1894 5534; x_wconf 95' lang='lat' dir='ltr'> </span> 
     </span>
    </p>
   </div>
  </div>
 </body>
</html>
