3767 5534
1026 734 1088 794 508

554 953 675 995 oausam
715 933 865 996 exstitisse
901 932 1018 996 homini
1054 932 1231 1016 religionem
1268 931 1429 996 violanti·
1463 929 1569 1011 Quam

555 1051 729 1114 memoriam
764 1050 856 1114 tradit
886 1050 1071 1127 Pausaniae,
1096 1049 1132 1115 L.
1157 1050 1239 1115 VIII
1263 1050 1298 1114 G.
1323 1050 1363 1112 X.
1411 1047 1478 1113 Neo
1503 1050 1569 1113 sine

558 1190 649 1232 cansa
673 1191 744 1254 ergo
769 1167 837 1232 urbi
861 1168 965 1232 datum
990 1191 1101 1232 nomen
1125 1175 1171 1232 est
1193 1192 1211 1231 a
1233 1167 1369 1232 Pindaro
1392 1166 1490 1244 illud,
1507 1188 1569 1250 quo

554 1293 585 1348 et
615 1284 781 1370 Neptunus
806 1286 1008 1350 honoraretur
1031 1293 1061 1350 et
1086 1287 1205 1371 eruptio
1230 1308 1327 1369 aquae
1350 1285 1486 1350 marinae
1509 1285 1568 1369 sig-

554 1404 743 1468 nificaretur:
780 1412 872 1488 atque
908 1405 962 1469 ille
998 1403 1165 1489 Neptunus
1195 1427 1291 1488 quum
1322 1401 1422 1476 ἵππιος
1456 1404 1566 1481 fuerit,

554 1533 589 1587 ut
621 1524 716 1587 tradit
738 1523 905 1588 Pausanias
929 1523 1061 1601 ibidem,
1087 1531 1173 1587 tanto
1198 1524 1300 1608 aptius
1323 1523 1382 1587 hoo
1406 1522 1474 1587 loco
1499 1545 1567 1609 eog-

554 1665 664 1706 nomen
692 1651 737 1706 est
759 1642 791 1705 in
817 1642 1029 1727 quadrigariae
1053 1625 1199 1707 victoriae
1222 1641 1411 1707 laudatione.

601 1766 652 1825 85.
688 1762 787 1826 ἔλασε.
822 1761 973 1826 Feriendo
1001 1762 1114 1846 tetigit.
1162 1760 1252 1825 Nem.
1278 1760 1342 1825 VII
1368 1763 1407 1823 61

703 1876 748 1942 ἕνα
772 1905 811 1943 νιν
833 1880 938 1944 ἔλασεν
962 1878 1149 1958 ἀντιτυχόντ’
1173 1880 1242 1957 ανὴρ
1265 1882 1424 1962 ροαχαύρα.

554 1998 661 2083 Eurip.
688 1998 778 2063 Herc.
804 2000 863 2063 fur.
888 2000 952 2063 347

845 2120 900 2183 rita
923 2117 1147 2201 καλλύφύονγον
1171 2117 1289 2195 κιύοὶραν

845 2237 971 2301 ἐλαύνων
996 2238 1133 2317 πλήκτρῳ
1154 2234 1279 2316 χρυσέῳ.

603 2359 655 2420 86.
691 2357 773 2421 ἔδικε.
809 2355 963 2420 Convenit
997 2357 1070 2421 huie
1105 2363 1289 2419 structurae·
1312 2352 1422 2437 Eurip.
1454 2351 1569 2415 Phoen.

559 2476 621 2536 662
647 2474 684 2538 de
708 2476 868 2539 interfecto
893 2475 1024 2539 dracone

850 2592 878 2659 ὃν
906 2598 954 2658 ἐπὶ
978 2594 1119 2674 χέρνιβας
1143 2594 1237 2670 μολὼν

791 2758 793 2763 ·
848 2710 966 2789 Κύδρεος
989 2712 1078 2776 ὤλεσε
1102 2711 1264 2792 μαρμοὶριρ,

849 2836 946 2911 κρᾶτα
969 2818 1072 2914 φόνιον
1089 2830 1246 2910 ὀλεσίθηρος

849 2949 958 3022 ὠλένας
981 2950 1060 3013 δικὼν
1083 2949 1200 3026 βολαῖς.

559 3071 600 3133 Et
624 3070 751 3134 fortasse
776 3056 995 3153 aliquomodo
1019 3068 1127 3152 Ilnrip.
1152 3065 1206 3130 Or.
1232 3067 1296 3129 982

826 3189 930 3266 Πέλοψ
954 3186 1042 3252 ὁπότε
1064 3186 1213 3262 Μυρτίλον
1237 3182 1322 3264 Φύνον

803 3307 908 3371 -δικὼν
931 3309 960 3377 ἒς
983 3303 1077 3383 οἶδμα
1100 3304 1220 3368 πύντου·

560 3429 586 3491 si
609 3428 642 3492 id
665 3436 730 3505 est,
755 3426 873 3511 Myrtili
898 3424 1022 3489 eaedem
1047 3444 1232 3509 persequens
1256 3420 1343 3485 etin
1365 3417 1457 3482 maris
1473 3415 1572 3481 undas

560 3545 769 3631 persequendo
798 3545 965 3630 perficiens.
1013 3543 1157 3607 Ceterum
1181 3541 1294 3605 usItata
1316 3544 1472 3602 structum
1495 3534 1574 3598 foret

560 3669 589 3736 ἐς
611 3667 705 3741 μᾶκος
729 3664 801 3728 ἔδικε
825 3663 944 3745 πέτρον,
969 3661 1054 3727 velut
1076 3660 1130 3745 Py.
1156 3658 1204 3722 IX
1230 3660 1294 3721 218

849 3780 949 3845 πολλού
972 3804 1021 3856 μιν
1045 3786 1128 3843 κεῖνοι
1152 3777 1226 3841 δι’κον

849 3899 945 3981 φύλλ’
967 3897 1014 3962 ἔπι
1037 3898 1086 3961 καὶ
1110 3880 1293 3978 στεφάνους·

562 4018 604 4082 nt
619 4019 725 4102 Eurip.
741 4018 857 4082 Phoeu.
876 4020 939 4079 668
956 4015 1085 4080 deestis
1102 4037 1119 4078 a
1135 4013 1252 4077 Cadmo
1269 4012 1409 4076 draconis
1426 4007 1576 4074 dentibus

873 4142 1018 4212 γαπετεῖς
1043 4134 1122 4197 δικὼν
1145 4131 1262 4203 ὀδόντας

873 4257 902 4324 ἐς
924 4252 1124 4333 βαθυσπόρους
1148 4250 1236 4327 γύας.

610 4377 661 4440 87.
698 4374 767 4454 ὑπὲρ
794 4374 942 4437 οὶπύντων.
977 4369 1067 4434 Nem.
1101 4368 1149 4433 IX
1184 4370 1245 4431 129
1271 4366 1340 4446 ὑπὲρ
1363 4369 1498 4437 πολλῶν,
1519 4360 1579 4425 Ist.

566 4492 601 4557 Π
625 4496 665 4556 58
691 4493 760 4570 ὑπὲρ
783 4492 954 4572 οἱνύρύπυν..
