3767 5534
908 716 972 778 580

432 911 554 997 aliique.
601 912 745 977 Afferunt
775 914 912 999 exempla
943 913 994 980 01.
1026 913 1073 978 Vl
1106 916 1191 991 llil„
1219 914 1257 984 de
1286 937 1349 1000 quo
1373 922 1442 980 tum

431 1029 670 1115 disputavimus:
702 1031 794 1096 etiam
826 1030 876 1096 Ol.
899 1031 965 1095 VII
998 1034 1080 1110 152,
1104 1033 1119 1097 d
1141 1034 1169 1097 ἐν
1187 1034 1296 1113 Ἄργει
1323 1037 1441 1112 χαλινὸς

430 1149 504 1227 ἔγνον
534 1174 600 1227 rara:
633 1171 732 1234 neque
758 1150 826 1234 ipsa
847 1152 1000 1215 sententia
1021 1151 1100 1216 foret
1123 1151 1272 1229 absurda,
1298 1152 1442 1236 praemiis

431 1266 632 1330 certaminum
655 1267 801 1330 victorem
821 1268 1014 1332 inclaruisse:
1032 1277 1241 1335 verumtamen
1256 1267 1301 1335 ihi
1316 1290 1442 1353 quoque

433 1384 586 1467 propriam
618 1384 702 1448 verbi
733 1385 986 1468 significationem
1017 1386 1208 1453 retinendam
1239 1409 1310 1453 ease:
1333 1386 1442 1451 crcdnr

430 1500 485 1564 1111
508 1501 641 1584 praemia
663 1501 762 1583 deque
785 1502 824 1565 iis
847 1502 973 1566 certatio
997 1510 1213 1587 coguoverunt
1229 1502 1337 1580 illurn,
1355 1502 1443 1586 quasi

431 1624 556 1701 experta
579 1624 667 1695 sunt,
693 1618 792 1701 qualis
815 1618 868 1682 ille
891 1626 980 1684 esset.
1016 1617 1163 1684 Similiter
1186 1618 1371 1696 Hieronem,
1387 1618 1443 1701 qui

430 1732 611 1813 οὶγοιοιΐζετοιι
623 1736 908 1815 necessariaiam,
921 1734 971 1800 Ol.
985 1735 1002 1798 I
1015 1737 1067 1813 22,
1080 1735 1217 1813 ἁδύλογοι
1228 1737 1313 1813 λύροιι
1325 1735 1444 1812 μολπαί

430 1875 464 1915 τε
479 1852 658 1927 γινώσκοντιι
675 1860 883 1936 cognoverunt
894 1851 984 1916 illum
996 1853 1130 1917 citharae
1144 1851 1202 1916 sibi
1215 1851 1356 1915 deditum
1368 1852 1444 1936 peri-

430 1974 559 2053 tumque
582 1969 643 2031 sni:
668 1966 719 2033 Ol.
731 1968 779 2031 VI
798 1970 870 2032 163.
906 1968 1002 2054 Apud
1021 1976 1136 2034 ceteros
1153 1969 1332 2053 scriptores,
1350 1989 1444 2053 quau·

432 2094 498 2149 tum
530 2086 610 2163 scio,
643 2086 769 2150 verbum
801 2087 949 2163 γινώσκειν
980 2086 1236 2171 significationem
1267 2083 1443 2150 illustrandi

432 2202 480 2266 vel
503 2204 749 2286 cognoscendum
771 2204 905 2268 faciendi
926 2225 1087 2290 uunquam
1110 2203 1219 2268 habet:
1235 2224 1293 2267 nec
1308 2202 1358 2266 his
1374 2201 1444 2272 Pin-

431 2318 497 2382 dari
527 2320 620 2397 locis,
652 2344 719 2385 mea
750 2322 875 2405 quidem
898 2323 1060 2388 sententia.
1105 2320 1175 2385 Jam
1198 2342 1269 2384 vero
1292 2319 1442 2398 γνώσομαι

430 2435 555 2516 Κόρινθον
588 2438 633 2502 111
666 2440 866 2523 interpretor,
900 2440 994 2506 adibo¹
1021 2448 1051 2504 et
1081 2438 1212 2504 visitabo
1241 2436 1443 2504 Corinthum:

431 2556 549 2637 poetice
580 2556 723 2638 quidem,
755 2556 908 2639 quomodo
939 2556 990 2622 Ol.
1022 2556 1043 2622 1
1074 2558 1114 2620 16
1146 2578 1178 2619 11
1209 2555 1247 2628 ed
1277 2554 1443 2620 Hieronem

432 2672 552 2746 venire,
579 2674 641 2737 178
663 2672 702 2740 ad
718 2679 852 2737 montem
869 2674 1017 2738 Cronium
1033 2673 1123 2750 dicit,
1141 2680 1172 2735 11
1187 2693 1276 2756 saepe
1292 2670 1443 2755 ejusmodi

432 2790 584 2852 sententia
614 2790 729 2868 utitur,
762 2813 833 2875 qua,
854 2791 1040 2856 carminibus
1072 2790 1206 2874 aliquem
1232 2787 1390 2854 celebrans
1413 2810 1443 2855 se

432 2905 461 2968 ei
494 2905 597 2969 adesse
627 2907 763 2970 nunciet.
810 2907 957 2971 Similiter
988 2928 1171 2992 cognoscere
1202 2904 1285 2990 apud
1315 2904 1442 2969 Latinos

433 3029 623 3105 praesentem
655 3021 797 3088 advenire
828 3024 997 3107 siguificat,
1022 3024 1107 3090 velut
1130 3024 1268 3107 Propert.
1293 3021 1331 3086 L.
1356 3022 1375 3091 I
1396 3021 1444 3085 nl.

433 3137 481 3201 VI
507 3141 523 3202 1
549 3137 683 3204 Hadriae
705 3160 787 3203 marc
810 3160 957 3228 noscere,¹
980 3143 1019 3204 13

479 3256 529 3335 An
551 3255 628 3319 mihi
651 3256 692 3320 sit
715 3256 794 3320 tanti
816 3256 921 3320 doctas
946 3279 1127 3341 cognoscere
1150 3256 1305 3321 Athenas:

434 3370 502 3435 Tib.
519 3370 555 3434 L.
580 3370 633 3433 HI
655 3370 703 3434 El.
728 3371 757 3433 V
782 3374 823 3435 23

590 3487 711 3572 Elysios
734 3489 808 3552 olim
830 3488 922 3553 liccat
945 3511 1127 3574 cognoscere
1150 3510 1285 3573 campos.

435 3604 630 3690 Quamquam
654 3628 726 3690 ergo
749 3628 932 3691 cognoscere
956 3615 987 3671 ct
1011 3607 1095 3672 adire
1118 3604 1304 3670 Corinthum
1318 3603 1445 3669 Pindari

436 3746 519 3794 more
550 3745 614 3786 uon
636 3723 722 3792 aliud
745 3724 897 3807 significat
919 3726 979 3788 nisi
1003 3724 1136 3789 carmine
1159 3744 1225 3788 cam
1250 3721 1395 3806 amplecti
1419 3730 1449 3788 11

434 3839 605 3918 celebrare,
628 3847 730 3906 1111111
753 3841 851 3925 ipsam
871 3841 955 3906 verbi
970 3840 1223 3926 significationem
1238 3838 1450 3903 demonstran·

435 3954 507 4018 dam
530 3976 593 4019 esse
616 3957 801 4039 putavimus

482 4080 513 4135 1.
548 4071 664 4148 ὀλβίοιο.
698 4072 747 4138 De
778 4073 955 4138 divitiarum
982 4072 1141 4159 opulentia
1163 4071 1213 4135 hic
1236 4069 1362 4153 quidem
1386 4069 1449 4135 dici

438 4187 575 4252 videtur:
608 4190 687 4253 conf.
715 4212 748 4253 vs
778 4193 836 4254 10:
859 4198 962 4255 tamen
985 4191 1045 4254 alia
1068 4190 1160 4253 etiam
1183 4186 1408 4273 significatione
1431 4209 1450 4252 a

436 4304 532 4370 Poeta
560 4307 634 4391 poni
665 4309 760 4385 solet,
793 4307 878 4372 velut
908 4307 958 4372 Ol.
983 4308 1047 4371 VII
1082 4310 1132 4372 17.
1163 4304 1222 4383 ‚Et
1250 4304 1449 4385 ἀγλαόκουρον

436 4424 548 4489 civium
578 4424 778 4490 multitudiue
809 4433 842 4492 et
870 4426 978 4492 robore
1010 4434 1040 4490 11
1070 4424 1178 4492 decore
1202 4443 1268 4500 eam
1291 4421 1449 4487 civitatem
