3767 5534
907 701 971 761 281

431 910 564 987 thenas,
603 917 638 972 ut
676 915 828 970 testantur
866 903 1073 981 Scholiastac,
1110 899 1161 964 sed
1199 901 1229 964 in
1262 899 1451 985 reliquorum

432 1029 619 1093 nominibus
643 1028 736 1092 iidcm
760 1050 821 1090 non
846 1025 1055 1091 consentiunt.

487 1149 560 1209 146,
596 1147 807 1224 αἱμακουρίαις.
841 1143 1010 1228 Gregorius
1034 1139 1215 1205 Corinthius
1236 1138 1273 1202 de
1289 1136 1361 1201 dial.
1380 1136 1454 1200 Dor.

433 1269 479 1331 27
518 1265 649 1351 explicat
683 1266 724 1329 rol
759 1271 814 1329 τῶν
849 1269 949 1344 νεκρῶν
984 1262 1178 1339 ἐναγίσματα
1210 1267 1240 1323 et
1274 1257 1455 1322 vocabulum

434 1385 570 1448 Doricae
604 1383 734 1447 dialecto
770 1382 924 1446 vindicat:
962 1380 1142 1445 Boeoticum
1178 1379 1271 1442 fuisse
1306 1377 1457 1441 affirmant

433 1503 646 1580 Scholiastae‚
678 1511 709 1566 et
740 1502 880 1566 derivant
911 1502 972 1566 απὸ
995 1508 1046 1566 τοῦ
1070 1500 1245 1581 κορένννσθαι
1269 1498 1325 1569 τας
1348 1496 1455 1577 ψυχας

431 1620 574 1700 αἵματος.
623 1622 752 1686 Fiebant
784 1623 876 1686 etiam
907 1629 1007 1686 aetate
1040 1621 1208 1685 Pausaniae
1240 1642 1325 1683 sacra
1353 1640 1456 1682 aurrua

432 1742 563 1826 Pelopi,
589 1741 798 1806 immolatione
818 1743 900 1827 nigri
921 1741 1037 1805 arietis:
1063 1740 1154 1804 Paus.
1171 1738 1207 1804 L.
1225 1738 1254 1801 V
1271 1737 1306 1803 0.
1323 1738 1407 1802 XIII
1424 1739 1453 1801 2.

487 1866 561 1927 147.
596 1864 756 1941 ἀγλααῖσι.
793 1860 883 1926 Nem.
909 1860 956 1924 IV
981 1864 1022 1925 33
1046 1859 1164 1938 ἀγλαὸν
1186 1858 1311 1937 τύμβον.

485 1983 558 2046 147.
597 1982 750 2059 μέμικται.
790 1981 939 2045 Similiter
975 1979 1053 2044 Isth.
1090 1979 1124 2042 Π
1160 1982 1201 2042 43
1236 1978 1391 2050 ἀθανάτοις
1427 1980 1455 2043 ἐν

431 2108 539 2180 τιμαῖς
570 2100 699 2182 ἔμιχθεν.
755 2101 896 2166 Affirmat
925 2100 1114 2178 Pausaniae,
1147 2098 1182 2163 L.
1208 2098 1236 2159 V
1268 2098 1303 2163 Ο.
1328 2097 1410 2161 XIII
1441 2102 1452 2160 l

434 2220 582 2305 Pelopem
617 2219 778 2306 Olympiae
816 2222 860 2284 ita
896 2243 991 2306 supra
1025 2220 1132 2285 heroas
1170 2220 1302 2303 reliquos
1337 2218 1454 2283 cultum

435 2340 533 2405 fuisse
556 2348 591 2404 ut
613 2341 723 2404 Iovem
746 2363 839 2426 snpra
862 2340 998 2424 reliquos
1024 2340 1114 2404 Deos.

488 2464 559 2524 148.
592 2462 707 2531 κλιθείς.
740 2460 902 2525 Accubans
928 2460 966 2524 ad
992 2460 1106 2545 Alphei
1129 2460 1273 2537 fluvium,
1295 2460 1385 2544 juxta
1405 2457 1456 2521 Al-

438 2579 552 2665 pheum
577 2580 706 2664 positus.
739 2578 831 2642 Hom.
856 2578 895 2643 Il.
917 2578 946 2639 V
972 2581 1034 2645 709
1057 2580 1145 2659 uturp
1163 2578 1328 2655 κεκλιμένος
1345 2583 1456 2657 Καφισ-

437 2699 510 2782 σιῖι,
543 2698 684 2763 habitans
716 2720 810 2783 prope
834 2698 936 2762 lacum
962 2697 1162 2783 Cephissum:
1188 2696 1247 2761 XV
1274 2700 1336 2764 740
1361 2697 1455 2777 πόντῳ

435 2819 615 2901 κεκλιμένοι,
641 2818 718 2882 mari
741 2818 890 2904 proximi,
915 2824 953 2882 ut
976 2818 1056 2882 nihil
1079 2818 1210 2882 intersit.

484 2940 557 3002 149.
592 2938 717 3017 τύμβον.
753 2938 791 3003 In
825 2939 951 3003 scholiis
986 2939 1139 3003 veteribus
1166 2939 1338 3022 αμφίτιλον
1361 2938 1456 3025 expli·

435 3063 525 3122 catur
547 3058 579 3121 in
603 3058 678 3123 urbe
695 3058 811 3138 media,
836 3058 880 3123 ibi
896 3060 977 3123 enlm
994 3060 1088 3124 fuisse
1105 3059 1245 3144 sepulcra
1261 3058 1454 3124 conditorum

435 3175 577 3241 urbium:
611 3177 659 3241 vel
689 3177 774 3263 quod
805 3200 823 3241 a
854 3178 1044 3242 certantibus
1076 3179 1261 3256 ambiretur,
1293 3179 1326 3243 in
1354 3179 1454 3243 stadio

436 3296 518 3361 enim
542 3297 654 3361 fuisse:
680 3297 728 3361 vel
752 3297 825 3363 orbe
848 3298 886 3363 ab
911 3299 995 3363 omni
1021 3306 1107 3385 parte
1130 3299 1169 3363 ad
1185 3298 1265 3363 illud
1280 3299 1454 3383 frequentes

436 3416 613 3481 accessisse:
647 3424 678 3480 et
709 3416 788 3481 hauc
820 3417 941 3502 quidem
974 3419 1206 3504 explicationem
1231 3419 1321 3483 etiam
1346 3419 1454 3484 Eusta-

435 3536 522 3601 thius
546 3536 756 3615 commendat,
781 3536 820 3601 ad
843 3536 904 3602 Od.
928 3538 946 3602 I
974 3541 1046 3604 136.
1089 3539 1230 3621 Ἀρχαῖσν
1253 3543 1342 3617 σᾶμα
1365 3540 1454 3606 Πέλο-

435 3678 490 3727 τος
513 3663 699 3720 memoratur
722 3657 813 3720 etiam
838 3656 889 3721 01.
915 3657 944 3721 X
970 3660 1023 3722 30.
1075 3660 1103 3722 A
1126 3658 1279 3724 Pausania
1301 3658 1337 3723 L.
1363 3658 1392 3720 V
1416 3660 1451 3725 C.

435 3772 520 3837 XIII
550 3782 737 3839 memoratur
768 3776 856 3840 lucus
888 3778 920 3841 in
945 3777 1011 3841 Alti
1038 3778 1086 3843 vel
1109 3778 1232 3857 fanum,
1257 3779 1374 3857 τέμενος
1399 3780 1453 3843 Pe-

434 3893 529 3979 Iopis,
554 3894 715 3977 Πελόπιον,
741 3894 861 3980 lapideo
880 3896 978 3975 vallo,
1004 3897 1120 3962 habens
1136 3899 1257 3964 arbores
1274 3907 1304 3963 et
1320 3906 1452 3978 statuas,

435 4012 519 4096 quod
535 4012 685 4077 Hercules
699 4013 859 4078 dicebatur
871 4036 1077 4081 consecrasse:
1095 4018 1237 4104 idemque
1250 4041 1334 4083 sacra
1346 4020 1452 4084 fecisse

435 4132 598 4197 dicebatur
620 4134 652 4197 in
677 4135 812 4200 scrobem
838 4135 964 4222 Pelopi,
990 4139 1018 4211 ἒς
1045 4139 1093 4204 τὸν
1116 4139 1230 4219 aaaron:
1256 4146 1287 4204 et
1309 4162 1394 4204 sacra
1417 4163 1452 4205 ea

436 4252 529 4317 etiarn
554 4276 610 4317 sua
633 4260 733 4319 aetate
756 4256 969 4340 permansisse.
1009 4258 1056 4322 De
1079 4258 1199 4323 ossibus
1223 4261 1315 4325 etiam
1331 4260 1451 4347 Pelopis

437 4371 552 4437 ibidem
576 4374 691 4437 mentio
716 4383 772 4438 est.
809 4375 903 4440 Aram
927 4399 997 4441 vcro
1016 4377 1102 4441 Jovis
1117 4377 1253 4465 Olympii
1270 4380 1361 4445 fuisse
1378 4380 1453 4445 dicit

437 4498 508 4556 ante
532 4491 703 4579 Pelopium.
751 4492 867 4559 Verum
890 4496 1003 4560 tumuli
1027 4497 1150 4585 quidem
1176 4521 1237 4564 non
1260 4500 1376 4565 mentio
1395 4508 1450 4567 cst.
