3767 5534
1003 736 1066 797 540

576 936 628 996 39.
652 934 697 997 -σὶ,
733 932 957 1019 Saepenumero
980 937 1102 1002 dativus
1126 946 1173 1002 est
1195 937 1279 1022 apud
1300 936 1473 1003 Pindarum
1487 958 1543 1020 pro

531 1048 681 1131 genitivo:
714 1049 799 1143 velut
829 1051 879 1116 Ol.
903 1051 952 1115 IX
977 1057 1028 1117 24.
1065 1052 1283 1119 Verumtamen
1307 1053 1366 1117 hoo
1387 1052 1457 1116 looo
1481 1071 1543 1115 ere·

530 1163 636 1229 didere
660 1189 728 1230 eum
752 1190 822 1232 eum
846 1168 925 1245 δόξαν
949 1171 1197 1257 conjungendum
1219 1194 1298 1236 ease:
1316 1170 1401 1254 quod
1417 1167 1545 1233 verbum

530 1284 706 1368 frequenter
737 1285 873 1350 dativum
905 1287 998 1352 habet
1030 1289 1113 1373 ejus,
1138 1312 1156 1353 a
1178 1311 1240 1375 quo
1264 1290 1332 1372 quis
1356 1286 1474 1372 aliquid
1499 1308 1546 1349 ae·

531 1403 634 1488 eipiat.
681 1403 835 1469 HomIl.
860 1405 966 1469 1596

620 1521 721 1592 παιδός
744 1520 860 1597 &tiara
881 1524 958 1609 χειρὶ
981 1524 1144 1601 κύπελλον,
1169 1547 1223 1610 pro
1247 1527 1280 1590 ἐκ
1301 1523 1398 1605 χερός.

531 1638 569 1701 IL
594 1637 630 1701 Π
654 1641 716 1702 186
739 1638 845 1717 δέξαιτό
865 1642 890 1706 οἱ
913 1650 1057 1721 σκῆπτρον
1080 1642 1232 1723 τάτράῖσν.

532 1756 561 1821 Π
584 1756 644 1821 XV
669 1760 708 1824 87
734 1758 859 1837 Θέμιστι
883 1760 912 1824 δὲ
934 1764 1126 1844 κάλλνσάρηῳ
1148 1761 1230 1827 diaeo
1253 1761 1354 1832 δόντας.

533 1872 592 1940 Od.
616 1874 696 1938 XVI
718 1880 760 1941 40
784 1878 809 1941 οἱ
831 1877 949 1954 ἐδέξατο
971 1877 1229 1960 χάλκεσν’ἔνχος.

532 1991 583 2057 Ita
604 2015 728 2077 quoque
749 1994 808 2058 hoo
831 1994 899 2059 loeo
923 1996 1073 2081 seriptum
1100 1997 1232 2062 videtur.

579 2113 632 2174 39.
667 2110 821 2192 στεφάνων
843 2113 986 2191 ἐγκώμιον
1008 2114 1125 2191 τεόμόν.
1162 2114 1309 2180 Similiter
1332 2113 1383 2177 Ol.
1400 2111 1467 2176 VII
1485 2114 1546 2175 161

537 2225 624 2303 ὕμνον
647 2229 751 2307 τεθμόν
774 2229 1013 2307 Ὀλυμπιονίκην.
1049 2231 1173 2297 Laudes
1197 2232 1318 2297 debitae
1341 2238 1372 2295 et
1393 2230 1473 2295 festa
1487 2251 1549 2294 oar·

535 2346 619 2410 mina
642 2347 864 2431 significantur.
900 2349 1038 2433 Heynius
1061 2349 1180 2414 mavult
1203 2371 1346 2434 pompam
1367 2346 1545 2433 significari,

536 2464 610 2548 quia
644 2464 796 2550 adjectum
831 2468 888 2545 sit,
919 2467 968 2533 τὸν
998 2468 1067 2544 atae
1098 2468 1199 2533 πεδίων
1229 2468 1262 2533 ἐκ
1291 2466 1396 2535 Πόσσις.
1430 2463 1546 2527 Verum

536 2583 631 2647 Poeta
663 2585 799 2649 oratione
831 2586 950 2670 poetica
980 2586 1095 2651 utitur:
1128 2608 1217 2670 saepe
1244 2586 1309 2670 jam
1336 2583 1374 2647 de
1397 2579 1546 2667 ejusmodi

535 2700 627 2764 rebus
658 2703 842 2767 sententiam
871 2712 1007 2769 nostram
1035 2703 1265 2789 proposuimus:
1288 2701 1419 2766 landum
1442 2698 1547 2764 earmi-

536 2839 674 2902 numqne
696 2836 788 2884 eausa
810 2820 899 2884 Pisae
922 2832 1011 2906 part-a
1032 2822 1106 2886 fuit:
1129 2820 1161 2884 id
1186 2819 1350 2905 significari
1374 2818 1506 2882 videtur.

582 2938 635 3001 41.
655 2938 822 3019 ·τεντάόλῳ
851 2938 919 3017 ἀμνε
949 2939 1074 3004 στάδόσν.
1110 2937 1208 3002 Stadii
1238 2936 1382 3001 victoriae
1410 2938 1546 3019 quantus

537 3054 634 3118 honos
664 3054 770 3133 fuerit,
795 3058 868 3120 satis
892 3079 928 3120 ex
952 3079 987 3120 eo
1011 3055 1218 3139 intelligitur,
1243 3054 1325 3140 quod
1349 3050 1548 3138 Olympiades

537 3182 714 3238 numeratae
743 3175 870 3239 fuerunt
897 3174 1064 3239 seeundum
1087 3173 1211 3237 illorum
1235 3172 1383 3236 victorum
1406 3170 1548 3234 nomina:

539 3299 570 3357 et
601 3292 792 3378 quinquertii
823 3293 958 3378 prolecto
989 3299 1113 3377 propter
1142 3289 1315 3355 certaminis
1338 3286 1550 3352 difficultatem

538 3410 607 3474 laus
631 3411 741 3474 eximia
763 3394 838 3475 fuit
931 3424 933 3428 “

584 3533 638 3593 43.
672 3528 880 3607 ἀντεβόλησεν.
916 3525 996 3591 Cum
1020 3526 1123 3591 dativo
1148 3524 1240 3589 Hom.
1264 3523 1303 3587 Il.
1328 3520 1375 3587 XI
1400 3524 1465 3586 809

673 3646 738 3711 ἔνόη
761 3648 785 3710 οἱ
807 3647 976 3726 Εὐρύπυλος
1000 3640 1185 3723 βεβλημένος
1209 3640 1410 3722 ἀντεβόλησε,

540 3764 599 3828 Od.
625 3763 672 3827 XI
695 3765 758 3827 415
784 3763 835 3838 ἤδη
857 3764 911 3840 μὲν
934 3764 1044 3828 πολέων
1068 3760 1173 3839 ἀνδρῶν
1196 3759 1274 3839 Φόνῳ
1295 3755 1516 3832 ἀντεβόλησας.

541 3879 620 3945 Cum
643 3880 777 3964 genitivo
800 3878 860 3942 Od.
884 3878 931 3941 IV
957 3881 1019 3944 547
1044 3878 1081 3942 σὺ
1100 3877 1130 3941 δέ
1145 3901 1194 3941 κεν
1211 3875 1310 3956 τάφσν
1325 3872 1555 3949 ἀντιβολήσαις,

541 3996 667 4060 Hesiod.
691 3995 751 4082 Op.
778 3998 841 4062 784
865 3996 965 4073 νόμον
988 3995 1191 4071 ἀντιβολῆσάν.

586 4116 638 4177 44.
673 4113 878 4178 οὐκ-οὔπω.
914 4111 1008 4176 Hand
1028 4110 1185 4193 intelligo,
1203 4131 1282 4193 quae
1298 4129 1390 4171 eausa
1401 4104 1553 4189 quosdam
1591 4134 1595 4140 ¹

541 4236 791 4295 commentatores
821 4235 1013 4315 permoveat,
1046 4234 1080 4290 ut
1109 4228 1167 4291 hoe
1195 4225 1310 4289 Graece
1334 4223 1396 4288 diei
1420 4228 1555 4307 negent,

542 4348 635 4425 alios,
668 4354 702 4411 ut
731 4346 817 4424 ἀσάξ
845 4344 1002 4425 λεγόμενον
1035 4367 1118 4421 esse,
1149 4343 1181 4407 id
1216 4348 1262 4406 est
1291 4339 1431 4425 exemplo
1455 4362 1558 4404 carere

545 4464 656 4530 dieunt.
