3767 5534
986 724 1050 782 440

511 924 648 988 videtur:
673 932 739 985 tum
764 923 837 1004 qnia
860 930 1096 986 consentaneum
1123 930 1181 1001 cst,
1201 924 1357 988 victoriam
1374 926 1520 989 celebrari

511 1043 543 1105 in
576 1043 697 1105 victoris
732 1040 844 1124 patria:
876 1048 943 1102 tum
975 1041 1083 1118 etiam,
1109 1043 1182 1125 qnia
1206 1050 1236 1105 et
1260 1044 1326 1127 ipsa
1350 1044 1469 1128 Aegina
1494 1052 1525 1108 et

511 1158 618 1225 laudes
649 1163 713 1246 ejus
744 1166 881 1223 vetustae
912 1159 1104 1224 celebrantur
1132 1161 1285 1245 impense:
1318 1169 1349 1226 et
1380 1186 1459 1248 quae
1487 1164 1525 1228 de

513 1280 603 1343 domo
635 1278 757 1342 victoris
787 1286 817 1340 ct
848 1277 931 1340 tribu
964 1278 995 1340 in
1027 1285 1161 1341 extrema
1193 1287 1276 1363 parte
1308 1282 1451 1344 carminis
1481 1303 1527 1345 ca·

512 1407 648 1473 nontur,
673 1397 763 1459 ctiam
788 1396 922 1479 apprime
947 1403 1020 1458 snut
1043 1396 1108 1479 ejus
1133 1398 1249 1480 patriae
1273 1400 1500 1463 convenientia.

559 1516 665 1578 Fuisse
701 1519 802 1576 antem
838 1535 949 1596 magna
985 1512 1105 1576 videtur
1142 1515 1348 1580 Alcimedonti
1383 1517 1529 1581 victoriae

514 1633 661 1697 felicitas:
694 1655 764 1695 nam
788 1630 927 1695 solebant
950 1630 1115 1694 luctatores
1140 1638 1221 1696 sorte
1244 1632 1276 1696 in
1301 1634 1385 1717 paria
1411 1634 1526 1713 dividi,

515 1760 550 1814 ut
574 1751 706 1835 quisque
730 1772 827 1812 unum
850 1748 976 1812 baberet
1000 1749 1219 1829 adversarium,
1245 1774 1380 1834 quocum
1403 1766 1530 1818 conten·

515 1869 617 1932 deret:
652 1868 762 1951 quodsi
793 1889 863 1931 vero
896 1873 1079 1931 certatorum
1111 1891 1258 1932 numerus
1289 1870 1390 1933 fuerat
1413 1871 1530 1956 impar,

516 2009 596 2051 unns
618 1985 747 2049 debebat
763 1992 843 2048 sorte
860 1986 924 2047 sine
941 1985 1113 2049 adversario
1129 1986 1280 2069 relinqui:
1298 1987 1348 2051 hic
1365 1988 1532 2053 vocabatur

515 2104 641 2186 ἔφεδρος,
655 2110 685 2165 et
703 2102 912 2187 exspectabat,
929 2101 1026 2167 donec
1039 2103 1230 2188 reliquorum
1250 2106 1415 2169 certamina
1428 2113 1530 2170 essent

516 2221 612 2285 finita.
648 2220 724 2283 Erat
748 2220 842 2303 igitur
867 2220 940 2283 haec
962 2226 991 2283 et
1004 2221 1234 2285 existimabatur
1246 2223 1367 2307 egregia
1379 2223 1529 2288 felicitas:

517 2362 587 2403 nam
602 2340 645 2401 sie
662 2336 836 2401 recentibus
849 2338 915 2421 ipse
930 2337 1046 2401 viribus
1059 2337 1191 2403 habebat
1202 2339 1299 2404 fessos
1306 2342 1370 2425 jam
1383 2341 1529 2406 certando

519 2456 715 2519 adversarios.
763 2454 851 2518 Conf.
887 2454 916 2518 J.
953 2454 994 2518 H.
1030 2454 1167 2533 Kranae,
1199 2454 1361 2541 Olympia,
1394 2481 1423 2542 p.
1458 2460 1531 2522 lla.

519 2574 603 2637 Haec
627 2582 730 2637 autem
750 2595 832 2637 nuno
849 2572 1055 2636 Alcimedonti
1071 2573 1201 2637 felicitas
1218 2574 1382 2658 contigisse
1399 2575 1532 2639 videtur.

519 2690 585 2754 Nec
608 2712 680 2753 saue
703 2712 886 2774 magnopere
909 2690 941 2753 in
966 2689 1023 2753 boc
1048 2690 1180 2754 carmine
1203 2690 1290 2764 labor
1307 2692 1530 2757 Alcimedontis

518 2809 679 2874 laudatur:
717 2809 835 2889 μόχθων
865 2807 987 2887 dunusci
1018 2831 1051 2871 vs
1082 2813 1101 2871 9
1133 2810 1273 2874 universe
1304 2810 1436 2888 dicitnr,
1469 2834 1532 2877 uon

519 2927 716 3012 singulariter
746 2927 784 2991 de
815 2926 1045 2991 Alcimedonte:
1078 2934 1184 2990 contra
1214 2949 1285 2991 vero
1311 2928 1441 2993 felicitas
1465 2930 1530 3014 ejus

520 3046 655 3130 impense
687 3052 887 3120 memoratur,
920 3044 1049 3108 maxime
1081 3067 1114 3107 vs
1148 3047 1187 3107 19
1221 3066 1293 3128 seqq
1326 3053 1357 3109 et
1381 3047 1422 3108 88
1447 3068 1532 3130 seqq.

521 3162 609 3225 Conf.
634 3184 713 3245 quae
736 3161 952 3225 annotabimus
976 3161 1014 3223 ad
1038 3184 1070 3223 vs
1095 3164 1147 3225 90.
1184 3160 1329 3225 Ceterum
1352 3162 1384 3226 in
1405 3162 1534 3247 reliquis

475 3321 480 3328 -
521 3279 611 3343 rebus
634 3277 718 3342 hand
742 3278 822 3341 laeta
845 3276 1011 3341 admodum
1035 3278 1156 3341 victoris
1172 3278 1297 3342 fortuna
1312 3279 1426 3342 fuerat:
1444 3301 1532 3356 nam,

522 3404 559 3460 ut
588 3420 624 3468 ex
657 3403 791 3459 extrema
824 3394 916 3480 bnjns
948 3396 1089 3459 carminis
1115 3403 1199 3479 parte
1222 3396 1332 3460 merito
1357 3397 1535 3482 conjicitur,

523 3514 748 3591 Callimachus,
782 3514 836 3598 qni
866 3520 952 3598 pater
983 3514 1048 3599 ejus
1081 3514 1174 3577 fuisse
1206 3514 1343 3592 videtur,
1377 3515 1536 3599 aliquanto

524 3642 595 3697 ante
618 3639 775 3710 mortuus,
801 3632 975 3716 nuperrime
998 3653 1068 3695 vero
1092 3638 1240 3716 cognatus
1265 3633 1330 3717 ejus
1354 3632 1468 3717 Iphion
1488 3655 1538 3698 ex·

524 3752 656 3815 stinctus
688 3757 769 3813 erat:
804 3771 865 3833 quo
897 3748 1016 3813 dulcior
1039 3771 1111 3813 sane
1135 3756 1165 3813 et
1188 3750 1292 3834 magni
1314 3751 1412 3814 instar
1435 3750 1535 3814 solati

525 3868 652 3931 victoria
686 3876 767 3944 erat,
803 3874 893 3931 aucta
927 3868 1019 3931 etiam
1053 3866 1168 3931 honore
1200 3867 1311 3931 fratris.
1358 3867 1538 3952 Reportarit

525 3986 684 4049 victoriam
708 3983 891 4048 Alcimedon
913 3982 1096 4068 Olympiade
1119 3982 1251 4048 LXXX.

571 4102 667 4179 Sunt,
688 4103 743 4186 qui
763 4126 799 4165 ex
820 4102 935 4165 oraculi
952 4102 1255 4180 commemoratione,
1273 4124 1351 4186 qnae
1364 4104 1538 4167 continetnr

526 4219 615 4282 initio
624 4220 776 4297 carminis,
789 4242 850 4283 non
863 4227 985 4283 tantum
998 4220 1138 4297 efficiant,
1153 4220 1335 4304 promissum
1347 4243 1412 4284 esse
1425 4220 1463 4285 ab
1476 4241 1539 4284 ora·

528 4337 597 4399 culo
623 4338 827 4402 Alcimedonti
850 4359 1030 4422 prosperum
1058 4346 1199 4401 eventum
1222 4339 1412 4417 certaminis,
1434 4361 1538 4403 verum

530 4454 619 4521 etiam
637 4464 760 4544 propter
770 4456 850 4523 hanc
859 4477 979 4522 eausam
992 4455 1108 4522 narrari
1120 4478 1152 4517 vs
1168 4457 1208 4521 53
1222 4456 1401 4549 vaticinium
1414 4455 1452 4519 de
1464 4457 1539 4525 Aea·
