3767 5534
922 720 985 780 407

447 916 562 980 lactum
586 917 719 1002 primum
742 916 849 981 infelix
872 924 903 979 et
925 916 1028 994 exsul,
1054 925 1084 979 et
1103 916 1212 979 iterato
1229 915 1309 977 lacto
1326 914 1383 977 sibi
1397 914 1460 997 jam

445 1032 540 1096 vitam
569 1055 632 1096 non
655 1056 719 1097 esse
743 1033 866 1097 vitalem
891 1033 1067 1096 existimans
1090 1032 1232 1096 incubuit
1255 1053 1310 1094 suo
1333 1030 1459 1115 gladio?

445 1148 560 1213 Herod.
584 1150 621 1215 L.
645 1151 662 1214 I
678 1153 820 1216 35-45.
854 1153 903 1215 An
920 1172 991 1214 vero
1007 1151 1040 1214 in
1055 1150 1174 1234 reliqua
1190 1149 1314 1234 quidem
1330 1148 1459 1213 Graecia

443 1287 479 1328 ea
500 1268 653 1331 sententia
674 1268 750 1345 fuit,
776 1268 814 1332 ab
837 1267 980 1353 Olympia
1002 1288 1073 1331 vero
1093 1274 1123 1331 et
1139 1267 1268 1331 maxime
1285 1288 1370 1330 sacro
1386 1266 1457 1329 luco

394 1440 397 1444 .
440 1382 562 1447 abfuit?
595 1386 739 1450 Attamen
762 1385 905 1470 legimus,
930 1384 1091 1470 Olympiae
1114 1385 1145 1448 in
1165 1384 1253 1448 donis
1270 1385 1451 1447 consecratis

440 1501 533 1565 fuisse
571 1502 677 1567 bovem
709 1526 855 1581 aeneum,
887 1501 1104 1588 aCorcyraeis
1139 1502 1305 1567 donatum:
1339 1502 1455 1565 factum

439 1627 542 1684 antem
566 1642 630 1683 esse
653 1643 725 1685 casu
748 1622 895 1698 fortuito,
921 1629 956 1684 ut
979 1620 1124 1706 parvulus
1148 1643 1223 1705 puer
1247 1619 1304 1684 sub
1329 1641 1363 1683 eo
1380 1620 1456 1683 bove

439 1735 547 1803 sedens
570 1737 708 1817 luderet,
733 1748 764 1803 et
782 1739 993 1823 imprudenter
1009 1738 1130 1803 sublato
1146 1740 1244 1823 capite
1261 1739 1456 1803 collideretur

438 1858 482 1921 ita
512 1864 547 1921 ut
574 1858 655 1920 intra
678 1876 792 1940 paucos
815 1856 880 1921 dies
904 1857 1030 1921 vulnere
1053 1856 1212 1921 absumtus
1237 1864 1324 1921 esset.
1371 1857 1452 1921 Tum

438 1974 506 2039 Illei
538 1974 647 2039 bovem
677 1974 773 2052 hunc,
804 1974 859 2039 ἅτε
891 1972 997 2051 albari
1024 1974 1138 2055 ἔνοχον,
1165 1982 1201 2037 ut
1223 1975 1323 2039 caedis
1347 1998 1455 2053 reum,

441 2114 478 2157 ex
509 2092 575 2156 Alti
602 2100 761 2177 exportare
785 2092 964 2155 voluerunt:
989 2092 1042 2155 sed
1067 2091 1150 2156 Deus
1173 2092 1343 2177 Delphicus
1363 2093 1456 2177 jussit

436 2209 527 2273 illum
549 2232 586 2273 eo
609 2210 670 2274 ritu
687 2210 820 2294 expiari,
838 2230 900 2293 quo
916 2209 1026 2273 Graeci
1042 2209 1174 2272 solerent
1195 2211 1241 2273 uti
1257 2210 1289 2272 in
1307 2210 1456 2293 expianda

441 2326 533 2392 caede
556 2328 772 2392 involuntaria.
807 2327 938 2391 Pausan.
959 2327 995 2392 L.
1013 2327 1042 2387 V
1058 2327 1093 2393 O.
1110 2327 1237 2391 XXVII
1255 2330 1284 2391 6.
1322 2330 1365 2392 At
1381 2352 1453 2393 sane

433 2445 582 2529 Diagoras
605 2468 667 2510 uon
691 2445 841 2530 expianda
864 2446 915 2509 sed
940 2446 1097 2510 laudanda
1124 2447 1323 2531 perpetravit.

480 2561 610 2627 Comen
643 2563 699 2626 hoc
730 2562 873 2638 Pindari,
907 2572 942 2626 ut
975 2564 1007 2626 in
1040 2563 1164 2627 scholiis
1188 2563 1337 2640 traditur,
1362 2564 1455 2648 idque

431 2680 495 2765 jam
518 2681 622 2765 attigi,
647 2681 747 2744 aureis
770 2681 867 2744 literis
889 2680 992 2744 Rhodi
1016 2682 1049 2745 in
1072 2681 1188 2765 templo
1211 2680 1367 2745 Minervae
1384 2681 1455 2746 Lin-

435 2796 504 2861 diae
534 2807 743 2862 consecratum
770 2805 825 2862 est.
873 2797 940 2861 Nec
963 2799 1083 2862 mirum.
1131 2798 1233 2863 Habet
1256 2800 1337 2863 enim
1361 2800 1455 2863 incre-

435 2914 559 2979 dibilem
577 2915 728 2999 Diagorae
739 2914 886 2979 laudandi
899 2916 1097 2992 suavitatem,
1111 2922 1142 2979 et
1153 2915 1197 2979 ita
1211 2916 1249 2979 ad
1262 2916 1453 2981 Rhodiorum

434 3032 563 3118 gloriam
586 3034 754 3097 ornandam
777 3034 928 3117 pertinet,
953 3040 1074 3097 utnon
1097 3035 1253 3118 potuerint
1270 3035 1453 3119 praeclarius

433 3158 666 3215 monumentum
690 3173 812 3235 ponere.

477 3267 515 3331 In
539 3268 656 3331 scholio
679 3276 780 3331 vetere
803 3267 841 3331 ad
861 3269 1094 3353 inscriptionem
1110 3276 1297 3333 memoratur
1312 3269 1449 3353 Apollas.

432 3383 520 3449 Idem
543 3406 654 3449 nomen
678 3384 808 3469 legimus
832 3386 915 3470 apud
940 3385 1151 3463 Athenaeum,
1168 3385 1204 3450 L.
1223 3386 1269 3450 IX
1286 3409 1356 3471 pag.
1374 3390 1449 3464 369,

432 3503 588 3588 scriptoris
612 3503 650 3567 de
673 3503 802 3568 urbibus
825 3503 1039 3588 Peloponnesi.

477 3738 646 3803 Exordium
676 3739 789 3802 faciens
821 3745 978 3821 comparat
1008 3739 1103 3803 Poeta
1135 3762 1191 3803 sua
1222 3740 1356 3803 carmina
1378 3761 1449 3804 cum

432 3865 537 3942 patera
552 3879 661 3934 aurea,
683 3879 774 3941 quam
790 3857 884 3920 donet
898 3857 931 3920 in
947 3857 1065 3941 nuptiis
1081 3878 1165 3921 socer
1180 3880 1308 3942 genero:
1329 3861 1446 3923 1-17.

434 3975 561 4039 Accedit
592 3976 630 4040 ad
657 3976 763 4039 laudes
787 3975 982 4039 celebrandas
1006 3976 1126 4049 Rhodi,
1151 3977 1316 4060 Diagorae,
1344 3984 1375 4039 et
1398 3999 1448 4061 pa·

432 4094 488 4157 tris
520 4094 586 4177 ejus
619 4092 795 4176 Demageti:
830 4095 971 4157 17-35.
1017 4092 1161 4157 Narratio
1192 4093 1230 4156 de
1252 4093 1447 4178 Tlepolemo,

434 4210 586 4293 quomodo
617 4211 660 4286 is,
688 4211 788 4274 occiso
811 4210 990 4295 Licymnio‚
1011 4212 1102 4295 jussu
1125 4211 1278 4295 Apollinis
1303 4211 1446 4275 Rhodum

434 4328 556 4393 abierit:
582 4331 724 4392 36-62.
771 4329 809 4393 In
834 4351 900 4420 eam
923 4352 941 4393 a
962 4329 1038 4393 Jove
1058 4330 1224 4394 demissum
1241 4353 1305 4394 esse
1321 4353 1444 4407 aurum,

373 4495 375 4498 -
433 4468 529 4531 quum
552 4455 726 4511 nasceretur
749 4446 904 4524 Minerva,
929 4455 961 4510 et
979 4446 1059 4510 Solis
1074 4448 1194 4512 monitu
1209 4447 1346 4510 Rhodios
1363 4447 1445 4511 Deae
