3767 5534
917 706 978 767 1³29

820 909 865 974 ‘E.
888 908 931 986 θ.
977 919 1012 974 K.
1036 911 1069 973 θ’.

660 1026 694 1103 ν’,
714 1027 822 1109 Ἰσπρθα
846 1052 885 1092 νιν
918 1028 984 1093 ἔνθα
1007 1033 1124 1099 Λατοῦς

613 1146 753 1211 Ἱπποσθα
775 1146 906 1229 ocyorem

615 1264 726 1342 Δειιο
748 1264 855 1331 essse
876 1266 1034 1348 ἰρκαιις
1056 1246 1117 1331 ιον
1140 1267 1192 1331 νει-

658 1388 710 1465 per
732 1383 782 1449 sal
806 1384 1047 1463 πολυγνάμπτων
1069 1390 1193 1466 μυχῶν,

615 1498 692 1568 Eiet
713 1529 763 1581 μιν
786 1504 948 1581 opertas
971 1505 1027 1569 Εθ·

659 1621 769 1702 ρνσθέος
792 1621 867 1688 ἔντυ’
889 1620 1013 1699 θνοῖνκοο
1035 1622 1174 1702 πατρόθεν

615 1739 791 1833 Χρνσθκερων
813 1739 925 1823 ἔλαφον
948 1742 1063 1817 θήλειαν
1086 1738 1167 1817 θιξον-

659 1859 683 1923 θ
692 1882 701 1898 ·
723 1858 760 1925 ἄν
786 1883 857 1925 ποτε
879 1859 1028 1938 Ταϋγέτα

615 1977 766 2043 Ἀνπιθεῖοθ
785 1978 928 2062 Ὀρθωσίᾳ
950 1979 1080 2060 ἔγραψεν
1104 1976 1190 2058 ἱερθν.

825 2108 861 2163 Σ.
885 2099 925 2176 ν’.
973 2108 1007 2163 Κ.
1029 2099 1061 2161 θ’.

615 2215 680 2279 Τθιν
701 2215 833 2293 μεθέπων
854 2215 898 2281 ἴδε
921 2216 1056 2281 κοῖκεθναν
1080 2215 1171 2296 χθόνα

616 2337 721 2405 Πνοιοῖς
744 2333 837 2400 θπιθεν
861 2334 949 2416 Βορέα
978 2378 979 2382 =

619 2459 748 2535 Ψυχροῦ.
769 2454 828 2519 πόθι
851 2453 964 2535 δένδρεα
986 2454 1127 2532 θαύμαινε
1149 2454 1272 2525 σταθείς.

617 2576 683 2635 Τῶν
708 2596 748 2637 νιν
769 2575 882 2650 γλυκὺς
904 2570 997 2653 ἵμερος
1020 2570 1122 2653 ἔσχεν,

367 2855 369 2860 ,
467 2800 512 2851 46.
539 2801 627 2872 ’Inpia
643 2823 681 2854 νιν.
712 2802 773 2851 'thes
790 2806 847 2852 sunt
864 2802 1007 2867 scripturae:
1025 2818 1096 2867 quarn
1114 2801 1236 2851 dedimus:
1255 2806 1307 2852 tuns
1325 2801 1342 2852 ν’
1355 2801 1454 2871 Ἰστρίαν

431 2918 476 2957 νιν,
497 2902 549 2949 ἔνθα
565 2911 597 2947 u:
618 2914 690 2963 porro
707 2896 837 2967 Ἰσσριανήν
861 2900 1032 2963 Agnoscuntur
1052 2898 1160 2963 singulae
1181 2914 1195 2946 a
1214 2897 1349 2947 scholiastis
1367 2898 1452 2947 veteri-

434 2996 492 3044 bus.
507 2998 587 3059 Atque
603 3011 698 3055 eorum,
716 2995 757 3060 qui
774 2994 901 3045 secundam
917 2998 1062 3059 sequuntur,
1080 2994 1147 3044 serbi
1167 2992 1265 3066 ὥρμαιν’
1278 2994 1405 3060 explicatio
1417 2998 1453 3044 est

434 3098 597 3160 παρώρμησιι
615 3106 675 3155 quse
691 3090 788 3155 quidem
805 3090 949 3155 significatio
967 3090 1038 3155 hujus
1059 3090 1123 3139 verbi
1140 3107 1188 3140 non
1205 3107 1254 3140 esse
1271 3092 1343 3151 solet,
1361 3091 1401 3139 sed
1418 3096 1453 3140 ta·

435 3202 498 3236 meu
516 3185 651 3251 exemplum
668 3186 755 3236 habere
773 3187 868 3236 videtur
884 3186 947 3251 apud
964 3187 1122 3251 Aeschylum,
1140 3188 1225 3251 Agara.
1244 3188 1308 3235 1388

692 3286 750 3335 ciro
765 3288 804 3335 ‘ets
819 3285 888 3335 οθιτοῦ
906 3286 975 3349 θυμὸν
992 3286 1096 3353 ὁρμαίνει
1114 3292 1195 3335 πεσών.

433 3379 601 3443 Scriptursm,
625 3396 697 3444 quam
720 3396 763 3430 nos
783 3380 918 3445 sequimur,
943 3385 1040 3431 secutus
1070 3380 1117 3429 luit
1141 3380 1307 3439 Aristarchus,
1334 3380 1454 3444 explicans

434 3476 488 3525 hoc
504 3475 589 3525 modo:
607 3480 638 3535 ιῖς
654 3483 696 3537 τὴν
710 3487 751 3543 γῆν
767 3479 852 3540 ἐλθεῖν,
871 3480 927 3530 issa
945 3479 1011 3528 αὐτὸν
1028 3482 1042 3535 ἡ
1060 3476 1146 3546 Ἰστρθοι
1161 3477 1271 3546 Ἄρτιμις
1287 3478 1420 3536 ὑπεδέξατο.

478 3572 518 3620 54.
546 3577 669 3624 ἀντιθεῖσα.
702 3572 834 3622 Scholiasta
855 3574 987 3623 recentior:
1005 3579 1137 3627 ἀνατιθεῖσα
1154 3575 1272 3644 ’Δρτέριιδι
1295 3584 1324 3643 τῇ
1342 3574 1454 3644 Ὀρθωσίᾳ

437 3672 570 3737 ἐπέγραψεν
588 3672 657 3737 ἱεράν.
681 3669 714 3718 ht
730 3670 803 3719 alius:
821 3675 848 3721 τὸ
864 3671 888 3721 δὲ
902 3675 1020 3722 ἀντιθεῖσα
1033 3677 1098 3736 η”γοον
1111 3676 1244 3723 ἀνατιθεῖσα
1260 3676 1320 3722 κατὰ
1331 3678 1453 3749 cupressis,

438 3770 510 3827 ἤρων
523 3763 571 3815 ἀνθ’
585 3768 666 3824 ῖανσῆς
678 3770 752 3818 θεῖσα.
778 3766 807 3815 In
819 3766 912 3816 duobus
924 3766 1043 3816 veteribus
1055 3767 1151 3816 scholiis
1163 3767 1290 3832 explicatio
1302 3770 1338 3815 ost
1350 3771 1451 3825 ἀνέθηκε.

479 3863 549 3929 ἱεράν.
583 3860 622 3910 Sic
646 3861 754 3926 Heynius
773 3865 798 3910 et
821 3862 983 3912 hhlwardtus.
1016 3862 1152 3913 Boeckhius
1170 3867 1228 3933 ἱράν.
1264 3862 1399 3927 Utrumque
1417 3865 1453 3910 est

438 3954 562 4006 inlibris.
715 3966 717 3970 ’

478 4052 520 4100 55.
544 4055 654 4104 κακεθναν.
681 4052 720 4101 Sic
737 4053 805 4113 libri,
823 4054 862 4102 vel
879 4059 993 4119 κᾴκιιναν,
1013 4053 1058 4102 nisi
1076 4054 1101 4102 in
1120 4070 1166 4102 ono
1184 4056 1292 4111 κάκιθνης.
1319 4052 1454 4101 Boeclrhius

440 4146 562 4195 edendum
579 4148 696 4211 judicavit
713 4153 751 4200 καὶ
766 4139 855 4213 αιθνοιν,
873 4150 1004 4199 Pindarum
1022 4150 1131 4214 exemplo
1148 4149 1248 4198 Homeri
1266 4164 1315 4197 non
1332 4148 1453 4213 scripsisse

440 4246 524 4301 θκεῖνσς
539 4242 581 4291 sed
597 4251 665 4302 κεῖνος
680 4244 832 4305 existimsns,
849 4245 897 4294 uisi
913 4245 933 4293 si
951 4250 1055 4298 metrum
1071 4245 1141 4294 sliter
1158 4245 1297 4309 postularet.

477 4338 518 4387 56.
543 4348 628 4397 πνοιᾶς.
664 4340 694 4388 In
716 4339 784 4389 libris
806 4340 929 4389 nonnullis
953 4346 989 4390 est
1011 4348 1109 4405 πνοιαῖς,
1132 4340 1204 4389 etiam
1223 4340 1248 4388 in
1274 4340 1326 4389 Pul.
1347 4339 1451 4399 C,eu1u

440 4434 523 4498 glosss
538 4448 629 4503 muos5
648 4440 672 4485 et
689 4441 757 4485 vetus
773 4437 901 4487 scholiasta
917 4441 945 4489 σθ
963 4447 1049 4496 πνοιαῖς
1065 4441 1115 4489 σἰντῖ
1131 4443 1171 4489 τοῦ
1187 4448 1272 4491 πνοιῶν.

475 4531 559 4589 ὄπιθεν.
595 4530 659 4580 Olim
678 4533 771 4585 ὄπισθεν
785 4533 910 4582 edebatur:
929 4533 1065 4584 Schruidius
1081 4550 1109 4583 ex
1126 4533 1178 4584 Pal.
1195 4533 1215 4581 Ο
1232 4532 1298 4582 dedit
1315 4534 1396 4584 θπιθιν.

1250 4648 1252 4654 ’
1313 4632 1329 4686 9
