3767 5534
915 701 977 761 128

617 900 708 978 Ποιτρί
733 900 786 977 μὲν
809 900 916 977 βωμῶν
941 901 1074 978 οἱγιούὲν-

663 1044 733 1093 των,
758 1018 906 1100 διχόμηνις
930 1016 993 1084 ύλον
1015 1021 1224 1102 χρυσάρματος
1409 1024 1452 1084 35

614 1138 757 1217 Ἐοτὲροις
782 1140 931 1218 ίφύοιλμὸν
954 1139 1118 1219 ἀντέφλεξε
1142 1144 1248 1217 Μύκοι,

817 1256 862 1324 Ἀ.
886 1258 928 1336 rt.
971 1269 1006 1324 K.
1030 1260 1064 1323 ν.

617 1377 673 1441 Καὶ
696 1377 838 1455 μενοίλοιν
860 1377 967 1442 stoico
990 1379 1086 1456 οίννύιν
1108 1380 1196 1457 κρίσιν

616 1496 673 1561 Καὶ
696 1496 892 1577 τεντοιετκριδ’
915 1499 983 1575 οίμοί

616 1624 695 1691 Θῆκε
717 1615 823 1697 ζαύίοις
846 1617 893 1681 ε’τί
916 1624 1049 1697 κρημνοῖς
1074 1618 1214 1700 Ἀλφεοῦ.

617 1737 704 1802 Ἀλλ’
727 1740 758 1802 ού
780 1738 862 1803 κοιλία
884 1738 983 1819 δένδρε’
1007 1739 1113 1804 ἔύοιλλε

617 1863 707 1938 Χῶρος
729 1859 757 1921 ε’ν
780 1857 910 1934 βοίοοοιις
933 1860 1043 1939 Κρονίου
1066 1859 1205 1930 Πέλοπος.

616 1976 733 2040 Τούτων
756 1973 832 2050 ἔδοξε

616 2096 726 2171 Γυμνὸς
749 2098 828 2176 αὐτῷ
852 2098 945 2168 κοῖτος
969 2095 1039 2172 ὀξεί-

660 2239 706 2286 οιιρ
727 2214 907 2291 ὑπακουέμεν
931 2217 1041 2294 αὐγαῖς
1064 2215 1157 2281 οίλίου.

615 2336 660 2408 nt
679 2332 739 2398 τότ’
758 2335 786 2404 ἐς
807 2342 899 2412 γαῖαν
918 2335 1044 2414 τορεύειν
1064 2336 1150 2412 ίυμδς
1170 2333 1272 2416 ύίρμοιι-
1406 2337 1451 2397 45

433 2595 519 2644 verius.
553 2594 584 2642 ’nt
608 2594 747 2644 scholiastae
771 2594 898 2643 manifesto
921 2598 1053 2659 agnoscunt
1078 2597 1147 2661 αὐτῷ.
1181 2592 1294 2642 Ceterum
1311 2594 1336 2641 in
1355 2592 1452 2642 scholio

432 2703 481 2757 κῶρ
498 2692 547 2739 sive
564 2704 637 2757 κῶμος
654 2694 666 2741 λ
684 2697 713 2742 τὰ
730 2695 860 2759 περικλαίων
876 2694 1019 2755 ονγκατάξας
1031 2690 1207 2739 emendandum
1220 2689 1340 2738 existimat
1351 2689 1450 2739 Bocck-

433 2788 503 2848 hius,
526 2788 596 2852 Expl.
619 2804 643 2851 p.
661 2787 723 2844 689,
741 2790 753 2837 ὁ
769 2793 800 2838 τὰ
816 2791 869 2856 περὶ
887 2787 990 2845 Ἠλείων,
1015 2791 1108 2836 mutato
1123 2786 1173 2850 jorn
1191 2790 1335 2851 συγκατάξας
1352 2786 1377 2835 in
1396 2808 1452 2838 σνν-

432 2888 516 2943 τάξας.
550 2884 677 2933 Praeterea
699 2899 743 2948 pro
766 2895 841 2950 κῶμος
864 2884 988 2949 proposuit
1010 2893 1133 2954 κώμαρχος
1155 2885 1189 2933 Μ.
1207 2884 1330 2943 Schmidt,
1348 2884 1373 2932 in
1390 2883 1452 2933 Phi·

434 2980 527 3044 lologo,
545 2980 607 3029 Anni
634 2979 705 3044 primi
724 2980 836 3029 sosciculo
853 2980 901 3039 IV,
920 2998 943 3045 p.
961 2981 1019 3031 644.
1054 2984 1086 3030 nt
1103 2981 1225 3046 scriptoris
1241 2996 1342 3038 nomen,
1360 2980 1402 3045 qni
1421 2980 1451 3029 de

434 3075 499 3123 Eleis
516 3075 651 3139 scripserit,
669 3075 742 3124 latcrc
760 3076 862 3124 videtur.

465 3171 504 3220 36,
530 3180 603 3229 Μήνα.
638 3171 689 3221 Pal.
708 3172 727 3221 O
745 3182 810 3230 Μήνη

464 3268 503 3316 38.
530 3273 590 3333 ἁμᾶ.
625 3269 706 3328 Libri,
725 3274 838 3332 qnantum
858 3268 922 3326 scio,
941 3267 1449 3334 partimhabenttpa,1sartimqur,in

347 3388 351 3395 ·
432 3365 544 3413 lemmate
569 3366 655 3414 veteris
678 3366 763 3415 scholii
787 3370 823 3414 cst
846 3370 907 3430 ἁμᾶ.
942 3365 1034 3414 Notum
1058 3368 1106 3423 cst,
1132 3366 1202 3415 scribi
1225 3365 1299 3413 solere
1317 3368 1384 3430 ripa:
1403 3381 1450 3414 ncc

431 3466 512 3510 tamen
535 3461 656 3511 immerito
680 3462 781 3511 tonnam
803 3462 979 3511 circumflexam
1004 3466 1102 3510 tuentur
1123 3461 1232 3525 Hcynins
1254 3465 1279 3510 ot
1296 3460 1448 3511 Boeckhius:

431 3557 472 3621 qui
497 3558 592 3621 quidem
617 3558 706 3621 optimc
729 3560 799 3607 affort
815 3558 923 3606 scholion
947 3558 976 3606 nd
994 3558 1037 3622 Pp.
1055 3557 1093 3605 lIl
1111 3558 1157 3614 65,
1180 3557 1220 3605 ubi
1238 3558 1388 3606 Herodianus
1404 3558 1448 3607 do·

430 3670 482 3702 cere
508 3653 611 3713 dicitur,
636 3658 690 3718 ἁμᾶ
715 3655 777 3718 npnd
804 3654 931 3702 Dorienses
957 3669 1007 3702 esse
1033 3654 1223 3709 circumflexum,
1249 3659 1273 3702 et
1300 3664 1390 3711 παντᾶ,
1419 3660 1449 3703 ut

432 3752 493 3814 apud
518 3751 647 3799 Pindarum
670 3762 758 3821 κρυρῖι,
783 3752 871 3799 focturn
895 3751 924 3798 ab
948 3754 1012 3814 ἁμῆι
1036 3750 1118 3814 quaeri
1138 3754 1231 3809 nutem,
1248 3767 1277 3799 on
1292 3751 1343 3814 jota
1360 3750 1391 3799 sit
1407 3752 1448 3800 od-

430 3846 542 3895 «lendum.

463 3941 503 3990 40.
530 3946 624 3993 ἔθαλλεν
661 3942 795 3990 Schmidios
812 3946 897 3994 ἔθαλλε.
933 3942 972 3989 Sic
990 3941 1061 3990 etiarn
1079 3940 1131 3991 Pal.
1149 3942 1177 3990 C.
1205 3942 1232 3989 ln
1251 3941 1303 3990 ollis
1321 3941 1446 3991 nonnullis

430 4042 515 4091 ἱθαλεν.

461 4136 502 4184 41.
528 4142 552 4184 ἂν
567 4141 675 4201 βάσσαις.
710 4135 857 4199 Praepositio
875 4135 962 4183 omisso
980 4139 1015 4183 cst
1034 4134 1058 4182 in
1076 4134 1127 4183 Pol.
1146 4134 1173 4183 (λ.

460 4233 502 4279 45.
528 4233 636 4299 τορεύειν.
672 4230 780 4295 Hepnins
805 4233 911 4301 πορεύεν,
938 4232 971 4280 sic
997 4231 1117 4295 postulare
1143 4231 1279 4280 Dorismnrn
1306 4230 1442 4280 arbitratos.

430 4328 463 4375 At
491 4326 564 4375 libros
589 4342 670 4375 omncs
693 4327 779 4376 habore
805 4331 906 4395 τορεύειν
930 4328 1036 4377 affirmat
1060 4328 1203 4377 Bocclrhius.
1238 4327 1363 4391 Ingeniosa
1388 4327 1441 4391 qoi-

433 4422 487 4470 dcm
513 4422 649 4486 conjectura
675 4423 804 4487 Hortunpii
829 4429 878 4483 est,
902 4424 994 4472 edentis
1016 4425 1042 4482 δὴ
1064 4424 1113 4474 τοτ’
1137 4429 1159 4479 ἐς
1181 4433 1248 4487 γαῖαν
1263 4425 1358 4490 βορείαν
1373 4426 1443 4486 θυμὸς

431 4522 506 4587 ὥρμα.
