3767 5534
794 719 854 779 125

496 933 598 991 Μοῖσα
620 922 643 987 δ’
662 920 734 988 οὕτω
758 945 806 985 ποι
828 918 964 1001 παρέστα

496 1054 555 1109 Μοι
579 1044 746 1121 νεοσίγαλον
769 1040 873 1121 εὑρόντι
898 1039 1015 1121 τρόπον,

497 1163 716 1247 Δορίρνφιονόον
739 1160 895 1243 ἐναρμόξαι
918 1160 1025 1241 πεδίλῳ

697 1280 744 1347 Ἀ.
768 1283 807 1345 α’.
854 1291 889 1346 K.
913 1280 946 1344 θ’.

460 1452 464 1457 -
499 1399 720 1479 Ἀγλαόκωμνν.
744 1401 806 1465 ἐπεὶ
829 1398 967 1479 χαίταισι
989 1397 1042 1475 μὲν

499 1520 674 1600 Ζευχθέυτες
697 1518 744 1584 ἔπι
766 1518 905 1602 στέφανοι

499 1638 662 1716 Πρόσσοντό
683 1662 722 1716 με
746 1642 830 1701 τοῦτο
853 1635 1008 1713 θεόδματον
1031 1634 1133 1714 χρέος,

500 1756 658 1836 Φόρμιγγό
680 1780 714 1821 τε
737 1754 938 1833 ποικιλόγαρυν

499 1875 556 1940 Καὶ
580 1875 654 1953 βοόιν
676 1876 771 1938 αὐλῶν
794 1873 883 1937 ε’πεύν
906 1897 940 1937 τε
963 1868 1037 1935 θέσιν

498 1992 691 2073 Αἰνησιδάμου

501 2114 586 2179 Παιδὶ
610 2112 756 2191 συμμίξαι
780 2110 960 2191 πρεπόντως·

498 2232 539 2299 “A
563 2258 595 2298 τε
618 2233 698 2298 Πόσα
721 2257 760 2310 με
783 2238 940 2309 γεγωνεῖν·
964 2235 1021 2303 τοῖς
1044 2228 1103 2295 ἄπο

502 2352 635 2433 Θεόμοροι
658 2349 777 2416 νίσσοντ’
796 2349 842 2416 ἐπ’
862 2352 1019 2429 ἀνθρώπους
1043 2350 1154 2426 όοιδαι,

353 2525 378 2577 7.
406 2544 452 2576 ποι.
487 2524 527 2572 Sic
544 2524 651 2588 plerique
668 2524 773 2573 codices:
793 2523 842 2573 Pal.
861 2523 880 2572 0
897 2544 939 2575 τοι.
975 2524 1007 2572 ut
1024 2524 1087 2587 quod
1105 2524 1128 2571 io
1146 2527 1226 2572 vetere
1242 2523 1333 2571 acholio

319 2626 371 2680 est,
396 2623 455 2671 eleo
476 2626 522 2688 γάρ
543 2639 599 2677 που,
623 2636 678 2668 sane
701 2620 820 2684 pertinere
844 2619 938 2668 videtur
958 2619 987 2670 ad
1004 2619 1185 2683 explicationem
1204 2619 1334 2682 scripturae

254 2783 258 2794 Ι
320 2734 367 2767 εισι.
404 2716 434 2763 ln
457 2715 569 2764 lemmate
590 2716 678 2765 veteris
700 2716 784 2764 scholii
808 2721 844 2764 est
866 2725 943 2768 Μοῖσα
963 2714 1051 2767 δὀθτω
1067 2736 1107 2780 μοι
1124 2723 1238 2783 παρέστα.
1273 2715 1334 2763 Har·

321 2812 437 2876 tongins,
456 2812 530 2861 fretus
547 2812 643 2875 ingenio
659 2829 716 2872 suo,
734 2812 809 2861 edidit
826 2822 903 2863 Μοῖσα
921 2811 940 2862 δ’
949 2818 1056 2863 ἀντωπδν.

356 2916 475 2978 παρέστα.
510 2910 644 2958 Bocclrhins
661 2913 777 2978 παρόστα,
796 2910 895 2959 afferens
912 2909 1055 2973 scripturam
1073 2908 1160 2957 codicis
1174 2909 1336 2973 Gnelphcrby·

321 3007 376 3056 tani
394 3011 420 3055 et
437 3007 605 3061 auctoritatem
622 3007 775 3057 scholiastae:
794 3012 818 3055 et
835 3011 871 3055 est
888 3006 911 3054 in
925 3006 1105 3055 veterescholio
1116 3008 1224 3071 atropos
1235 3011 1337 3075 ἐρχέσθω

319 3108 448 3161 inchoa,
467 3103 530 3167 quod
547 3106 611 3152 certe
628 3102 657 3151 ad
675 3103 878 3167 interpretandam
901 3118 953 3151 cam
971 3102 1114 3166 scripturam
1131 3103 1255 3166 pertinuit.
1290 3102 1335 3151 Ve-

320 3216 377 3248 rum
397 3198 422 3247 in
439 3197 487 3247 alio
504 3204 584 3247 vetere
601 3203 637 3248 eat
653 3207 773 3269 παρέστη,
790 3203 815 3247 et
832 3198 855 3247 in
874 3198 920 3247 alio
938 3202 1022 3257 ἐπῆλθέ
1036 3218 1083 3262 μοι.

358 3295 400 3344 12.
427 3296 556 3360 θεόδματον.
590 3296 662 3344 Multi
682 3295 753 3354 libri,
770 3296 794 3343 in
812 3294 898 3358 quihus
914 3294 1052 3358 Bodlejaui‚
1072 3296 1199 3359 θεόδμητον,

356 3392 399 3441 15.
426 3393 582 3455 Αἰνησιδάμου.
616 3392 668 3440 Pal.
687 3391 706 3439 C
725 3391 876 3455 αθνεσιδάμου.

354 3486 399 3539 17.
428 3508 466 3544 με.
500 3487 651 3551 Hartnugins
668 3487 697 3536 de
714 3487 851 3551 conjectura
868 3503 910 3535 sua
927 3490 947 3537 i.

353 3593 467 3648 γεγωνεῖν.
500 3573 578 3633 Dsicet
601 3587 670 3633 vetna
693 3582 829 3641 scholiasta,
859 3583 933 3631 fuisse
957 3582 997 3645 qni
1016 3582 1073 3639 hoc,
1092 3581 1151 3629 alios
1169 3597 1225 3630 vero
1244 3580 1283 3644 qui
1301 3601 1337 3644 γε·

316 3689 399 3743 ynam
416 3678 569 3728 scribendum
586 3683 707 3744 putarent.
741 3679 795 3728 Non
814 3677 944 3743 probabilis
962 3682 997 3726 est
1014 3678 1103 3726 Pouwii
1116 3677 1210 3741 opinio,
1222 3677 1336 3740 scripturn

318 3774 398 3823 inisse
416 3781 513 3839 γεγόνει.

356 3870 401 3919 18.
427 3876 538 3939 θεόμοροι.
572 3871 611 3919 Sic
635 3870 687 3919 Pal.
711 3870 730 3918 C
752 3875 776 3919 at
798 3869 893 3919 Aldina.
926 3869 1007 3918 Etiam
1031 3867 1182 3917 Ahlwardtns
1205 3866 1238 3914 sic
1256 3866 1339 3914 edidit.

317 3966 435 4029 Heynius
452 3969 477 4014 et
494 3965 642 4042 Bocchhius,
660 3965 790 4014 secundum
808 3964 868 4012 alios
879 3964 986 4023 codices,
1000 3965 1112 4032 θεόμοροι.
1130 3962 1173 4010 Est
1185 3961 1256 4009 etiam
1268 3961 1340 4025 scrip·

321 4074 384 4111 tura
404 4065 525 4130 θεόμοιροι.
560 4060 672 4109 Ceterum
690 4059 796 4108 scholion
815 4064 883 4108 vetus
900 4059 969 4109 Urat.
987 4061 1008 4107 A
1026 4058 1088 4122 apud
1107 4056 1264 4115 Boeclrhinm,
1283 4060 1297 4113 ἢ
1313 4060 1341 4105 τὸ

318 4165 373 4209 ἀπο
397 4161 449 4207 θεῶν
473 4163 621 4224 μεριζόμενον
645 4161 659 4212 ἣ
682 4160 710 4207 τό
734 4160 765 4214 σός
789 4157 849 4213 θεοὺς
874 4163 1036 4225 μεριζόμενον,
1062 4154 1201 4218 adjunctum
1225 4151 1339 4200 vocabulo

320 4255 464 4317 θεόδματον,
482 4252 669 4315 transpositione
688 4255 807 4301 mutatum
825 4268 875 4300 esse
895 4252 991 4301 videtur
1008 4259 1031 4299 at
1049 4250 1119 4299 initio
1136 4249 1279 4314 pertinuisse
1296 4264 1338 4311 po·

319 4349 375 4397 tius
391 4348 422 4397 ad
439 4352 554 4416 θεόμορσιι
578 4348 716 4412 praesertim
741 4363 815 4411 quum
832 4348 856 4395 in
875 4348 968 4396 dnobus
984 4347 1037 4395 aliia
1054 4347 1082 4394 ad
1101 4351 1205 4414 θεόμοροι
1221 4343 1340 4393 scribatur

245 4501 250 4506 ‚
321 4447 373 4493 ἀπὸ
390 4431 443 4504 θεῶν
458 4450 615 4512 μεριζόμεναι.

360 4535 460 4590 νόσσονσ’.
494 4540 533 4588 Sic
549 4540 635 4603 partim
653 4539 770 4589 codicum.
804 4538 854 4589 Pal.
872 4540 891 4586 (3
908 4539 997 4590 νίσοντ’.
1032 4539 1059 4587 lu
1076 4537 1159 4586 multia
1173 4539 1213 4599 est
1226 4530 1337 4591 νεόσσσντζ
