3767 5534
875 770 914 831 19

380 971 498 1036 audeat
528 971 576 1035 vel
607 971 666 1036 sibi
697 994 751 1056 par
780 978 908 1035 conetur
936 970 1072 1034 evadere.
1120 969 1176 1033 Est
1203 970 1294 1033 etiam
1319 969 1401 1054 apud

379 1090 552 1155 Pindarum
575 1089 671 1167 illud,
696 1088 779 1174 quod
803 1089 885 1175 apud
910 1089 1117 1153 Herodotum:
1141 1110 1203 1152 non
1224 1089 1297 1153 sinit
1317 1088 1402 1151 Deus

380 1210 479 1273 alium
506 1209 568 1273 alta
591 1209 705 1294 spirare
728 1209 789 1272 nisi
813 1231 845 1272 se
868 1209 980 1294 ipsum.
997 1210 1019 1291 ¹)

428 1326 588 1406 Vidimus,
623 1329 656 1393 in
690 1328 820 1392 Tantalo
854 1328 1024 1393 Pindarum
1059 1350 1122 1391 non
1156 1334 1298 1391 secutum
1334 1348 1398 1390 esse

381 1446 581 1512 traditionem
612 1447 779 1532 vulgarem.
827 1446 919 1511 Canit
950 1460 1069 1511 autem:
1100 1446 1147 1524 „si
1179 1467 1268 1531 quem
1302 1445 1400 1507 virum

381 1564 544 1630 mortalem
582 1564 708 1650 Olympi
747 1574 879 1630 rectores
914 1566 1121 1642 honorarunt,
1159 1563 1219 1627 fuit
1254 1561 1403 1625 Tantalus

382 1684 480 1748 hicce.
515 1683 633 1748 Verum
664 1685 743 1748 enim
774 1706 844 1748 vero
869 1706 1059 1768 concoquere
1082 1704 1224 1767 magnam
1248 1682 1403 1746 fortunam

381 1825 447 1868 non
481 1803 602 1889 potuit,
637 1803 781 1887 fastuque
815 1804 896 1888 cepit
930 1803 1048 1867 cladem
1080 1804 1277 1878 immensam,
1311 1824 1403 1885 quam

384 1932 474 2007 pater
497 1923 525 1986 ei
548 1944 679 2007 superne
698 1922 875 2007 suspendit,
901 1945 1009 1986 saxum
1033 1923 1060 1986 ei
1085 1921 1275 2007 suspendens
1298 1920 1405 1985 robus·

385 2049 474 2120 tum,
507 2041 592 2126 quod
622 2041 674 2105 ille
705 2064 824 2127 semper
854 2049 993 2105 metuens
1024 2064 1062 2105 ne
1086 2049 1179 2126 caput
1202 2064 1292 2105 suum
1317 2041 1405 2104 feriat

385 2161 523 2226 laetitiae
556 2184 661 2247 expers
692 2171 748 2226 est.
795 2161 899 2227 Habet
929 2162 1008 2226 hano
1032 2162 1174 2225 miseram
1198 2160 1309 2237 vitam,
1333 2183 1402 2225 cum

384 2279 486 2344 tribus
519 2287 663 2364 quartum
694 2280 848 2358 laborem,
881 2280 954 2365 qnia
985 2280 1104 2344 furatus
1132 2279 1311 2363 aequalibus
1335 2301 1405 2343 oon·

386 2400 463 2462 viris
486 2398 706 2463 immortalium
729 2408 834 2463 nectar
857 2399 1101 2484 ambrosiamque
1124 2398 1266 2476 dederat,
1292 2397 1404 2481 quibus

385 2519 490 2603 ipsum
510 2518 713 2582 immortalem
735 2518 905 2582 effecerant.
941 2517 975 2581 Si
995 2518 1069 2603 quid
1089 2517 1201 2601 aliquis
1218 2518 1309 2581 homo
1326 2539 1405 2581 com·

385 2637 514 2701 mittens
541 2660 573 2701 se
596 2636 697 2701 Deum
720 2637 816 2701 latere
840 2644 948 2723 putat,
974 2644 1063 2701 errat.
1110 2636 1230 2701 Idcirco
1254 2636 1405 2700 miserunt

385 2756 441 2820 Dii
464 2779 569 2820 rursus
594 2757 658 2841 ejus
680 2757 779 2821 filium
802 2756 841 2821 ad
865 2757 955 2821 breve
979 2756 1154 2821 mortalium
1178 2756 1307 2841 genus.'’
1320 2756 1344 2839 ²)

434 2875 540 2940 Simile
562 2876 622 2940 fuit
644 2876 818 2961 exemplum
841 2877 871 2940 in
896 2876 1014 2941 Ixione.
1062 2875 1143 2955 Qui,
1169 2874 1328 2940 interfecto
1352 2875 1405 2939 do·

385 2996 454 3059 lose
484 3006 588 3059 socero
619 2994 774 3073 Deioneo,
808 2995 958 3059 lustratus
984 3003 1014 3058 et
1038 2996 1177 3079 expiatus
1202 3018 1218 3057 a
1240 2994 1317 3058 Jove
1341 3002 1404 3071 est,
1439 3041 1441 3045 -

387 3123 421 3179 et
443 3115 476 3178 in
500 3114 619 3179 coelum
643 3120 790 3199 receptus.
826 3114 995 3179 Benevolos
1015 3115 1095 3179 inter
1114 3112 1264 3177 Oronidas
1284 3113 1405 3177 dulcem

387 3235 484 3298 vitam
511 3240 635 3307 nactus,
663 3233 785 3318 longam
808 3255 872 3297 non
895 3234 1043 3297 sustinuit
1067 3233 1260 3310 felicitatem,
1286 3233 1339 3297 sed
1362 3233 1407 3297 in·

387 3374 465 3415 sana
488 3362 589 3416 mente
611 3351 765 3416 Junonem
790 3352 917 3430 amavit,
942 3374 1034 3435 quam
1056 3352 1142 3415 lovis
1162 3351 1260 3415 lectus
1280 3353 1407 3416 sortitus

388 3478 447 3535 est.
495 3469 555 3535 Sed
578 3470 720 3555 superbia
743 3493 814 3533 eum
834 3470 869 3534 in
889 3470 1040 3555 insignem
1062 3470 1266 3534 calamitatem
1286 3470 1405 3555 injecit:

388 3613 464 3655 mox
482 3612 589 3675 passus
605 3591 689 3675 justa
711 3589 892 3673 exquisitam
908 3589 1078 3653 molestiam
1094 3598 1203 3654 nactus
1220 3597 1275 3653 est.
1312 3588 1408 3675 Opor-

388 3719 437 3774 tet
471 3711 536 3794 ejus
571 3709 709 3794 exemplo
744 3731 862 3795 semper
895 3710 994 3773 omnis
1029 3709 1073 3773 rei
1104 3718 1239 3795 spectare
1270 3709 1405 3774 modurn.

389 3828 514 3892 Nubem
548 3850 602 3913 pro
624 3827 747 3892 Junone
771 3828 929 3913 amplexus
954 3835 1017 3906 est,
1042 3828 1189 3914 insipiens
1213 3829 1275 3906 vir,
1300 3828 1407 3892 fraude

390 3970 410 4009 a
432 3946 509 4010 Jove
531 3947 683 4032 imposita.
730 3946 790 4010 Sed
815 3947 950 4032 duplicis
973 3947 1115 4011 maleficii
1134 3948 1264 4011 famosas
1283 3947 1316 4010 in
1335 3946 1410 4011 infe·

390 4067 433 4129 ris
458 4088 570 4149 poenas
593 4065 671 4129 luit:
697 4065 835 4151 illigatus
860 4073 943 4130 rotae
965 4067 1101 4130 Deorum
1117 4068 1205 4151 jussu
1227 4065 1408 4129 mortalibus

391 4185 539 4262 nunciat,
573 4193 609 4247 ut
639 4184 862 4248 benefactorem
890 4184 1034 4249 dulcibus
1062 4185 1168 4269 gratiis
1193 4192 1410 4269 prosequentes

427 4462 451 4519 l)
469 4460 522 4510 Vid.
539 4459 673 4525 disquisitio
689 4464 770 4509 nostra
787 4460 818 4507 de
837 4460 955 4509 Herodoti
970 4458 1133 4523 philosophia,
1149 4476 1203 4523 paq.
1223 4459 1260 4512 37.

425 4557 451 4616 2)
469 4556 506 4607 01.
524 4556 548 4606 Ι.
565 4556 688 4606 85-108.

1252 4652 1287 4708 2*
