3767 5534
1000 738 1062 799 348

570 940 598 1001 7.
634 938 748 1002 ἔσαναν.
784 938 886 1024 Ipsam
910 938 993 1003 verbi
1017 939 1268 1023 significationem
1292 938 1439 1023 expressit
1455 936 1528 1001 Ovi-

524 1057 610 1134 dius,
635 1057 759 1150 Metam.
784 1057 860 1121 XIV
885 1060 948 1121 258

613 1190 810 1270 Quinetiam
834 1192 960 1256 blandas
984 1215 1102 1256 movere
1126 1214 1179 1276 per
1202 1213 1273 1254 aera
1295 1192 1407 1255 caudas

614 1308 788 1396 Nostraque
811 1311 970 1375 adulantes
994 1312 1140 1375 comitant
1161 1309 1301 1395 vestigia.
1414 1316 1419 1328 '

524 1461 680 1546 Significat
713 1472 812 1526 autem
846 1463 1007 1526 maximam
1030 1462 1061 1525 in
1086 1484 1118 1524 re
1143 1464 1299 1547 praesente
1322 1460 1471 1524 laetitiam
1494 1460 1535 1523 si-

525 1580 589 1644 mul
620 1592 651 1643 et
677 1603 816 1646 amorem.
866 1580 1036 1665 Aeschylus
1067 1579 1172 1643 eodem
1204 1578 1352 1643 vocabulo
1381 1579 1479 1642 utitur
1503 1579 1537 1641 in

496 1768 500 1775 ,
525 1700 660 1783 speciosa
679 1701 803 1764 caritate
820 1699 1034 1785 significanda,
1053 1702 1160 1783 Agam.
1176 1701 1238 1764 798
1254 1699 1381 1775 ἅμματα
1396 1698 1533 1763 δοκοῦντα

525 1820 658 1902 εὔφρονος
684 1821 716 1883 ἐκ
739 1820 862 1890 διανοίας
886 1820 985 1899 ὑδαρεῖ
1005 1821 1111 1883 σαίνειν
1133 1818 1280 1897 Φιλότητι.
1328 1817 1478 1881 Pindarus
1502 1817 1535 1881 in

526 1937 742 2002 blanditiarum
765 1938 908 2015 fallaciis,
924 1936 978 2021 Py.
996 1935 1031 1999 Π
1049 1939 1110 2000 151
1130 1936 1218 2006 δόλιος
1238 1936 1326 2008 ἀστὸς
1346 1936 1449 2000 σαίνων
1466 1940 1534 1999 ποτὶ

526 2056 642 2129 adurae
669 2056 759 2133 ι’ἑναν.
806 2056 933 2140 Saepius
967 2055 1025 2118 hoc
1049 2054 1174 2120 verbam
1198 2054 1356 2117 transitiva
1381 2052 1536 2117 alliciendi

526 2176 747 2260 significatione
779 2177 919 2261 ponitur,
954 2174 1037 2237 velut
1064 2173 1145 2260 apud
1169 2172 1261 2257 Soph.
1286 2170 1362 2236 Oed.
1387 2170 1422 2235 O.
1448 2174 1531 2247 319,

526 2295 580 2359 nbi
605 2296 759 2379 Antigone
782 2294 923 2357 Ismenen
948 2293 1159 2357 advenientem
1181 2292 1386 2377 conspiciens:

676 2475 679 2482 -
792 2428 903 2508 φαιδρὰ
926 2434 996 2503 γοῦν
1017 2425 1070 2490 ἀπ’
1096 2426 1236 2501 &aaaron

637 2549 728 2612 σαίνει
751 2572 791 2625 με
813 2548 1027 2627 πανστείχνυσα
1050 2546 1108 2629 (vel
1133 2547 1387 2626 προαστείχννσα).

528 2685 631 2766 Atque
662 2680 722 2745 alia
752 2683 783 2745 in
814 2681 920 2764 lingua
948 2680 1064 2743 Graeca
1088 2702 1236 2743 acanum
1261 2677 1461 2743 similitudine
1485 2676 1534 2741 de·

513 2808 711 2865 sumuntur:
745 2808 780 2864 ut
811 2799 952 2885 Ulyssem
976 2799 1127 2863 Homerus
1151 2798 1256 2863 scribit
1279 2797 1457 2862 vehemente
1481 2796 1538 2859 ira·

527 2920 640 2987 cundia
662 2929 851 3005 correptum,
876 2917 936 2982 od.
961 2917 1021 2981 XX
1049 2921 1105 2981 13:

793 3053 892 3132 acela
916 3052 945 3116 δέ
968 3054 991 3117 αἱ
1016 3051 1088 3149 ἔνδον
1111 3051 1250 3116 iactaret„

528 3198 559 3252 et
582 3187 835 3271 Clytaemnestra,
860 3186 989 3249 laudans
1006 3188 1279 3269 Agamemnonem,
1298 3182 1432 3267 appellat·
1447 3180 1534 3245 illum

516 3313 584 3395 ἱτῶν
606 3308 741 3385 σταθμῶν
764 3306 854 3370 κύνας
880 3307 988 3389 Agam.
1015 3306 1089 3366 896.

576 3429 626 3490 lo.
663 3423 692 3496 ὃς
715 3423 824 3489 Αἴτναν
846 3423 935 3504 ἔχειν.
972 3422 1021 3486 Ol.
1047 3422 1093 3484 VI
1119 3424 1179 3484 lca
1205 3430 1235 3484 et
1258 3419 1347 3485 Nem.
1365 3420 1381 3483 I
1400 3422 1416 3483 7
1436 3419 1538 3504 appel·

528 3545 609 3608 latur
639 3567 657 3607 a
687 3544 782 3607 Poeta
812 3545 883 3614 Ζεὺς
914 3543 1058 3612 Αἰτναῖος.
1105 3541 1158 3625 Py.
1191 3540 1270 3604 157
1297 3539 1449 3602 invocatio
1472 3545 1536 3601 est:

439 3701 441 3703 ·
529 3671 602 3747 Ζεῦ,
626 3661 654 3737 ὃς
678 3665 757 3728 τοῦτ’
778 3664 897 3742 ἐφέπεις
921 3662 988 3741 ἔρος.

576 3785 626 3845 11.
661 3781 748 3845 Conf.
774 3781 827 3866 Py.
852 3780 868 3843 I
891 3782 933 3843 30

883 3916 948 3978 θεῶν
972 3910 1108 3988 πολέμιος

750 4036 859 4115 Τυφὼς
882 4030 1163 4109 ἑκατοντακάρανος·
1188 4068 1232 4077 -—

927 4156 975 4214 νῦν
996 4172 1034 4225 γε
1056 4150 1118 4225 μὰν

706 4272 768 4335 Ταί
790 4273 813 4334 l'
837 4272 905 4347 ὑπὲρ
930 4270 1034 4346 Κύμας
1058 4268 1201 4348 ἁλιερκέες
1225 4265 1307 4345 ὄχθαι

649 4464 652 4471 ,
709 4392 830 4456 Σικελία
852 4389 878 4453 τ’
902 4392 991 4454 αὐτοῦ
1015 4388 1104 4469 πιέζει

708 4509 818 4589 Στέρνα
841 4508 1024 4589 λαχνάεντα.
