3767 5534
906 719 969 776 3:39

479 915 657 979 Latinorum
680 914 793 1000 Theog.
822 918 916 980 1013.

479 1033 628 1119 Ligurum
651 1034 749 1100 Strab.
774 1033 838 1098 VII
863 1058 891 1119 p.
917 1038 992 1099 300.

479 1152 743 1240 Hyperboreomm
768 1154 881 1217 Herod.
907 1153 953 1216 IV
977 1157 1029 1217 82.

480 1273 640 1359 Gryphum
662 1274 694 1337 in
717 1272 862 1357 Rhipaeis
883 1272 1123 1338 occidentalibus
1146 1274 1351 1340 habitantium
1371 1276 1440 1340 sch.

436 1392 544 1456 Aesch.
569 1392 671 1456 Prom.
697 1394 770 1455 803.
952 1479 956 1490 .

479 1510 519 1575 Et
538 1520 644 1575 contra
663 1511 777 1596 primae
798 1511 923 1596 quidem
942 1514 1239 1578 commemorationis
1260 1516 1439 1579 documenta

436 1651 495 1693 non
520 1629 662 1715 disputo:
686 1641 834 1694 memorat
857 1630 911 1693 illo
935 1630 1002 1694 loco
1026 1630 1152 1709 Strabo,
1178 1632 1215 1696 ab
1239 1632 1440 1696 Eratosthene

435 1748 609 1812 memoriam
629 1747 855 1832 Tyrrhenorum
875 1750 905 1811 in
923 1747 1016 1811 Italia
1032 1748 1168 1813 Hesiodo
1189 1751 1298 1815 tribui:
1320 1773 1338 1814 a
1357 1750 1441 1812 scho-

433 1864 521 1929 liasta
544 1867 716 1951 Apollonii,
743 1866 912 1932 Hesiodum
936 1866 1039 1932 Circes
1063 1868 1196 1943 insulam
1220 1870 1251 1932 in
1275 1869 1350 1934 mari
1370 1868 1442 1953 Tyr·

432 1984 526 2049 rheno
551 1986 697 2070 posuisse.

476 2102 616 2167 Secunda
638 2105 799 2181 memoria,
832 2126 910 2188 quae
933 2104 1115 2168 Latinorum
1139 2113 1201 2179 est,
1227 2104 1308 2190 apud
1333 2105 1441 2169 Hesio·

432 2222 504 2285 dum
527 2221 595 2284 loco
620 2244 638 2285 a
660 2220 770 2285 Vossio
794 2223 888 2286 citato
911 2223 998 2286 nulla
1022 2233 1085 2286 est:
1113 2233 1261 2287 memorat
1284 2223 1439 2288 Hesiodus

418 2341 562 2423 ¹Agrium
584 2348 676 2425 atque
699 2339 862 2418 Latinum,
886 2342 964 2405 filios
989 2340 1092 2406 Circes
1117 2351 1146 2406 et
1167 2342 1305 2427 UlyssiS,
1330 2365 1440 2427 eosque

432 2481 516 2543 reges
540 2459 616 2523 dicit
638 2460 730 2523 fuisse
753 2460 990 2544 Tyrrhenorum.

476 2577 595 2642 Tertiae
617 2578 794 2655 memoriae,
815 2576 980 2663 Ligurum,
1003 2578 1218 2643 documentum
1239 2578 1439 2643 castrobono

433 2694 515 2758 hunc
538 2694 630 2759 habet
655 2718 773 2759 versum
789 2694 925 2759 'Hesiodi

528 2815 667 2885 Αἰθίοπάς
689 2840 723 2879 τε
746 2816 843 2891 Αἴγυς
866 2840 899 2880 τε
923 2816 962 2879 ἰδὲ
986 2816 1101 2886 Σκύθαις
1124 2816 1343 2893 ἱττημτλγούς.

477 2932 630 3013 Quartae,
662 2957 699 2999 ex
730 2933 904 2998 Herodoto:
936 2935 1053 3015 ‘Hrrohp
1083 2937 1137 3013 μέν
1164 2938 1225 3000 ἐστι
1250 2934 1312 3014 aspi
1337 2938 1439 3013 Ὕτερ·

431 3052 535 3133 βαρέων
559 3053 702 3132 εἶρημένα.

477 3170 596 3251 Quinta
624 3172 770 3235 memoria
801 3172 1020 3237 documentum
1052 3172 1142 3236 habet
1173 3172 1354 3236 scholiastae
1383 3172 1439 3234 Ae·

432 3289 546 3374 schyli:
583 3290 615 3354 in
646 3291 732 3375 cujus
761 3274 879 3354 scholio
909 3290 996 3354 nulla
1024 3299 1069 3353 est
1099 3312 1156 3353 nec
1186 3288 1361 3353 Occidentis
1385 3310 1440 3352 nec

433 3408 584 3472 montium
614 3407 795 3493 Ripaeorum
826 3410 958 3473 mentio:
977 3415 1111 3490 ¹tantum
1142 3407 1254 3471 dicitur·
1283 3406 1438 3471 Hesiodus

433 3528 551 3612 primus
574 3527 612 3591 de
635 3527 758 3612 gryphis
782 3528 858 3591 mira
877 3549 1027 3591 nanasse:
1053 3527 1114 3607 περὶ
1136 3524 1171 3591 ὧν
1191 3527 1316 3598 Ἡσίοδος
1332 3531 1441 3607 πρῶτος

432 3645 654 3725 ἐτερατεύσατο.

477 3763 535 3826 His
558 3786 592 3827 ac
615 3763 729 3827 talibus
753 3763 943 3827 documentis
969 3762 1094 3827 Vossius
1120 3786 1193 3827 usus
1218 3763 1285 3826 vult
1305 3762 1435 3840 efficere,

433 3881 569 3945 Hesiodo
594 3880 791 3945 Occidentem
813 3879 954 3964 Europae
977 3882 1162 3963 innotuisse,
1187 3888 1218 3944 ct
1240 3880 1277 3943 ab
1302 3879 1355 3943 illo
1376 3878 1438 3964 Hy-

432 3998 595 4084 perboreos
615 4002 647 4063 in
668 3999 907 4063 occidentalibus
922 3998 1064 4083 Europae
1080 3999 1217 4084 partibus
1233 3999 1348 4083 positos
1364 4018 1438 4061 esse.

478 4117 595 4196 Quodsi
627 4127 734 4182 autum
766 4141 802 4181 ex
833 4097 870 4181 iis
903 4118 1160 4203 quinquepertitis
1190 4117 1380 4181 documentis
1404 4138 1439 4180 ea

433 4237 622 4322 colligimus,
658 4260 735 4320 quae
770 4237 808 4300 ad
844 4236 1056 4321 Hyperboreos
1090 4237 1265 4321 pertinent,
1295 4235 1373 4298 nihil
1405 4257 1439 4297 ea

433 4358 607 4435 continent,
638 4358 697 4420 nisi
721 4357 796 4434 hoc,
820 4355 1014 4420 Herodotum
1037 4355 1215 4433 tradidisse,
1241 4354 1278 4418 ab
1302 4352 1437 4425 Hesiodo

435 4476 647 4561 Hyperboreos
666 4487 858 4539 >memoratos
890 4498 962 4539 esse.
1012 4473 1094 4554 Quid
1127 4475 1164 4538 de
1187 4475 1310 4558 regione
1325 4495 1438 4537 eorum

1263 4594 1317 4651 22*
