3767 5534
852 661 916 723 490

381 861 577 947 Epharmosti
598 862 694 928 Poeta
716 864 867 942 laudavit,
891 867 957 950 ejus
973 867 1111 951 exemplo
1128 867 1308 947 adducitur,
1324 868 1399 936 laeli

381 988 491 1045 natura
522 981 561 1045 ad
588 984 768 1060 certamina,
794 990 828 1047 ut
852 991 980 1049 naturae
1004 986 1220 1069 praestantiam
1244 985 1397 1064 celebret,

379 1098 473 1182 idque
497 1122 615 1184 semper
637 1101 789 1186 optimum
812 1123 876 1165 esse
896 1101 1033 1187 judicet,
1058 1104 1143 1188 qued
1165 1105 1232 1189 ejus
1252 1126 1311 1189 ope
1326 1104 1397 1170 fiat:

378 1218 490 1282 multos
514 1218 638 1302 quidem
662 1220 727 1283 sine
750 1229 860 1284 natura
882 1229 1008 1285 conates
1032 1244 1097 1286 ease
1120 1229 1199 1287 artes
1223 1222 1396 1308 perdiscere

379 1344 409 1400 et
432 1359 575 1422 quaerere
599 1337 746 1422 gloriam,
771 1360 876 1402 verum
899 1338 971 1403 illos
994 1363 1056 1404 non
1079 1362 1115 1404 ea
1130 1341 1302 1425 peperisse,
1318 1361 1398 1425 quae

378 1457 539 1541 praeconio
562 1456 656 1541 digna
679 1464 789 1521 essent.
827 1458 974 1523 Διδαικτωὶ
997 1459 1100 1537 ἀρεταὶ
1125 1466 1327 1544 opponuntur
1346 1479 1398 1524 na·

379 1584 478 1640 lurae:
503 1599 599 1660 quum
623 1599 693 1641 vere
717 1599 750 1639 vs
779 1578 840 1640 156
862 1576 1023 1641 facturine
1039 1578 1105 1643 Dec
1122 1587 1396 1665 operememoret,

375 1704 512 1781 apertum
544 1702 606 1772 est,
631 1718 701 1760 eum
726 1695 781 1759 illa
803 1695 993 1780 significare,
1019 1718 1098 1780 quae
1123 1697 1210 1781 quis,
1236 1698 1397 1764 deficiente

375 1824 502 1893 natura,
537 1824 638 1878 tamen
663 1814 779 1879 efficere
802 1813 942 1878 veluerit.
991 1812 1076 1878 Ordo
1100 1825 1203 1880 autem
1227 1817 1397 1882 sententiae

374 1934 418 1999 ibi
441 1942 486 1998 est
510 1933 705 2019 hujusmodi:
730 1932 823 2013 χρῆμ’
850 1929 972 1997 ἕκαστον
999 1933 1068 1998 ἄνευ
1091 1935 1153 1999 θεοῦ
1176 1936 1209 2000 οὗ
1233 1933 1396 2015 σκαιότερον

374 2049 582 2127 σεσιγαμένον
608 2071 748 2135 quaeque
772 2047 838 2112 Dec
862 2048 1010 2113 destituta
1033 2069 1081 2113 res
1099 2072 1162 2113 nen
1183 2058 1229 2113 est
1245 2049 1395 2129 deterior,

375 2169 401 2232 si
424 2168 532 2233 siletur
539 2217 548 2247 ,
573 2191 636 2232 non
663 2169 772 2253 accipit
796 2191 814 2231 a
836 2167 958 2232 silentio
981 2167 1219 2233 detrimentum:
1237 2168 1396 2234 silentium

376 2288 404 2351 ei
435 2296 481 2352 est
503 2288 696 2352 conveniens
744 2286 846 2367 Quam
870 2287 952 2350 enim
975 2287 1131 2372 praeclara
1153 2286 1291 2351 facinora
1313 2310 1396 2373 prae·

376 2408 499 2472 conium
522 2430 706 2491 carmenque
729 2405 920 2483 desiderant,
945 2412 1008 2469 tam
1032 2413 1078 2470 est
1101 2406 1251 2491 injustum
1271 2405 1393 2471 landem

375 2524 466 2589 rebus
498 2525 665 2590 humilibus
698 2514 861 2611 impertire.
909 2523 957 2588 De
980 2533 1092 2588 natura
1115 2523 1236 2608 Deique
1259 2546 1319 2610 cpe
1339 2525 1395 2589 vir·

375 2643 478 2707 tutum
502 2644 651 2709 effectrice
673 2645 752 2709 conf.
777 2667 811 2708 vs
835 2646 888 2708 42.

424 2765 495 2827 156.
530 2764 598 2829 ἄνευ
622 2766 651 2829 δὲ
673 2767 734 2829 θεοῦ
754 2789 781 2829 κ.
798 2790 826 2829 τ.
844 2779 871 2827 λ.
906 2762 1021 2827 Similis
1038 2763 1185 2827 orationis
1201 2762 1390 2828 constructio

377 2892 423 2946 est
446 2882 552 2968 Eurip.
578 2883 734 2948 Heraclid.
761 2886 826 2947 352

576 3005 711 3079 νικωμένη
734 3004 794 3083 γὰρ
817 3004 947 3074 Παλλὰς
970 3005 1021 3065 οὐκ
1046 3000 1190 3077 ἀνέξεται.

424 3126 495 3187 158.
531 3123 588 3187 ἐντὶ
619 3124 678 3199 γὰρ
706 3120 800 3185 ἄλλαι
843 3119 1029 3205 Conjunctio
1052 3121 1112 3198 γὰρ
1136 3120 1211 3184 haec
1236 3141 1390 3185 noricum

373 3241 623 3327 praecedentibus
659 3239 799 3325 copulat,
838 3238 892 3303 sed
928 3246 974 3302 est
1009 3237 1047 3303 ad
1080 3260 1202 3302 eausam
1237 3238 1390 3322 sequentis

373 3361 540 3425 sententiae
565 3357 794 3445 significandam
818 3358 850 3422 in
867 3358 983 3442 protasi
1000 3356 1110 3441 posita.
1146 3355 1296 3422 Similiter
1312 3354 1388 3441 apud

363 3480 566 3544 ¹Herodotum
589 3481 622 3543 in
646 3478 776 3563 epistola
800 3476 937 3561 Harpagi
961 3476 999 3539 ad
1024 3474 1140 3560 Cyrum
1165 3473 1182 3538 I
1208 3477 1284 3538 lat:
1301 3472 1392 3539 ὧταῖ

373 3601 561 3679 Καμβύσεω,
593 3601 625 3664 σὲ
659 3599 718 3680 γὰρ
749 3599 802 3662 θεοὶ
831 3595 980 3675 ἐπορέωσι·
1006 3598 1037 3659 οὐ
1059 3595 1120 3674 γὰρ
1144 3591 1181 3657 ἄν
1205 3619 1273 3659 κοτε
1296 3598 1325 3665 ἐς
1347 3618 1389 3659 re

375 3728 476 3786 σοῦτον
498 3721 594 3800 τύχης
616 3719 739 3783 ἀπίκευ·
764 3718 800 3781 σὺ
823 3722 871 3780 νῦν
891 3713 1069 3791 Ἀστυάγεα
1086 3713 1135 3777 τὸν
1154 3719 1280 3779 σεωυτοῦ
1302 3713 1390 3795 (perde

375 3841 465 3905 elem.
502 3839 542 3903 Et
562 3839 659 3903 multa
675 3834 853 3922 hujusmodi
868 3832 1007 3917 exempla
1022 3839 1110 3897 sunt:
1128 3832 1208 3896 conf.
1226 3831 1389 3908 Matthiae,

377 3959 463 4044 Synt.
488 3982 517 4043 p.
546 3961 640 4021 1242.
688 3955 744 4019 Est
767 3963 869 4018 autem
893 3974 956 4016 nen
972 3952 1101 4036 simplex
1119 3951 1270 4036 protasis,
1288 3972 1389 4015 verum

377 4078 507 4141 maxime
541 4075 672 4160 duplex,
709 4096 803 4159 quum
839 4072 970 4156 primum
1006 4069 1189 4134 sententiam
1220 4070 1392 4134 universam

377 4194 471 4260 Poeta
494 4204 660 4280 proponat,
685 4193 742 4257 ἐντὶ
756 4228 812 4265 ,-
836 4186 971 4264 uertex:
996 4196 1157 4251 tumuere
1182 4186 1219 4251 de
1244 4210 1276 4253 re
1292 4188 1394 4272 singu-

378 4315 434 4379 lari
468 4314 667 4400 pronunciet,
698 4311 800 4390 ccclxi
832 4309 885 4386 μὲν
917 4307 1055 4371 alstemi.
1103 4305 1258 4392 Apodcsis
1290 4315 1391 4372 autem

377 4456 473 4523 quum
502 4433 540 4497 ad
571 4440 667 4496 totam
698 4429 822 4515 quidem
852 4426 1054 4503 sententiam,
1087 4424 1139 4487 sed
1171 4425 1270 4510 magis
1293 4432 1385 4490 tamer
