3767 5534
996 685 1061 746 304

516 892 602 948 turae
625 885 756 949 mutatio
780 892 827 948 est
850 883 900 952 Ol.
925 884 942 948 I
968 880 1016 947 16'
1031 890 1129 968 σοφῶν
1152 885 1286 964 μητίεσσι
1310 923 1355 934 -
1377 886 1534 964 ἱκομένους.

517 1002 674 1067 Audacius
697 1005 789 1068 etiam
812 1003 1002 1088 Aeschylus,
1028 1002 1121 1068 Ghoe.
1146 1006 1210 1067 410

680 1137 682 1140 ’
738 1122 893 1188 uinctum
917 1123 941 1187 δ’
967 1118 1039 1189 αὖτέ
1061 1147 1109 1201 μοι
1132 1124 1219 1200 φίλον
1242 1125 1311 1202 κέαρ

738 1242 819 1308 τόνδε
841 1242 987 1308 κλύουσαν
1010 1238 1112 1309 οἶκτον.

561 1361 614 1423 89.
649 1359 817 1442 ὁμόκλαρον.
854 1362 1003 1445 Argutior
1025 1369 1071 1425 est
1088 1362 1118 1425 iu
1136 1360 1261 1425 scholiis
1278 1360 1372 1446 hujus
1390 1359 1534 1425 vocabuli

516 1486 546 1543 et
577 1484 670 1544 κοινῶν
700 1481 831 1561 χοιρίνων
857 1480 1038 1565 explicatio,
1064 1502 1156 1564 quam
1180 1480 1323 1545 nonnulli
1346 1480 1532 1566 posteriores

516 1600 696 1684 interpretes
720 1599 816 1663 secuti
840 1606 930 1677 sunt,
956 1599 1138 1664 Xenocratis
1154 1600 1320 1664 certamina
1336 1600 1402 1685 ejus
1419 1600 1533 1684 pariter

515 1725 546 1781 et
569 1717 718 1782 Theronis
741 1720 955 1783 communibus
979 1719 1130 1783 sumtibus
1155 1727 1260 1805 parata
1275 1719 1379 1784 fuisse.
1415 1718 1531 1783 Melius

516 1835 699 1899 Karsteuius
723 1837 769 1900 vel
794 1838 931 1922 ejusdem
955 1839 1065 1917 sortis,
1090 1861 1199 1923 nempe
1223 1838 1384 1916 victoriae,
1411 1837 1558 1922 partici·‘

515 1977 601 2039 pem,
633 1956 682 2019 vel
712 1955 849 2041 ejusdem
881 1956 1059 2041 patrimonii
1092 1963 1283 2034 consortem,
1315 1956 1334 2020 i.
1366 1956 1389 2020 e¹
1406 1956 1532 2021 fratrem

515 2097 712 2159 germanum,
745 2075 909 2160 significari
937 2076 1102 2140 existimat.
1149 2075 1196 2138 Ex
1220 2074 1368 2160 exemplis
1392 2095 1453 2139 non
1482 2097 1536 2161 po·

515 2201 576 2257 test
598 2194 731 2258 multum
756 2194 878 2279 profici,
901 2216 998 2279 quum
1019 2194 1130 2272 semel,
1149 2200 1300 2278 quantum
1316 2194 1395 2271 scio,
1415 2201 1536 2280 praeter

515 2312 598 2376 hunc
629 2313 749 2391 locum,
781 2299 965 2377 vocabulum
998 2313 1100 2397 ipsum
1131 2313 1252 2398 legatur
1283 2310 1373 2377 Nem.
1398 2311 1445 2375 IX
1473 2314 1534 2388 12,

516 2431 570 2496 ubi
595 2431 708 2518 Apollo
732 2438 762 2495 et
785 2432 918 2495 Artemis
942 2431 1139 2517 appellantur
1162 2432 1325 2513 ὁμόκλαρον.
1350 2429 1537 2495 Scholiasta·

516 2574 584 2615 rum
609 2550 804 2636 explicationi
828 2550 894 2635 ipsa
917 2550 1011 2634 hujus
1027 2550 1088 2614 loci
1104 2549 1196 2614 verba
1211 2557 1401 2635 repugnant,
1418 2572 1534 2635 quum,

517 2690 658 2754 expresso
682 2670 774 2733 etiam
797 2669 978 2753 pronomine
1001 2668 1090 2741 κύτὸς
1114 2691 1204 2732 versu
1229 2671 1290 2747 87,
1316 2669 1413 2753 ipsius
1430 2676 1462 2732 et
1477 2662 1557 2732 ira?

516 2790 571 2853 tris
605 2788 748 2853 victoriae
779 2796 883 2867 tanta,
917 2794 1033 2873 quanta
1064 2787 1129 2851 fieri
1161 2793 1282 2873 potest,
1318 2788 1537 2873 perspicuitate

516 2908 598 2971 inter
621 2930 653 2971 se
677 2907 926 2991 distinguantur:
952 2928 1008 2969 nec
1032 2906 1166 2970 carmine
1190 2905 1303 2990 Pythio
1319 2904 1369 2969 VI
1383 2928 1441 2970 nec
1454 2904 1538 2969 Isth·

516 3028 579 3092 mio
603 3025 658 3104 II,
683 3026 797 3110 quibus
818 3026 1005 3089 carminibus
1021 3024 1206 3089 Xenocratis
1222 3025 1366 3089 victoriae
1383 3025 1540 3090 celebran-

517 3153 585 3223 tur,
618 3144 787 3229 quidquam
816 3143 947 3229 legitur,
980 3143 1063 3229 quod
1097 3143 1246 3228 ejusmodi
1274 3143 1473 3228 explicationi
1496 3143 1539 3207 sit

517 3286 706 3348 congruum:
739 3284 838 3347 neque
870 3262 901 3326 in
930 3262 1055 3326 scholiis
1078 3284 1183 3326 corum
1207 3263 1394 3341 carminum,
1419 3269 1456 3326 ut
1479 3283 1538 3326 suo

517 3383 585 3447 loco
608 3381 790 3446 videbimus.
827 3380 860 3444 Si
884 3381 976 3445 sortis
992 3404 1028 3446 ea
1044 3382 1219 3446 communio
1235 3381 1444 3466 significatur,
1458 3402 1538 3466 quae

518 3501 550 3565 in
566 3502 727 3585 utriusque
743 3501 917 3565 constiterit
932 3501 1076 3578 victoria,
1096 3508 1141 3563 est
1157 3500 1282 3584 quidem
1298 3500 1449 3584 quaedam
1465 3522 1537 3564 cum

519 3620 577 3684 hoc
601 3620 668 3683 loco
692 3618 863 3683 similitudo
886 3619 919 3683 in
942 3641 1003 3682 usu
1028 3619 1111 3683 verbi
1134 3620 1261 3699 canpto,
1290 3617 1340 3683 Ol.
1365 3617 1448 3683 VIII
1476 3621 1536 3697 19,

519 3738 573 3803 ubi
588 3738 621 3802 in
638 3738 841 3802 memorandis
859 3737 991 3801 duorum
1008 3738 1137 3801 fratrum
1154 3737 1290 3802 victoriis
1302 3736 1399 3801 Poeta
1414 3735 1537 3801 scribit:

799 3856 881 3935 ὔμμε
903 3856 929 3921 δ’
952 3856 1114 3937 ἐκλάρωσεν
1137 3856 1248 3935 πότμος

754 3974 820 4048 Ζηνὶ
844 3973 989 4056 γενεθλίῳ.

562 4093 631 4157 Ηοο
653 4099 756 4157 tamen
779 4092 865 4170 loco,
889 4092 1003 4178 pariter
1026 4099 1063 4156 ut
1085 4091 1175 4156 Nem.
1203 4091 1249 4155 IX
1276 4094 1332 4170 12,
1357 4114 1420 4156 non
1449 4090 1538 4156 aliud

516 4212 680 4299 significari
713 4210 803 4276 credo
834 4210 894 4275 nisi
917 4210 1045 4275 fratrum
1069 4232 1283 4296 germanorum
1307 4211 1537 4297 cognationem.

518 4330 560 4395 Ilt
590 4330 679 4396 κοινοὶ
710 4329 832 4411 χάριτες
865 4329 1026 4408 dicuntur,
1051 4352 1130 4414 quae
1153 4330 1267 4415 pariter
1289 4328 1449 4394 amborum
1472 4328 1539 4394 lau·

521 4447 613 4513 dibus
637 4447 859 4531 decoribusque
881 4447 1033 4513 laverunt.
