3767 5534
915 727 956 787 90

434 927 542 993 habuit
570 934 601 991 et
624 927 805 1011 exagitavit,
830 927 861 990 id
886 927 968 1011 qnod
992 927 1044 991 alii
1068 950 1191 1013 quoque
1214 929 1371 1006 fecerunt,
1396 937 1446 1007 et,

433 1071 488 1112 sua
520 1049 585 1134 ipse
620 1049 736 1111 ratione
771 1047 808 1111 de
843 1046 947 1112 divina
980 1056 1090 1111 natura
1123 1048 1298 1132 inquirens,
1335 1050 1449 1112 statuit

434 1168 535 1232 Deum
558 1191 622 1232 esse
649 1175 680 1231 et
706 1190 801 1231 uuum
829 1167 930 1231 111111
954 1166 1083 1231 similem
1105 1175 1136 1231 et
1158 1175 1315 1232 aeternum
1338 1175 1371 1232 et
1394 1167 1449 1231 do-

433 1288 611 1352 minantem.
632 1290 653 1372 ¹)

476 1406 626 1471 Pindarus
650 1429 739 1483 vero,
765 1428 950 1491 quamquam
973 1406 1173 1491 reprehensor
1195 1406 1447 1482 mendaciorum,

432 1527 464 1590 in
495 1525 684 1590 emendando
716 1525 850 1590 Homero
880 1526 1037 1601 substitit,
1070 1526 1177 1590 nolens
1209 1526 1283 1590 vitia
1310 1525 1449 1589 humana

432 1646 527 1712 tribui
551 1645 634 1709 Diis:
660 1645 713 1708 sed
736 1653 870 1710 vetustas
893 1645 931 1709 de
954 1646 991 1709 iis
1013 1646 1208 1723 traditiones,
1226 1668 1304 1731 quae
1319 1645 1449 1730 quidem

433 1766 471 1830 ad
494 1765 599 1829 laudas
622 1765 758 1849 ipsorum
783 1765 986 1850 pertinerent,
1011 1788 1072 1829 non
1096 1765 1240 1842 sustulit,
1261 1764 1314 1829 sed
1340 1765 1447 1849 potius

433 1885 569 1951 canendo
601 1884 720 1949 extulit.
765 1884 815 1948 Ita
843 1884 959 1949 scilieet
990 1885 1116 1949 dixerim
1148 1885 1261 1949 distare
1291 1885 1386 1947 vitam
1415 1895 1450 1948 et

434 2005 578 2071 scholam.
626 2002 697 2068 Non
730 2004 787 2069 fuit
811 2004 963 2069 Pindarus
987 2004 1116 2090 alicujus
1140 2005 1319 2090 disciplinae
1342 2004 1449 2068 eondi-

433 2132 500 2203 tor,
531 2147 630 2210 nequa
661 2123 845 2188 carminibus
869 2125 932 2188 suis
956 2124 1201 2202 docerevoluit,
1226 2124 1278 2188 sed
1302 2124 1446 2188 laudare:

433 2246 510 2323 fuit,
542 2245 568 2309 si
596 2246 665 2330 quis
690 2244 786 2322 alius,
811 2244 958 2329 religione
981 2267 1106 2308 suorum
1130 2245 1323 2329 popularium
1347 2244 1449 2309 imbu-

433 2376 500 2430 tus:
526 2366 578 2429 sed
601 2365 767 2430 modestiae
791 2365 894 2428 studio
917 2365 1030 2430 ductus
1053 2388 1088 2429 ae
1111 2365 1253 2450 pietatis,
1281 2372 1312 2429 et
1333 2363 1450 2429 intelli·

434 2486 538 2571 gantia
559 2486 640 2564 veri,
665 2507 725 2570 qua
747 2484 881 2569 reliquos
904 2486 1042 2549 homines
1067 2485 1247 2570 superabat,
1265 2506 1330 2548 eam
1346 2484 1449 2568 ipsam

435 2605 614 2690 religionem
637 2604 749 2679 coluit,
774 2605 912 2689 sejuncta
933 2605 1091 2689 pravitate.
1140 2604 1345 2689 Xenophanes
1369 2626 1450 2667 are·

435 2734 518 2790 moto
541 2746 719 2810 progressus
742 2724 908 2808 principio,
933 2725 1080 2788 continuo
1095 2725 1192 2809 ipsam
1209 2724 1342 2787 divinam
1356 2730 1448 2787 natu·

435 2867 499 2909 ram
523 2845 567 2907 ita
590 2843 775 2907 constituere
799 2851 927 2906 conatus
952 2851 1014 2919 est,
1039 2850 1075 2907 ut
1098 2866 1136 2907 ne
1160 2842 1235 2927 quid
1259 2843 1285 2907 11
1301 2841 1450 2907 tribuere·

435 2970 505 3041 tur,
538 2962 621 3049 quod
652 2985 713 3027 non
746 2970 824 3026 11111
853 2963 949 3048 ipsius
977 2964 1089 3027 rationi
1113 2972 1367 3028 consentaneum:
1393 2962 1447 3026 sed

435 3082 587 3147 Pindarus
615 3082 769 3166 profectus
801 3088 846 3145 est
875 3104 892 3144 a
923 3105 972 3159 se,
1005 3083 1104 3165 neq'ue
1128 3082 1282 3145 hominem
1307 3088 1449 3167 oportere

436 3202 558 3289 putavit
582 3201 619 3265 de
642 3201 710 3265 Diis
734 3223 981 3285 prava,narrare.

483 3320 603 3401 Quodsi
624 3321 687 3406 jam
711 3321 749 3384 de
773 3321 932 3404 utriusque
949 3321 1117 3385 sententiae
1134 3321 1236 3384 fructu
1254 3320 1447 3403 quaerimus,

436 3440 642 3526 Xenophanes
665 3463 751 3504 suam
775 3439 813 3504 de
836 3440 902 3503 Deo
926 3441 1109 3505 sententiam
1132 3440 1176 3504 ita
1199 3440 1352 3525 separavit
1371 3462 1452 3503 are·

437 3583 506 3626 rum
537 3560 724 3646 reliquarum
752 3559 978 3644 disputatione,
1002 3567 1037 3623 ut
1051 3559 1147 3643 Ι(111111
1171 3558 1309 3623 divinum
1333 3581 1448 3623 numen
1514 3602 1519 3615 ,

438 3704 455 3745 e
485 3678 601 3744 mrmdo
628 3677 804 3742 sustulerit:
819 3680 842 3761 ²)
869 3678 1020 3743 Pindarus
1044 3678 1110 3742 Diis
1135 3679 1237 3742 omnia
1260 3677 1373 3763 gaudia
1400 3678 1451 3743 de·

438 3800 520 3876 beri,
550 3798 632 3862 Deos
656 3798 686 3860 in
712 3820 834 3881 quaque
857 3820 889 3861 re
912 3797 1056 3862 colendos
1081 3820 1115 3861 ae
1139 3796 1285 3861 verendos
1309 3820 1375 3860 1111
1398 3796 1450 3860 do·

438 3918 519 3994 ouit,
543 3917 715 4000 imbuitque
738 3916 876 3982 homines
900 3918 1022 4003 pietate.
1070 3916 1269 3981 Profeoerunt
1291 3916 1450 4001 quidema

438 4037 578 4101 doctrina
600 4036 800 4121 Xenophanis
824 4038 955 4121 posteri:
980 4036 1040 4100 fuit
1055 4059 1160 4122 reapse
1176 4036 1363 4112 (1111111111,
1381 4035 1451 4099 doo-

438 4163 486 4220 tos
509 4156 646 4220 docendo
671 4156 763 4220 etiam
785 4163 855 4240 post
877 4162 1022 4220 mortem:
1049 4155 1200 4220 Pindarus
1224 4143 1295 4220 vero
1311 4165 1342 4219 et
1358 4178 1451 4240 supra

438 4275 588 4361 populum
611 4274 749 4359 sapiens,
775 4282 805 4339 et
828 4282 930 4338 tamen
954 4274 1121 4360 popularis.

474 4554 497 4619 1)
516 4518 786 4622 1111111111117,
887 4553 1046 4619 11111111.
1066 4553 1125 4612 144,
1148 4550 1203 4602 197.
