3767 5534
916 725 981 786 111
1007 693 1008 696 ‘

442 926 595 990 sententia
618 925 704 1009 parvi
727 925 915 990 aestimanda
939 934 994 991 est.
1040 926 1162 1008 Quodsi
1186 934 1287 992 autem
1308 926 1347 992 ad
1363 926 1460 991 victo·

331 1109 333 1112 ,
439 1046 513 1108 riam
544 1045 709 1109 secundam
739 1046 797 1110 boo
830 1069 951 1111 carmen
974 1047 1164 1111 referendum
1189 1055 1269 1124 erat,
1294 1070 1373 1131 quae
1398 1047 1461 1110 luit

334 1143 335 1146 ¹
439 1162 489 1227 Ol.
522 1159 692 1242 LXXVII,
725 1164 807 1228 haud
839 1187 911 1228 sane
942 1172 1009 1229 1111
1043 1161 1137 1230 Η1010
1165 1166 1226 1229 diei
1249 1173 1371 1250 poterat
1394 1187 1459 1229 non

439 1304 503 1344 esse
533 1285 704 1346 Aetnaeus:
737 1290 767 1345 et
790 1282 902 1367 Pythia
925 1283 1060 1347 carmina
1083 1285 1142 1347 tria
1165 1284 1295 1348 Hieroni
1319 1285 1458 1348 Aetnaeo

438 1400 586 1485 inscripta
608 1407 698 1464 sunt:
723 1400 815 1486 hujus
839 1424 910 1464 vcro
933 1401 1076 1465 carminis
1100 1402 1260 1486 inscriptio
1283 1401 1351 1487 ipsa
1374 1409 1458 1466 certe

438 1529 484 1583 est
515 1519 686 1605 Syracusio.
734 1519 835 1604 Igitur
867 1528 898 1583 et
930 1521 1058 1604 primam
1091 1521 1247 1585 vicioriam
1276 1522 1371 1586 fuisse
1403 1520 1456 1585 Ol.

438 1638 593 1717 LXXVI,
624 1647 655 1703 et
678 1638 717 1702 ad
740 1661 807 1702 eam
830 1639 888 1703 hoc
912 1662 1032 1703 carmen
1056 1640 1249 1704 referendum
1273 1662 1355 1719 esse,
1380 1642 1457 1705 satis

438 1758 636 1841 probabiliter
653 1758 730 1822 mihi
746 1765 879 1822 statuere
892 1758 1006 1823 videor.
1031 1757 1142 1843 Neque
1154 1760 1250 1837 enim,
1265 1760 1291 1823 si
1303 1760 1454 1845 scriptum

438 1887 484 1939 est
502 1887 663 1962 postquam
682 1878 778 1942 Hiero
794 1878 1014 1963 Syracusarum
1026 1879 1189 1963 imperium
1202 1878 1332 1964 adeptus
1345 1887 1407 1957 est,
1419 1879 1456 1942 id

438 1997 521 2079 quod
540 2005 656 2060 certum
676 2005 739 2073 est,
759 2005 790 2060 et
809 2006 880 2060 ante
899 1999 1030 2061 Aetnam
1048 1996 1222 2076 0011111111,
1239 1996 1272 2061 id
1288 1996 1373 2081 quod
1390 2020 1457 2083 per·

438 2138 529 2198 quam
549 2115 711 2179 verisimile
731 2121 794 2193 est,
812 2115 849 2178 ad
870 2115 961 2180 aliam
981 2115 1198 2201 Olympiadem
1216 2117 1321 2181 referti
1341 2125 1454 2202 potest.

483 2233 571 2318 Ipsae
595 2234 689 2297 etiam·
710 2233 835 2311 laudes,
860 2257 938 2318 quae
962 2234 1021 2298 1100
1045 2236 1178 2299 carmine
1203 2234 1335 2299 Hieroni
1357 2235 1456 2299 tribu-

436 2360 548 2429 untur,
569 2353 731 2416 convenire
748 2353 879 2416 maxime
896 2352 1041 2418 videntur
1056 2354 1185 2419 100011111
1204 2352 1306 2419 decori
1319 2353 1454 2438 imperii.

479 2592 554 2656 Pars
579 2592 676 2677 prima
699 2593 841 2656 carminis
862 2593 961 2678 posita
982 2600 1028 2656 est
1048 2592 1081 2655 in
1101 2592 1256 2656 laudanda
1276 2592 1455 2656 certaminis

437 2710 574 2796 Olympii
597 2712 695 2797 gloria
718 2712 803 2775 etin
828 2712 941 2775 victore
961 2711 1134 2789 laudando,
1158 2714 1276 2777 1-37.
1307 2711 1387 2775 Tum
1408 2712 1455 2775 in·

432 2832 502 2918 jicit
528 2832 623 2895 Poeta
646 2839 797 2895 vetustam
820 2830 943 2915 Pelopis
967 2853 1038 2894 cum
1062 2829 1206 2915 Olympia
1228 2830 1360 2895 maxime
1383 2852 1456 2895 oon·

432 2954 570 3037 junctam
608 2952 800 3015 memoriam:
846 2974 915 3014 eum
948 2974 966 3014 1
1001 2950 1149 3036 Neptuno
1185 2958 1320 3014 amatum
1356 2950 1455 3013 fuisse

436 3081 599 3135 memorat:
624 3071 735 3135 avertit
759 3093 828 3134 vero
848 3092 866 3133 a
885 3070 953 3134 Diis
973 3070 1174 3154 ignominiam
1195 3069 1307 3133 comesi
1327 3068 1454 3154 Pelopis

434 3192 571 3269 humeri,
604 3197 636 3254 et
667 3213 767 3254 veram
799 3212 939 3267 cansam,
965 3212 1020 3254 cur
1042 3189 1190 3253 Tantalus
1214 3210 1345 3273 poenam
1368 3188 1455 3251 inre·

434 3310 529 3387 uerit,
560 3308 710 3393 explicat,
741 3309 774 3371 in
805 3310 870 3394 ejus
902 3308 1045 3392 superbia
1075 3308 1216 3392 positam.
1263 3305 1453 3370 111οο011111

433 3428 595 3513 Pelopem,
635 3427 790 3513 quondam
826 3450 843 3490 1
874 3426 1023 3512 Neptuno
1055 3426 1241 3506 abductum,
1273 3428 1305 3491 in
1338 3431 1452 3492 terram

434 3549 592 3611 remissum
623 3570 697 3612 esse.
745 3546 838 3611 Hunc
867 3547 1010 3610 adultum
1033 3546 1135 3610 curuli
1159 3546 1324 3611 certamine
1344 3546 1453 3610 vicisse

434 3666 625 3731 Oenomaum
658 3674 814 3730 vetustum
836 3666 925 3729 Pisae
948 3687 1068 3749 regem,
1094 3665 1259 3751 adjuvante
1282 3664 1451 3751 Neptuno,

319 3799 336 3807 ”
433 3787 561 3872 ejusque
591 3784 684 3849 filiam
716 3785 774 3849 sibi
806 3808 927 3870 parasse
957 3807 1101 3863 uxorem,
1126 3793 1157 3849 01
1180 3783 1369 3849 conditorem
1393 3785 1456 3849 cla·

432 3908 569 3972 rissimae
589 3908 689 3993 gentis
707 3906 869 3971 exstitisse.
907 3904 1020 3969 Adhuc
1038 3906 1103 3991 ejus
1123 3903 1270 3968 bonorem
1291 3902 1454 3989 splendere

432 4025 610 4112 Olympiae,
635 4025 740 4110 ibique
763 4048 857 4110 prope
880 4023 1037 4088 tumulum
1061 4024 1127 4109 ejus
1147 4030 1178 4087 et
1199 4021 1382 4087 eelebratam
1399 4020 1454 4085 Jo-

431 4150 478 4213 vis
512 4172 595 4213 aram
629 4147 797 4213 clarissima
830 4147 895 4211 fieri
930 4145 1116 4212 certamina:
1148 4167 1165 4208 e
1197 4143 1310 4229 quibus
1343 4144 1452 4209 victori

432 4276 580 4354 perpetua
604 4279 750 4353 parentur
772 4265 902 4351 gaudia:
930 4267 1097 4330 38-162.
1144 4261 1223 4327 Inde
1250 4261 1346 4327 Poeta
1368 4261 1451 4327 redit

433 4388 472 4453 ad
496 4394 669 4473 praesentes
692 4386 837 4450 Hieronis
861 4384 988 4464 lauden,
1013 4386 1103 4470 eique
1123 4382 1213 4447 etiarn
1234 4383 1364 4467 majores
1384 4382 1450 4445 lore

431 4513 535 4592 optat,
561 4512 592 4569 et
616 4527 703 4569 suam
726 4527 847 4569 manere
873 4504 972 4589 poesis
997 4504 1136 4588 gloriam.
