3767 5534
902 740 966 801 876

431 942 538 1006 melius
562 941 743 1005 Karstenius
768 941 884 1024 passive
908 941 1049 1025 explicat.
1074 930 1243 1005 Scholiasta
1267 949 1353 1004 vetus
1377 964 1444 1003 sen-

430 1063 557 1126 tentiam
580 1061 720 1124 universe
743 1060 871 1144 proponi
895 1060 1065 1136 existimat,
1090 1067 1119 1123 et
1142 1061 1171 1124 a
1194 1082 1248 1144 pro
1272 1059 1348 1140 ydp:
1367 1083 1442 1123 ποον·

432 1182 480 1252 τὸς
511 1182 569 1260 γὰρ
600 1180 692 1258 ἔργον.
738 1177 810 1242 Non
848 1185 893 1240 est
923 1179 975 1241 ita.
1022 1178 1144 1254 Potest,
1177 1179 1202 1241 si
1233 1179 1308 1242 haec
1342 1178 1442 1260 prima

433 1301 493 1364 fuit
516 1299 641 1363 victoria
664 1298 810 1381 Agesiae‚
841 1296 923 1379 quod
948 1297 1072 1380 quidem
1096 1297 1257 1361 verisimile
1280 1304 1343 1373 est,
1369 1298 1445 1382 quia

435 1441 496 1482 non
520 1418 579 1481 alia
601 1418 632 1480 in
657 1416 789 1480 carmine
813 1424 1014 1493 memoratur,
1043 1415 1123 1496 ἔργον
1146 1417 1316 1501 significare
1339 1417 1442 1500 ipsum

435 1538 564 1621 Agesiae
587 1545 751 1611 certamen,
777 1535 926 1599 clarorum
949 1536 1087 1600 laborum
1106 1536 1244 1612 initium,
1262 1535 1346 1619 qnod
1362 1536 1446 1598 illus·

435 1657 474 1720 tri
497 1656 612 1719 lumine
636 1653 841 1718 decorandum
865 1654 920 1717 sit:
951 1654 993 1717 ita
1016 1661 1115 1717 totum
1139 1654 1197 1717 hoc
1221 1677 1340 1718 carmen
1365 1655 1445 1718 foret

434 1775 582 1852 τηλαυγὲς
623 1773 704 1851 ἔργον
743 1774 904 1853 οὶρχομὲνοο
943 1772 1100 1852 πρόσωπον.
1147 1772 1285 1837 Praestat
1323 1781 1445 1851 tamen,

436 1894 528 1979 hujus
551 1893 647 1977 ipsius
671 1892 811 1956 carminis
835 1891 993 1954 exordium
1018 1891 1180 1976 significari
1205 1892 1387 1955 existimare.

483 2014 511 2076 7.
546 2012 638 2091 βωμῷ
668 2011 804 2090 μαντείῳ.
840 2009 996 2073 Posterius
1027 2018 1073 2073 est
1105 2011 1305 2095 adjectivum:
1337 2010 1393 2094 Py.
1419 2008 1446 2070 V

437 2133 478 2193 91
510 2132 607 2210 μυχὸν
637 2130 794 2206 μνοντήϊονε
827 2128 920 2212 Soph.
954 2127 1031 2193 Oed.
1062 2128 1097 2192 Τ.
1123 2132 1163 2191 21
1193 2130 1318 2211 μαντείᾳ
1341 2128 1445 2209 σποδῷ.

438 2247 633 2312 Constructio
664 2247 758 2311 dativi
790 2254 835 2310 est
866 2248 957 2311 etiam
982 2248 1063 2332 apud
1087 2247 1213 2333 Dionys.
1239 2247 1310 2311 Hal.
1335 2247 1370 2313 Ia
1397 2248 1444 2311 IX

438 2392 468 2453 p.
493 2371 576 2445 440,
608 2367 645 2431 de
676 2366 787 2431 Publio
811 2366 979 2444 Volerone,
1008 2367 1095 2439 οούνος
1119 2369 1211 2449 {aare}
1235 2369 1348 2445 τοομνόος
1373 2368 1448 2444 ytae-

437 2512 497 2553 τοο,
531 2486 701 2550 Scholiasta
723 2494 829 2549 retus:
853 2486 946 2567 βωμῷ
969 2485 1033 2551 ἀντὶ
1057 2493 1107 2551 τοῦ
1127 2487 1239 2563 βωμοῦ.
1263 2485 1295 2552 δι’
1312 2487 1449 2567 ἐμπύρων

439 2608 467 2671 ἕν
486 2606 585 2670 Ἤλιδι
607 2605 733 2682 'naam
754 2607 958 2681 ἐμαντεύοντο,
979 2607 1035 2685 ἀφ’
1055 2601 1090 2669 ὧν
1110 2607 1144 2670 τὸ
1163 2606 1243 2682 γένος
1259 2602 1339 2686 εἶχεν
1355 2608 1450 2681 Ἀγν-

441 2729 517 2796 οίοος.
541 2731 591 2788 τοῦ
615 2725 644 2788 δὲ
667 2725 803 2799 μοντείου
826 2731 876 2788 τοῦ
901 2725 929 2786 ἐν
948 2724 1046 2788 Ἤλιδι
1070 2724 1118 2787 uel
1144 2724 1324 2804 Δοκοοίονοχοο
1340 2724 1450 2801 μέμνη-

440 2867 499 2908 τοον.
546 2842 679 2906 Videtur
708 2842 803 2926 igitur
834 2842 1003 2906 secundum
1034 2837 1092 2905 hoc
1123 2842 1331 2905 testimoninm
1359 2840 1449 2905 Pisae

439 2971 558 3049 praeter
593 2984 658 3025 eam
693 2984 793 3038 aram,
829 2983 920 3046 quam
956 2960 1105 3025 Hercules
1139 2961 1209 3024 Jovi
1240 2969 1270 3023 et
1300 2958 1448 3046 Neptuno

440 3082 570 3158 dicavit,
604 3103 655 3144 ara
677 3079 762 3143 Jovis
786 3081 895 3157 fuisse,
927 3082 1050 3165 propria
1075 3086 1220 3166 perpetuo
1246 3078 1393 3156 Jamidis,
1418 3078 1450 3142 in

441 3223 501 3285 qna
524 3200 624 3264 Deum
656 3197 849 3263 consulentes
879 3200 1097 3264 sacrificarent:
1123 3221 1218 3285 quum
1242 3207 1342 3261 tamen
1366 3220 1451 3282 prae·

441 3328 523 3384 terea
547 3320 637 3383 etiam
661 3320 805 3382 vaticinio
829 3319 1037 3402 fungerentur.
1077 3317 1164 3382 Conf.
1189 3340 1238 3380 vss
1265 3320 1449 3381 lli-121.

441 3440 507 3503 Nec
537 3447 638 3503 tamen
670 3438 728 3502 hoc
752 3440 795 3501 ita
819 3438 912 3503 fuisse
935 3461 991 3523 pro
1015 3446 1096 3501 certo
1121 3438 1322 3502 affirmavero:
1348 3437 1451 3501 vatici·

442 3559 501 3622 niis
525 3558 670 3642 inclytam
692 3558 838 3622 mansisse
862 3567 983 3642 gentem
1007 3558 1149 3642 exposui:
1181 3557 1282 3642 ipsum
1307 3557 1451 3639 Agesiam

441 3678 534 3741 fuisse
558 3687 673 3755 ratem,
706 3687 831 3762 apparet
854 3701 887 3740 vs
912 3680 971 3741 28:
997 3700 1116 3755 verum,
1147 3677 1300 3761 quomodo
1324 3677 1451 3761 Agesias

443 3796 667 3861 condendarum
700 3796 916 3880 Syracusarum
945 3798 1045 3861 socius
1069 3797 1182 3861 dicitur
1204 3795 1295 3860 lande
1319 3819 1336 3859 a
1358 3796 1452 3881 majo-

443 3915 527 3979 ribus
550 3916 696 4000 repetita,
722 3916 766 3979 ita
789 3916 854 3979 fieri
877 3916 995 4001 potuit,
1020 3922 1056 3979 ut
1078 3915 1128 3992 hic
1151 3937 1273 4000 quoque
1297 3913 1398 3977 Pisaei
1420 3914 1452 3978 in

441 4034 526 4098 Jovis
558 4057 609 4097 ara
637 4034 773 4098 vaticinii
799 4034 911 4111 titulus
934 4034 963 4098 ei
985 4042 1108 4119 propter
1131 4033 1231 4118 gentis
1255 4039 1409 4095 auctorem
1434 4054 1452 4093 a

442 4152 536 4216 Poeta
559 4151 695 4216 tributus
720 4153 769 4215 sit.
815 4152 929 4216 Tamen
954 4153 1036 4237 prior
1059 4151 1210 4216 sententia
1233 4150 1323 4214 etiam
1347 4149 1452 4213 confir·

441 4282 542 4336 matur
565 4295 601 4336 ex
625 4294 675 4347 eo,
701 4272 786 4355 quod
809 4272 888 4349 Elis,
910 4250 945 4335 rit
961 4272 1107 4349 vidimus
1124 4270 1313 4334 Jamidarum
1330 4278 1452 4353 gentem

442 4392 501 4456 sibi
523 4392 611 4476 quasi
634 4392 788 4477 propriam
814 4392 989 4455 vindicavit.

487 4510 628 4574 (laterum
652 4510 778 4574 fortasse
796 4510 1022 4596 quodammodo
1040 4509 1186 4574 differunt
1204 4509 1283 4571 inter
1300 4531 1331 4572 se
1347 4509 1450 4585 βωμοῦ
