3767 5534
737 1055 930 1121 OLYMPIA
961 1053 1035 1117 Vll.

729 1314 887 1358 ornooane
913 1313 1048 1370 amomo,

831 1532 941 1615 Psylli.

423 1778 565 1843 Pataram
595 1787 631 1841 ut
661 1776 687 1840 si
718 1775 786 1859 quis
818 1774 928 1838 sumsit
959 1781 989 1836 et
1020 1773 1104 1836 intus
1136 1770 1206 1835 vitis
1233 1791 1300 1833 rore
1323 1791 1393 1854 spu·

374 1903 514 1960 mantem
537 1893 633 1957 donat
655 1891 823 1977 propinans
847 1887 1033 1953 adolescenti
1057 1907 1168 1971 genero
1191 1907 1207 1947 e
1232 1906 1324 1948 manu
1344 1882 1393 1946 be-

376 2015 492 2101 nigna,
525 2012 565 2076 de
594 2011 687 2075 domo
718 2011 749 2074 in
777 2008 921 2086 domum,
946 2017 1042 2071 totam
1067 2027 1207 2082 auream,
1232 2024 1294 2088 qua
1315 2001 1394 2066 nihil

376 2131 517 2219 possedit
540 2129 764 2217 praestantius,
781 2139 847 2192 tum
864 2129 896 2192 iu
912 2126 1045 2191 convivii
1061 2125 1208 2211 gratiam,
1226 2131 1292 2187 tum
1308 2144 1394 2185 suam

378 2253 534 2317 honorans
561 2248 757 2326 affinitatem,
786 2248 878 2332 inque
901 2269 938 2311 eo
961 2245 1066 2310 amieis
1090 2242 1301 2330 praesentibus
1324 2264 1395 2306 eum
1434 2245 1472 2305 lo

378 2368 584 2436 invidendum
613 2367 715 2433 reddit
746 2375 870 2452 propter
892 2387 1018 2431 concors
1041 2363 1247 2429 connubium:
1272 2362 1315 2425 sie
1338 2383 1395 2445 ego

378 2498 485 2556 neotar
516 2488 635 2566 lusum,
668 2487 784 2552 donum
808 2486 986 2563 Musarum,
1011 2486 1146 2549 fructum
1169 2483 1298 2560 mentis,
1323 2481 1395 2544 viris

381 2610 510 2686 mittens
541 2607 596 2693 qui
626 2607 761 2693 praemia
788 2613 999 2691 reportarunt,
1024 2605 1078 2689 qui
1101 2602 1262 2688 Olympiae
1286 2609 1317 2665 et
1340 2599 1396 2684 Py·

382 2730 477 2795 thone
509 2728 638 2792 viatores
669 2727 811 2804 luerunt,
844 2747 895 2790 eos
926 2725 1056 2790 oblecto.
1104 2723 1162 2787 Ille
1193 2722 1301 2786 beatus
1333 2728 1396 2797 est,

381 2868 473 2934 quem
503 2846 584 2911 bona
611 2845 709 2931 gloria
731 2845 890 2931 complexa
912 2853 968 2909 est.
1016 2844 1102 2908 Alias
1126 2842 1220 2907 alium
1244 2841 1324 2905 alma
1347 2838 1398 2903 ad·

380 2968 472 3055 spicit
505 2964 629 3043 Gratia,
661 2964 803 3029 dulcibus
835 2964 1002 3029 identidem
1035 2964 1117 3028 souis
1149 2962 1282 3027 citharae
1310 2959 1397 3024 tibia
1433 2960 1473 3021 20

380 3104 513 3166 rumque
545 3107 616 3149 oum
644 3085 858 3149 instrumentis
890 3085 1019 3148 canoris.
1065 3083 1107 3147 llt
1136 3105 1218 3148 nuno
1242 3104 1313 3147 oiim
1337 3104 1397 3145 am·

382 3200 481 3267 bobus
515 3203 659 3268 descendi
695 3225 765 3268 cum
797 3203 946 3289 Diagora,
979 3204 1128 3267 marinam
1160 3224 1271 3266 oauens
1303 3200 1397 3263 filiam

381 3320 529 3401 Veneris,
554 3322 695 3406 Solisque
719 3323 880 3409 conjugem
901 3323 1061 3404 Rhodum,
1079 3323 1150 3386 forti
1167 3332 1202 3385 ut
1218 3321 1398 3407 ingentique

383 3439 452 3506 viro
489 3441 528 3505 ad
559 3442 714 3528 Alpheum
745 3451 890 3507 coronato
914 3454 945 3507 et
967 3443 1005 3507 ad
1029 3442 1192 3507 Castaliam
1216 3441 1339 3506 laudem
1362 3442 1402 3504 s-

381 3572 463 3638 ram,
488 3562 647 3647 pugilatus
671 3563 857 3647 praemium,
875 3573 906 3626 et
922 3564 1002 3648 patri
1020 3565 1085 3650 ejus
1102 3564 1289 3649 Demageto,
1307 3584 1398 3647 quem
1436 3563 1476 3624 30

381 3688 463 3745 amat
485 3679 634 3759 lustitia,
659 3682 712 3766 qui
736 3681 848 3746 alaram
872 3682 971 3747 tribus
996 3683 1124 3747 urbibus
1148 3683 1283 3747 insulam
1305 3706 1399 3769 prope

382 3808 515 3864 rostrum
548 3800 666 3885 amplae
697 3802 789 3866 Asiae
821 3802 961 3866 incolunt
993 3825 1063 3866 oum
1091 3802 1276 3887 Argivorum
1299 3802 1397 3866 hasta.
1442 3837 1445 3842 ·

382 3918 506 3999 Quibus
538 3942 594 4004 ego
627 3920 725 3986 volam
757 3921 795 3986 ab
826 3922 915 3986 initio
947 3921 1164 4007 aTlepolemo
1188 3921 1346 4007 divulgare
1370 3931 1401 3985 et

384 4060 579 4103 communem
600 4040 715 4124 erigere
736 4041 865 4117 famam,
882 4040 1026 4105 Herculis
1042 4043 1127 4127 genti
1143 4050 1294 4106 strenuae.
1320 4039 1401 4105 Nam
1435 4044 1477 4104 40

385 4165 511 4242 paterna
534 4159 651 4243 origine
675 4181 711 4223 ex
734 4158 810 4223 Jove
834 4183 899 4225 esse
922 4161 1109 4247 gloriantur,
1133 4168 1271 4225 materna
1287 4162 1400 4246 Amyn·

386 4277 503 4343 toridae
534 4302 570 4343 ex
606 4279 795 4364 Astydamia.
844 4283 887 4345 At
921 4283 1038 4346 circum
1071 4289 1189 4345 mentes
1224 4281 1401 4345 mortalium

385 4397 539 4463 innumeri
573 4421 688 4463 errores
719 4402 860 4485 suspensi
891 4411 973 4466 sunt.
1020 4400 1134 4466 Verum
1165 4400 1243 4465 illud
1274 4402 1400 4486 reperiri

386 4538 448 4581 uon
478 4526 597 4603 potest,
628 4517 711 4602 quod
743 4542 827 4584 nune
850 4527 881 4583 et
904 4521 936 4584 in
961 4521 1020 4585 fine
1043 4520 1162 4584 homini
1185 4520 1337 4605 optimum
1360 4521 1401 4586 sit
