3767 5534
912 748 973 810 467

435 951 510 1015 dum
539 958 628 1035 putat
659 958 814 1030 τριακοστῇ
847 948 928 1028 τρίτῃ
957 945 1096 1023 Πνίιοίδι,
1119 968 1248 1030 eamque
1272 968 1358 1010 suam
1382 968 1451 1009 con·

432 1071 583 1155 jacturam
604 1090 668 1133 non
690 1067 838 1131 audacem
861 1063 914 1128 sed
938 1071 1052 1128 certam
1075 1085 1140 1128 esse
1164 1063 1302 1127 affirmat.

482 1308 510 1369 l.
547 1305 711 1370 Monemur
733 1304 767 1367 in
790 1303 934 1380 scholiis,
958 1324 1075 1366 morem
1099 1301 1194 1364 tuisse
1217 1307 1253 1364 ut
1276 1300 1445 1365 victoribus

435 1421 631 1487 adhiberetur
654 1443 776 1486 carmen
800 1419 997 1497 Archilochi,
1023 1441 1146 1503 vespere
1170 1418 1331 1503 Olympiae
1355 1419 1450 1482 victo-

434 1540 512 1603 riam
542 1547 727 1625 reportatam
758 1539 1001 1604 celebrantibus:
1035 1537 1210 1622 exemplnm
1237 1536 1330 1622 hujus
1354 1538 1448 1601 moris

437 1657 494 1723 hoc
524 1657 593 1722 loco
624 1658 786 1723 ceruimus.
822 1656 951 1721 Venisse
974 1664 1077 1719 autem
1100 1655 1322 1719 Archilochum
1346 1655 1448 1740 ipsum

436 1773 629 1859 Olympiam,
657 1774 762 1858 ibique
785 1774 873 1838 illum
897 1773 1045 1858 hymnum
1070 1774 1275 1858 composuisse
1298 1774 1332 1837 in
1354 1772 1449 1836 hono·

435 1914 498 1956 rem
530 1891 691 1970 Herculis,
722 1891 868 1955 ludorum
900 1890 1079 1954 conditoris.
1126 1889 1199 1954 Fuit
1231 1891 1295 1975 ejus
1322 1891 1447 1954 initium

435 2009 629 2095 hujusmodi:

859 2128 1018 2201 Τήνελλα,

635 2241 657 2309 ὦ
679 2244 829 2309 καλλίνικε
851 2248 934 2324 χαῖρ’
957 2241 1035 2320 οίναξ
1056 2241 1222 2324 Ἡροίκλεις,

636 2361 723 2434 αὐτός
746 2386 780 2426 τε
803 2361 851 2425 καί
875 2360 985 2433 Ἰόλαος
1008 2362 1153 2441 αἰχματοὶ
1176 2361 1233 2425 δύο.

435 2478 476 2542 Et
506 2478 603 2563 primo
635 2479 759 2563 quidem
790 2500 866 2542 sono
896 2485 988 2563 poeta
1018 2500 1093 2541 usus
1117 2478 1217 2541 fuerat
1240 2500 1295 2562 pro
1320 2476 1444 2541 exordio

436 2596 588 2680 citharas,
620 2605 780 2681 propterea
811 2595 894 2681 quod
923 2603 991 2661 tum
1022 2618 1085 2660 non
1111 2596 1217 2660 aderat
1239 2595 1458 2665 citharoedus„

436 2713 536 2777 Affert
559 2713 724 2777 scholiasta
747 2714 839 2777 etiam
864 2737 984 2778 versum
1008 2714 1239 2799 Aristophanis,
1265 2714 1321 2797 Eq.
1347 2716 1410 2780 276

548 2834 618 2896 ἀλλ’
641 2832 692 2896 ἐὰν
714 2832 811 2908 μέντοι
834 2857 872 2910 γε
895 2840 975 2916 νικᾷς
998 2842 1035 2913 τῇ
1058 2833 1114 2913 βοῇ
1137 2835 1273 2909 τήνελλος
1297 2829 1331 2897 εἴ.

480 2951 511 3012 3.
545 2949 710 3020 καλλίνικος
729 2950 742 3012 ὁ
758 2948 900 3028 τριπλόος.
936 2949 1147 3013 Aristarchum
1164 2949 1295 3033 legimus
1311 2952 1344 3014 in
1360 2950 1446 3013 seho-

432 3062 484 3128 liis
506 3064 618 3149 triplex
634 3086 755 3128 carmen
770 3066 815 3128 ita
831 3066 1022 3149 exposuisse,
1040 3066 1123 3151 quod
1139 3067 1233 3130 trium
1250 3068 1442 3151 stropharum

432 3180 556 3245 fuisset:
583 3180 818 3246 Eratosthenem
841 3205 927 3264 vero,
950 3181 1032 3265 quod
1047 3189 1094 3245 ter
1109 3183 1296 3247 accineretur
1312 3183 1445 3248 callinici

432 3319 545 3362 nomen
560 3298 701 3363 Herculi:
719 3307 812 3384 atque
829 3299 905 3363 aliae
922 3300 1014 3363 etiam
1031 3300 1248 3384 explicationes
1264 3301 1443 3366 afferuntur.

433 3414 585 3501 Equidem
610 3419 792 3482 sententiam
812 3418 1025 3483 Eratosthenis
1045 3441 1169 3513 sequor,
1187 3426 1346 3504 propterea
1362 3421 1444 3505 quod

434 3530 605 3611 Pindarus,
629 3534 729 3619 ipsum
754 3536 843 3619 quasi
865 3536 1014 3619 hymnum
1038 3536 1213 3600 callinicum
1237 3559 1363 3616 vocans,
1381 3561 1445 3603 arc·

433 3656 526 3734 toque
549 3652 745 3737 ¹conjungens
775 3652 941 3725 καλλίνικος
970 3655 984 3717 ὃ
1007 3653 1140 3733 τριπλόος
1163 3656 1333 3733 κεχλαδὼς,
1359 3655 1444 3719 lucu·

431 3766 529 3831 lenter
553 3768 705 3846 ostendit,
729 3776 776 3833 ter
799 3770 939 3833 sonuisse
961 3770 1041 3834 illud
1064 3771 1256 3835 vocabulum.

478 3886 508 3947 8.
527 3886 706 3972 κεχλαδώς.
741 3886 876 3951 Maxime
893 3886 931 3951 de
948 3887 1130 3952 ebullitione
1147 3896 1177 3952 et
1193 3889 1309 3953 fervore
1326 3889 1386 3954 dici
1403 3894 1444 3955 vi·

432 3998 539 4063 detur:
564 4001 818 4085 quemadmodum
843 4003 990 4085 καχλοίζω
1014 4003 1064 4068 Ol.
1088 4004 1154 4068 VH
1178 4006 1252 4070 tde
1268 4028 1334 4070 rore
1351 4030 1442 4073 uvae:

432 4116 544 4181 Aesch.
568 4116 652 4202 Sept.
678 4118 712 4183 Ο.
736 4119 794 4183 Th.
822 4124 885 4183 114
909 4122 954 4184 vis
978 4121 1113 4185 hostium
1130 4144 1200 4186 cum
1217 4124 1335 4208 impetu
1351 4127 1443 4191 maris

432 4236 531 4299 ventis
554 4237 663 4319 agitati
687 4246 882 4323 comparatur

415 4345 417 4349 ¹
744 4362 828 4431 κῦμα
850 4358 910 4436 γὰρ
933 4358 996 4437 περὶ
1021 4357 1122 4423 ττόλιν
1183 4439 1185 4441 ¹
1276 4380 1279 4385 ·

744 4472 938 4566 δοχμολόφων
961 4475 1064 4556 ἀνδρῶν

745 4593 747 4596 ’
854 4599 859 4605 ”
956 4605 958 4608 ’
1037 4605 1039 4607 ’
1123 4600 1124 4604 ’
1266 4596 1321 4653 30*
