3767 5534
988 709 1052 769 438

516 911 643 972 derint
675 908 764 971 Certe
801 908 930 971 Doricus
966 908 1047 973 lilius
1081 910 1246 991 Diagorae,
1283 923 1313 973 et
1350 909 1529 988 Pisirodus‚

518 1027 666 1109 Diagorae
698 1049 734 1089 ex
766 1026 829 1089 tilia
860 1047 974 1111 nepos,
1007 1027 1044 1091 ab
1073 1026 1252 1090 adversariis
1276 1026 1384 1090 Rhodo
1409 1027 1531 1113 expulsi

514 1145 613 1209 fuere:
642 1144 773 1207 Pausan.
798 1143 834 1207 L.
860 1143 907 1205 VI
931 1143 966 1208 Ο.
990 1143 1055 1207 Vll
1080 1148 1110 1207 2.
1146 1143 1262 1208 Verum
1287 1168 1322 1208 ea
1345 1153 1427 1209 certe
1450 1146 1528 1209 satis

513 1262 607 1347 longo
638 1273 707 1347 post
739 1262 798 1326 hoc
828 1284 947 1326 carmen
980 1262 1124 1347 temporis
1148 1262 1310 1326 intervallo
1334 1235 1529 1328 acciderunt:

514 1403 584 1444 nam
617 1380 642 1442 si
671 1381 734 1465 jam
757 1403 840 1444 nunc
863 1380 920 1444 filii
944 1380 1096 1463 Diagorae
1120 1380 1249 1444 fuissent
1272 1380 1371 1444 adulti
1397 1390 1451 1445 aut
1476 1381 1531 1445 ali·

514 1499 582 1583 quis
607 1520 710 1561 eorum
731 1500 795 1583 jam
819 1498 933 1576 victor,
959 1504 1039 1562 certe
1060 1498 1091 1561 id
1113 1497 1207 1561 Poeta
1225 1520 1286 1563 non
1302 1498 1426 1562 silentio
1443 1522 1529 1583 prae·

409 1621 412 1624 “
515 1615 703 1679 termisisset.
737 1614 845 1698 Neque
868 1615 974 1709 luturp
990 1615 1070 1679 mala
1083 1614 1250 1678 Pindarum
1264 1617 1327 1701 jam
1344 1623 1530 1700 auguratum

513 1733 608 1797 luisse
630 1732 789 1795 contendit
812 1732 1003 1809 Boeclrhius,
1025 1732 1078 1796 sed
1094 1741 1195 1797 tamen
1210 1734 1273 1817 jam
1294 1742 1360 1797 tum
1379 1734 1532 1798 exstitisse

514 1852 648 1915 lautores
679 1850 803 1935 populi,
836 1851 890 1934 qui
922 1851 1008 1934 genti
1038 1850 1198 1934 Demageti
1222 1851 1404 1934 inviderent,
1453 1850 1530 1915 Illos

513 1978 550 2032 ut
573 1968 764 2044 admoneret,
789 1976 987 2032 memoratam
1011 1991 1075 2032 esse
1099 1991 1116 2031 a
1139 1968 1235 2031 Poeta
1258 1969 1354 2032 totius
1378 1968 1528 2033 laetitiam

515 2087 646 2150 civitatis
664 2094 695 2149 et
712 2086 873 2169 Demageti
888 2086 1048 2170 ipsiusque
1064 2085 1215 2169 Diagorae
1235 2087 1421 2169 aequitatem
1438 2094 1531 2171 atque

510 2206 682 2290 justitiam:
709 2212 739 2268 et
763 2204 854 2267 simul
878 2213 914 2267 ut
937 2203 1103 2287 Diagoram
1120 2203 1311 2281 admoneret,
1330 2227 1367 2268 ne
1383 2204 1530 2271 felicitate

515 2344 571 2385 sua
594 2322 689 2386 fretus
713 2327 889 2406 exsurgeret
913 2321 1024 2398 altius,
1050 2321 1224 2405 ambiguam
1249 2323 1432 2386 sententiam
1450 2322 1532 2406 adje-

515 2439 593 2504 cisse
628 2439 666 2503 de
699 2461 801 2502 rerum
836 2438 1046 2503 instabilitate.
1083 2438 1199 2503 Verum
1230 2462 1265 2503 ea
1295 2440 1421 2525 quidem
1456 2441 1531 2505 mihi

516 2556 660 2621 videntur
691 2565 798 2640 argute
827 2556 918 2620 nimis
942 2556 1103 2640 disputari.
1150 2557 1258 2621 Potius
1281 2580 1366 2622 more
1389 2580 1446 2621 suo
1470 2580 1529 2621 mc·

515 2676 607 2739 minit
629 2675 781 2738 Pindarus
801 2675 978 2759 fragilitatis
995 2697 1096 2768 rerum
1112 2674 1330 2753 humanarum,
1347 2676 1529 2760 imperiique

518 2794 651 2876 potentis
682 2793 786 2870 Jovis,
819 2793 874 2877 qui
896 2792 986 2856 facile
1009 2793 1094 2857 brevi
1118 2801 1254 2877 tempore
1277 2801 1388 2857 cuncta
1411 2802 1528 2858 mutet:

514 2910 596 2974 laeto
620 2911 728 2974 victori
748 2933 809 2974 non
833 2910 1133 2996 praetermittendam
1151 2933 1215 2975 esse
1232 2933 1298 2975 earn
1314 2911 1531 2995 cogitationem

515 3028 702 3092 existimans.
738 3028 909 3093 Scholiasta
934 3037 1020 3092 vetus
1041 3029 1176 3113 putavit,
1201 3029 1351 3093 contineri
1361 3029 1415 3093 -his
1433 3030 1531 3095 verbis

515 3125 754 3209 consolationem
782 3154 907 3230 propter
930 3145 1066 3229 aliquam
1089 3145 1312 3223 calamitatem,
1337 3168 1416 3230 quae
1441 3153 1532 3211 antea

516 3263 667 3346 Diagorae
691 3263 796 3326 domui
819 3262 997 3340 accidisset,
1025 3286 1107 3327 nuuc
1123 3270 1226 3327 autem
1242 3265 1396 3348 praesenti
1411 3264 1531 3328 laetitia

515 3381 674 3445 obruenda
690 3389 778 3445 esset.
803 3380 891 3460 Quae
907 3381 1071 3467 explicatio
1086 3381 1166 3446 mihi
1177 3404 1240 3445 non
1253 3382 1349 3465 magis
1362 3381 1534 3447 sententiae

516 3499 611 3584 hujus
635 3498 696 3562 loci
720 3499 882 3563 convenire
906 3499 1027 3564 videtur
1050 3522 1142 3584 quam
1167 3499 1272 3584 opinio
1297 3498 1456 3563 Boeekhii.

873 3969 1068 4035 OLYMPIA
1094 3969 1185 4034 VIII.

568 4200 698 4266 Orditur
721 4204 816 4268 Poeta
839 4228 856 4267 a
879 4205 1060 4269 laudatione
1081 4203 1241 4288 Olympiae
1257 4211 1288 4268 et
1303 4203 1436 4280 oraculi,
1453 4203 1536 4288 quod

525 4320 568 4384 ibi
592 4329 665 4384 erat.
701 4320 779 4385 Tum
804 4322 960 4406 praedicat
983 4322 1161 4387 felicitatem
1186 4322 1409 4389 Alcimedontis
1433 4329 1464 4387 et
1480 4324 1537 4386 fra-

525 4438 580 4500 tris
603 4438 667 4521 ejus
686 4436 907 4517 Timosthenis‚
924 4440 979 4524 qui
996 4438 1128 4504 Nemeae
1143 4439 1301 4504 victoriam
1318 4445 1537 4524 reportaverat.
