3767 5534
849 727 912 788 343

377 927 553 1013 abrogatum
585 925 784 989 LXXXIIII.
832 924 1018 989 Scholiastae
1050 925 1175 989 Pindari
1206 926 1312 989 aliter:
1345 925 1383 987 ad

376 1046 603 1130 inscriptionem
626 1045 767 1108 carminis
792 1044 819 1104 V
844 1042 975 1107 traditur
996 1044 1120 1108 Polemo
1136 1044 1276 1128 posuisse
1292 1044 1381 1108 linem

376 1166 440 1249 ejus
456 1165 629 1262 certaminis
645 1164 694 1228 01.
711 1164 763 1240 cd‘,
785 1186 881 1247 quum
898 1162 1042 1227 tredecim
1057 1163 1187 1227 fuissent
1203 1164 1380 1227 certamina:

375 1284 411 1347 ad
443 1307 477 1347 νε
509 1286 528 1345 6
560 1283 673 1347 dicitur
703 1282 781 1348 illud
805 1290 956 1347 certamen
980 1290 1100 1346 tantum
1125 1305 1178 1367 per
1201 1281 1382 1346 decennium
1484 1337 1488 1345 ,

374 1403 546 1481 duravisse,
571 1414 601 1467 et
624 1404 692 1467 linis
717 1404 855 1488 ponitur,
881 1405 913 1467 in
936 1402 1121 1487 quibusdam
1144 1381 1230 1467 libris
1254 1400 1303 1464 Ol.
1324 1404 1381 1464 85:

373 1524 403 1587 in
428 1522 496 1587 aliis
521 1525 582 1586 89:
606 1545 712 1586 rursus
736 1522 774 1585 ad
794 1545 828 1585 vs
847 1524 885 1585 19
903 1521 972 1586 finis
988 1523 1136 1586 statuitur
1151 1522 1244 1585 fuisse
1261 1520 1309 1585 Ol.
1330 1524 1381 1584 85.

416 1641 553 1705 Victoria
575 1642 698 1725 quidem
721 1641 909 1718 Psaumidis,
932 1664 1011 1725 quae
1027 1642 1159 1705 carmine
1176 1648 1286 1724 quarto
1304 1641 1383 1705 cani·
1453 1615 1456 1619 Δ

372 1768 436 1837 tur,
461 1782 478 1821 a
501 1759 672 1823 scholiastis
697 1760 826 1823 refertur
850 1759 888 1823 ad
912 1758 962 1823 Ol.
989 1761 1041 1822 88.
1067 1759 1115 1822 Ad
1136 1759 1260 1823 eandem
1278 1757 1382 1844 Olym·

372 1878 489 1963 piadem
520 1879 654 1943 referunt
685 1879 859 1956 victoriam,
895 1901 974 1962 quae
1005 1879 1132 1942 materia
1163 1887 1209 1942 est
1239 1879 1381 1942 carminis

371 1998 487 2081 quinti:
520 2008 645 2083 excepto
677 2021 738 2062 uno
769 1998 886 2062 scholio
918 1998 956 2061 ad
988 2021 1021 2060 νε
1049 2000 1106 2075 19,
1137 1998 1170 2061 111
1193 2020 1254 2081 quo
1278 1997 1381 2083 hujus-

370 2117 451 2181 modi
474 2119 661 2203 computatio
685 2127 743 2196 est,
771 2128 805 2182 ut
827 2141 919 2182 curru
943 2119 1040 2182 victor
1063 2117 1203 2181 Psaumis
1220 2117 1312 2181 fuerit
1328 2116 1378 2182 Ol.

371 2240 427 2315 82,
444 2237 539 2302 rheda
554 2248 656 2303 autem
671 2239 720 2303 01.
739 2242 790 2302 81.
816 2239 930 2303 Verum
947 2239 979 2303 id
995 2238 1118 2323 quidem
1136 2240 1260 2303 nimiam
1275 2239 1377 2323 dispu-

369 2356 454 2420 tandi
469 2357 622 2422 levitatem
639 2358 787 2422 ostendit:
805 2359 917 2422 etenim
933 2381 1030 2443 quum
1046 2358 1089 2422 ibi
1104 2356 1268 2421 scholiasta
1281 2357 1378 2434 dicat,

371 2476 525 2539 victoriam
557 2477 621 2559 ejus
652 2478 786 2541 eurnlem
810 2479 904 2541 fuisse
927 2475 977 2540 Ol.
1004 2480 1064 2553 82,
1090 2470 1255 2541 certamina
1277 2485 1379 2540 autem

368 2594 496 2658 mularia
518 2595 607 2658 finem
633 2595 774 2659 habuisse
798 2594 849 2658 01.
868 2597 927 2673 85,
948 2596 1019 2660 inde
1035 2595 1193 2659 contendit
1209 2596 1378 2659 necessario

368 2714 529 2796 consequi,
554 2714 710 2777 victoriam
734 2714 905 2778 Psaumidis
928 2714 1077 2779 mularem
1100 2715 1195 2778 fuisse
1219 2713 1268 2778 Ol.
1295 2716 1347 2777 81.

413 2831 454 2895 Et
476 2831 570 2895 rheda
593 2832 714 2916 quidem
738 2833 880 2911 mularis,
911 2835 1024 2910 ἀπήνη,
1049 2841 1108 2896 tam
1132 2832 1245 2896 diserte
1268 2855 1378 2897 memo·

367 2960 452 3013 ratur
467 2949 496 3008 V
514 2952 548 3027 6,
573 2958 609 3013 ut
632 2951 669 3015 de
694 2973 729 3014 ea
752 2953 878 3015 victoria
901 2951 1037 3015 dubitari
1061 2951 1147 3015 nullo
1163 2951 1254 3015 modo
1270 2953 1376 3036 possit.

368 3066 460 3147 Quod
491 3075 591 3133 autem
618 3071 651 3133 in
675 3070 876 3154 inscriptione
901 3078 931 3134 et
955 3070 1079 3133 scholiis
1103 3070 1244 3150 carminis
1267 3068 1297 3131 V
1320 3092 1379 3134 me·

367 3195 516 3263 moratur,
549 3187 627 3251 illud
659 3210 778 3251 carmen
810 3188 968 3252 Psaumidi
1000 3189 1148 3273 seriptum
1176 3210 1256 3265 esse,
1281 3210 1377 3274 quum

367 3305 487 3368 vicisset
518 3308 662 3385 τεθρίππῳ
691 3308 740 3370 καὶ
771 3309 867 3387 ἀπήνῃ
896 3307 946 3370 καὶ
978 3305 1094 3383 κέλητι,
1122 3305 1154 3369 id
1178 3305 1378 3390 rejiciendum

367 3423 496 3487 videtur.
544 3424 754 3487 Memorantur
786 3448 821 3488 ea
853 3426 912 3489 tria
943 3424 1108 3488 certamina
1138 3447 1171 3486 vs
1197 3426 1255 3501 15,
1286 3431 1378 3509 atque

367 3541 438 3605 iude
462 3540 536 3605 haec
559 3542 664 3626 opinio
689 3554 756 3606 orta
779 3542 916 3607 videtur:
941 3542 1047 3606 eodem
1067 3543 1134 3627 jure
1153 3540 1296 3605 Hieronis
1320 3542 1378 3605 vic-

368 3659 493 3737 toriam,
528 3682 606 3742 quae
630 3662 761 3724 carmine
786 3660 930 3746 Olympio
954 3661 1052 3745 primo
1076 3660 1261 3736 celebratur,
1287 3661 1375 3724 etiam

367 3778 460 3841 fnisse
495 3778 602 3855 stadii,
640 3779 771 3842 effeceris
807 3803 843 3842 ex
875 3780 939 3863 ejus
970 3779 1112 3842 carminis
1142 3802 1176 3841 νε
1211 3781 1289 3856 154,
1323 3780 1376 3843 ubi
1470 3783 1473 3790 ’

367 3896 503 3959 celeritas
538 3896 648 3980 pedum
687 3899 718 3960 in
753 3897 972 3962 certaminibus
1006 3904 1200 3961 memoratur.
1247 3897 1376 3962 Carmen

367 4016 509 4098 quintum
533 4016 570 4078 ad
596 4017 749 4079 victoriam
771 4016 883 4079 rhedae
905 4016 1087 4100 pertinuisse
1105 4016 1228 4079 omnino
1245 4023 1332 4079 const
1352 4026 1374 4079 t.

411 4132 525 4197 Verum
557 4135 697 4198 carminis
729 4135 830 4219 quarti
861 4134 1021 4219 inscriptio
1053 4144 1099 4197 est
1126 4134 1174 4197 vel
1196 4132 1306 4209 ἵπποις,
1328 4136 1375 4198 vel

366 4253 518 4333 τεθρίππῳ.
556 4257 621 4337 Age
646 4276 730 4316 vero:
756 4263 874 4337 praeter·
898 4252 975 4316 illud
1000 4252 1153 4330 scholion,
1180 4253 1371 4337 quodquam

367 4372 431 4435 leve
455 4372 494 4433 sit
517 4373 702 4455 significavi,
728 4395 830 4436 omnes
856 4383 1020 4455 utrumque
1045 4394 1165 4435 carmen
1190 4371 1228 4435 ad
1249 4372 1374 4436 eandem

367 4489 576 4580 Olympiadem
606 4490 761 4554 LXXXII
785 4493 928 4554 referunt.
977 4489 1078 4575 Igitur
1101 4490 1238 4555 mirabile
1262 4491 1371 4567 fucrit,
