3767 5534
917 710 958 770 60

432 915 524 993 atque
555 932 572 972 a
599 908 742 993 superbia
767 917 904 973 avertens
928 915 959 973 et
984 931 1002 972 a
1024 909 1121 973 stulta
1142 910 1245 975 rerum
1269 910 1444 977 absentium

432 1025 593 1110 cupidine,
617 1026 750 1111 denique
773 1028 994 1093 continentiam
1018 1028 1252 1105 commendans,
1277 1051 1358 1112 quae
1381 1051 1445 1093 non

431 1144 534 1209 miuus
557 1146 693 1231 profecto
716 1168 808 1229 quam
831 1145 934 1210 Stoica
957 1144 1121 1231 disciplina
1145 1153 1252 1231 postea
1275 1146 1373 1211 facere
1393 1170 1447 1233 po·

431 1262 493 1326 tuit
516 1262 553 1326 ad
578 1263 702 1327 decoras
726 1264 860 1328 actiones
883 1262 1064 1348 impelleret.

477 1379 611 1445 Omnino
634 1383 766 1467 graviter
789 1382 869 1446 vitae
891 1381 1072 1447 brevitatem
1095 1388 1127 1445 et
1149 1404 1251 1446 rerum
1271 1382 1447 1448 inconstan-

431 1499 505 1563 tiam
535 1498 687 1564 Pindarus
719 1501 892 1565 meminisse
916 1499 1022 1586 jubet:
1048 1499 1193 1565 velutad
1218 1499 1446 1566 Aristomenem

431 1617 552 1682 scribit:
580 1619 636 1697 „iu
658 1642 752 1705 parvo
774 1628 911 1705 tempore
933 1620 1110 1684 mortalium
1135 1626 1289 1704 augentur
1310 1619 1443 1704 gaudia:

432 1738 476 1801 sic
499 1739 589 1802 etiam
613 1739 699 1803 humi
723 1740 854 1805 cadunt:

644 1858 798 1939 ἐπάμεροι·
822 1858 854 1924 τί
875 1858 904 1923 δέ
926 1882 971 1930 τις
978 1883 988 1936 3
1012 1857 1043 1923 τί
1065 1858 1090 1922 d*
1114 1856 1148 1921 οὔ
1170 1880 1231 1933 τιςς

644 1980 729 2049 σκιᾶς
755 1976 820 2056 trop
843 1974 999 2057 ἄνθρωποι·

433 2093 549 2158 diurni:
571 2094 645 2178 quid
664 2103 711 2159 est
730 2094 860 2179 aliquis?
880 2093 955 2178 quid
974 2115 1037 2157 non
1058 2092 1123 2157 est?
1143 2091 1270 2157 umbrae
1290 2089 1447 2155 somnium

434 2212 603 2277 homiues.”
649 2212 690 2276 ut
719 2219 822 2277 tamen
853 2213 911 2278 hoc
933 2212 1000 2296 ipso
1023 2211 1109 2288 loco,
1134 2229 1196 2293 quo
1219 2206 1299 2271 nibil
1322 2206 1446 2291 gravius

434 2331 473 2394 ad
492 2330 718 2416 exprimendam
739 2354 800 2396 uon
820 2332 890 2395 dico
906 2331 1086 2397 brevitatem
1102 2327 1155 2392 sed
1171 2327 1326 2391 levitatem
1343 2346 1446 2390 rerum

433 2456 607 2513 nostrarum
637 2450 795 2534 nostrique
822 2450 940 2534 generis
965 2470 1030 2512 esse
1053 2453 1171 2532 potest,
1195 2466 1257 2509 nou
1281 2443 1382 2507 utitur
1405 2442 1447 2506 ad

434 2574 623 2631 contemtum
647 2590 747 2652 neque
770 2576 805 2632 ut
829 2590 847 2631 a
869 2567 994 2632 meliore
1017 2567 1122 2629 fructu
1145 2564 1285 2628 fortunae
1304 2561 1447 2626 retineat.

435 2685 532 2749 Addit
554 2687 634 2751 euim
654 2687 817 2751 continuo:
837 2687 914 2765 „sed
934 2708 1030 2770 quum
1048 2685 1103 2748 lux
1123 2706 1140 2746 a
1159 2682 1235 2746 Jove
1255 2680 1328 2743 data
1348 2679 1447 2757 venit,

435 2805 520 2869 adest
554 2806 662 2869 ardeus
695 2806 802 2871 lumen
833 2806 992 2870 hominum
1025 2804 1147 2886 vitaque
1179 2798 1311 2864 dulcis.’'
1326 2799 1349 2883 ¹)
1395 2794 1448 2861 sie

435 2924 556 3007 quidem
588 2933 706 3010 partam
733 2925 905 2990 labore-
927 2946 997 2987 nam
1022 2922 1096 2986 haec
1119 2919 1159 2984 ad
1181 2917 1340 2982 victoriam
1364 2915 1450 2979 Aris·

433 3019 563 3107 tomenis
590 3044 742 3128 pertinere
765 3042 967 3128 intelligimus
991 3049 1089 3103 -et
1113 3062 1130 3102 a
1151 3038 1228 3102 Jove
1251 3035 1355 3099 datam
1378 3033 1445 3097 lau-

435 3162 504 3226 dem
527 3161 673 3227 tuendam
696 3184 752 3226 nec
775 3168 876 3226 mente
899 3158 1113 3225 remittendam
1133 3165 1198 3221 esse
1218 3156 1308 3220 docet
1327 3152 1449 3217 diurnis

434 3281 625 3345 mortalibus.

481 3400 584 3483 Atque
614 3399 647 3463 in
678 3399 802 3491 eandem
835 3399 1016 3462 senteutiam
1048 3397 1130 3461 dicta
1160 3404 1234 3462 suut
1257 3421 1308 3477 ea,
1333 3398 1448 3484 quibus

436 3518 616 3584 Chromium
639 3519 793 3596 laudavit,
818 3517 912 3582 simul
934 3517 1121 3602 exprimens,
1146 3517 1318 3602 quomodo
1338 3518 1449 3584 debeat

437 3660 472 3702 ea
497 3638 582 3717 laus,
607 3660 686 3723 quae
709 3660 807 3722 usque
830 3637 869 3701 ad
892 3644 1021 3700 mortem
1045 3659 1188 3701 mansura
1211 3637 1268 3714 sit,
1293 3659 1363 3701 cum
1384 3638 1450 3723 jus-

436 3758 505 3821 titia
528 3758 666 3841 quaesita
689 3780 769 3821 esse:
794 3765 868 3820 suut
891 3762 994 3820 autem
1018 3755 1109 3819 haec:
1133 3777 1172 3832 „e
1196 3755 1369 3833 laboribus,
1394 3757 1450 3841 qui

437 3876 469 3939 in
501 3875 705 3940 adolescentia
736 3882 767 3938 et
789 3897 860 3938 oum
879 3873 1002 3959 justitia
1024 3873 1120 3951 fiunt,
1145 3872 1264 3936 exsistit
1287 3872 1325 3935 ad
1349 3895 1450 3937 senec-

437 4002 535 4058 tutem
559 4016 668 4059 aevum
692 3994 794 4058 dulce:
819 3994 896 4057 sciat
918 3992 1082 4055 Chromius
1105 4014 1137 4055 se
1156 4013 1174 4055 a
1193 3991 1261 4055 Diis
1278 3990 1449 4055 mirandam

438 4113 579 4177 sortitum
611 4134 676 4176 esse
699 4111 907 4177 felicitatem.”
919 4111 942 4196 l)
978 4110 1089 4174 Veram
1114 4110 1157 4173 sic
1180 4109 1361 4173 mortalibus
1385 4108 1450 4174 feli-

437 4231 538 4295 citatis
570 4232 649 4296 viam
672 4238 908 4308 commonstrat,
933 4236 964 4293 et
987 4237 1106 4305 tamen,
1131 4236 1167 4291 ut
1190 4228 1285 4306 solet,
1310 4227 1448 4292 Deorum

438 4398 614 4412 μ

375 4536 377 4539 ⁴
473 4493 497 4553 1)
514 4492 555 4559 ry.
577 4493 651 4542 7111.
669 4492 729 4551 rac,
745 4507 806 4555 seqq.
907 4491 932 4552 a)
950 4491 1015 4541 uem.
1034 4489 1079 4538 rr.
1098 4488 1153 4538 104.
