<?xml version="1.0" encoding="UTF-8"?>
<!DOCTYPE html PUBLIC "-//W3C//DTD XHTML 1.0 Transitional//EN"
    "http://www.w3.org/TR/xhtml1/DTD/xhtml1-transitional.dtd">
<html xmlns="http://www.w3.org/1999/xhtml" xml:lang="en" lang="en">
 <head>
  <title>
</title>
<meta http-equiv="Content-Type" content="text/html;charset=utf-8" />
  <meta name='ocr-system' content='tesseract 3.04.00' />
  <meta name='ocr-capabilities' content='ocr_page ocr_carea ocr_par ocr_line ocrx_word'/>
</head>
<body>
  <div class='ocr_page' id='page_1' title='image "./pindaricarminao00pindgoog_0503.png"; bbox 0 0 3767 5534; ppageno 0'>
   <div class='ocr_carea' id='block_1_1' title="bbox 907 731 971 791">
    <p class='ocr_par' dir='ltr' id='par_1_1' title="bbox 907 731 971 791">
     <span class='ocr_line' id='line_1_1' title="bbox 907 731 971 791; baseline 0 0"><span class='ocrx_word' id='word_1_1' title='bbox 907 731 971 791; x_wconf 74' lang='lat'>422</span> 
     </span>
    </p>
   </div>
   <div class='ocr_carea' id='block_1_2' title="bbox 430 931 1451 2204">
    <p class='ocr_par' dir='ltr' id='par_1_2' title="bbox 430 931 1451 2204">
     <span class='ocr_line' id='line_1_2' title="bbox 432 931 1447 1016; baseline 0 -21"><span class='ocrx_word' id='word_1_2' title='bbox 432 932 501 997; x_wconf 88' lang='lat' dir='ltr'>dem</span> <span class='ocrx_word' id='word_1_3' title='bbox 532 931 641 997; x_wconf 87' lang='lat' dir='ltr'>factam</span> <span class='ocrx_word' id='word_1_4' title='bbox 665 954 804 1009; x_wconf 83' lang='lat' dir='ltr'>narrare,</span> <span class='ocrx_word' id='word_1_5' title='bbox 829 932 938 997; x_wconf 89' lang='lat' dir='ltr'>bovem</span> <span class='ocrx_word' id='word_1_6' title='bbox 961 955 1056 1016; x_wconf 92' lang='lat' dir='ltr'>quum</span> <span class='ocrx_word' id='word_1_7' title='bbox 1080 934 1169 996; x_wconf 78' lang='lat' dir='ltr'>ferire</span> <span class='ocrx_word' id='word_1_8' title='bbox 1193 934 1356 1010; x_wconf 88' lang='lat' dir='ltr'>voluisset,</span> <span class='ocrx_word' id='word_1_9' title='bbox 1386 956 1447 1000; x_wconf 86' lang='lat' dir='ltr'>non</span> 
     </span>
     <span class='ocr_line' id='line_1_3' title="bbox 431 1049 1450 1135; baseline -0.001 -21"><span class='ocrx_word' id='word_1_10' title='bbox 431 1050 641 1135; x_wconf 85' lang='lat' dir='ltr'>Licymnium:</span> <span class='ocrx_word' id='word_1_11' title='bbox 674 1050 734 1113; x_wconf 89' lang='lat' dir='ltr'>alia</span> <span class='ocrx_word' id='word_1_12' title='bbox 763 1050 796 1113; x_wconf 93' lang='lat' dir='ltr'>in</span> <span class='ocrx_word' id='word_1_13' title='bbox 823 1049 948 1113; x_wconf 81' lang='lat' dir='ltr'>scholiis</span> <span class='ocrx_word' id='word_1_14' title='bbox 971 1049 1097 1114; x_wconf 87' lang='lat' dir='ltr'>traditio</span> <span class='ocrx_word' id='word_1_15' title='bbox 1122 1058 1185 1128; x_wconf 88' lang='lat' dir='ltr'>est,</span> <span class='ocrx_word' id='word_1_16' title='bbox 1210 1058 1336 1135; x_wconf 85' lang='lat' dir='ltr'>propter</span> <span class='ocrx_word' id='word_1_17' title='bbox 1359 1072 1450 1135; x_wconf 88' lang='lat' dir='ltr'>quos·</span> 
     </span>
     <span class='ocr_line' id='line_1_4' title="bbox 432 1166 1449 1248; baseline -0.001 -15"><span class='ocrx_word' id='word_1_18' title='bbox 432 1171 500 1233; x_wconf 92' lang='lat' dir='ltr'>dam</span> <span class='ocrx_word' id='word_1_19' title='bbox 524 1169 654 1232; x_wconf 86' lang='lat' dir='ltr'>honores</span> <span class='ocrx_word' id='word_1_20' title='bbox 677 1166 800 1236; x_wconf 88' lang='lat' dir='ltr'>caedem</span> <span class='ocrx_word' id='word_1_21' title='bbox 820 1167 932 1231; x_wconf 86' lang='lat' dir='ltr'>factam</span> <span class='ocrx_word' id='word_1_22' title='bbox 949 1190 1024 1232; x_wconf 89' lang='lat' dir='ltr'>esse.</span> <span class='ocrx_word' id='word_1_23' title='bbox 1048 1167 1204 1236; x_wconf 76' lang='lat' dir='ltr'>Pindarus</span> <span class='ocrx_word' id='word_1_24' title='bbox 1221 1191 1283 1232; x_wconf 89' lang='lat' dir='ltr'>non</span> <span class='ocrx_word' id='word_1_25' title='bbox 1299 1168 1449 1248; x_wconf 89' lang='lat' dir='ltr'>invitum,</span> 
     </span>
     <span class='ocr_line' id='line_1_5' title="bbox 432 1286 1450 1371; baseline -0.002 -19"><span class='ocrx_word' id='word_1_26' title='bbox 432 1289 484 1354; x_wconf 89' lang='lat' dir='ltr'>sed</span> <span class='ocrx_word' id='word_1_27' title='bbox 514 1288 626 1357; x_wconf 87' lang='lat' dir='ltr'>iratum</span> <span class='ocrx_word' id='word_1_28' title='bbox 652 1287 758 1352; x_wconf 86' lang='lat' dir='ltr'>fecisse</span> <span class='ocrx_word' id='word_1_29' title='bbox 781 1286 872 1354; x_wconf 87' lang='lat' dir='ltr'>dicit:</span> <span class='ocrx_word' id='word_1_30' title='bbox 897 1308 1027 1371; x_wconf 90' lang='lat' dir='ltr'>eamque</span> <span class='ocrx_word' id='word_1_31' title='bbox 1051 1286 1127 1349; x_wconf 87' lang='lat' dir='ltr'>iram</span> <span class='ocrx_word' id='word_1_32' title='bbox 1152 1286 1184 1349; x_wconf 95' lang='lat' dir='ltr'>in</span> <span class='ocrx_word' id='word_1_33' title='bbox 1208 1286 1270 1350; x_wconf 91' lang='lat' dir='ltr'>illis</span> <span class='ocrx_word' id='word_1_34' title='bbox 1294 1287 1450 1352; x_wconf 84' lang='lat' dir='ltr'>erroribus</span> 
     </span>
     <span class='ocr_line' id='line_1_6' title="bbox 430 1404 1451 1494; baseline -0.001 -22"><span class='ocrx_word' id='word_1_35' title='bbox 430 1415 588 1485; x_wconf 88' lang='lat' dir='ltr'>numerat,</span> <span class='ocrx_word' id='word_1_36' title='bbox 620 1404 697 1494; x_wconf 86' lang='lat' dir='ltr'>qnos</span> <span class='ocrx_word' id='word_1_37' title='bbox 729 1429 762 1470; x_wconf 91' lang='lat' dir='ltr'>vs</span> <span class='ocrx_word' id='word_1_38' title='bbox 786 1409 829 1470; x_wconf 73' lang='lat'>44</span> <span class='ocrx_word' id='word_1_39' title='bbox 852 1406 1047 1471; x_wconf 81' lang='lat' dir='ltr'>memoravit:</span> <span class='ocrx_word' id='word_1_40' title='bbox 1072 1414 1103 1470; x_wconf 89' lang='lat' dir='ltr'>et</span> <span class='ocrx_word' id='word_1_41' title='bbox 1126 1428 1159 1469; x_wconf 91' lang='lat' dir='ltr'>vs</span> <span class='ocrx_word' id='word_1_42' title='bbox 1185 1409 1224 1469; x_wconf 95' lang='grc'>55</span> <span class='ocrx_word' id='word_1_43' title='bbox 1250 1408 1360 1471; x_wconf 89' lang='lat' dir='ltr'>mentis</span> <span class='ocrx_word' id='word_1_44' title='bbox 1384 1429 1451 1492; x_wconf 87' lang='lat' dir='ltr'>per·</span> 
     </span>
     <span class='ocr_line' id='line_1_7' title="bbox 430 1524 1450 1609; baseline -0.001 -19"><span class='ocrx_word' id='word_1_45' title='bbox 430 1525 637 1591; x_wconf 87' lang='lat' dir='ltr'>turbationem</span> <span class='ocrx_word' id='word_1_46' title='bbox 660 1524 787 1588; x_wconf 89' lang='lat' dir='ltr'>eandem</span> <span class='ocrx_word' id='word_1_47' title='bbox 810 1532 915 1601; x_wconf 88' lang='lat' dir='ltr'>vocat,</span> <span class='ocrx_word' id='word_1_48' title='bbox 940 1546 1002 1609; x_wconf 89' lang='lat' dir='ltr'>qua</span> <span class='ocrx_word' id='word_1_49' title='bbox 1024 1524 1118 1592; x_wconf 85' lang='lat' dir='ltr'>fuerit</span> <span class='ocrx_word' id='word_1_50' title='bbox 1134 1525 1171 1589; x_wconf 92' lang='lat' dir='ltr'>ab</span> <span class='ocrx_word' id='word_1_51' title='bbox 1187 1525 1281 1588; x_wconf 91' lang='lat' dir='ltr'>insita</span> <span class='ocrx_word' id='word_1_52' title='bbox 1297 1525 1450 1609; x_wconf 78' lang='lat' dir='ltr'>sapientia</span> 
     </span>
     <span class='ocr_line' id='line_1_8' title="bbox 431 1641 1450 1733; baseline 0 -25"><span class='ocrx_word' id='word_1_53' title='bbox 431 1644 626 1733; x_wconf 79' lang='lat' dir='ltr'>Tlepolemus</span> <span class='ocrx_word' id='word_1_54' title='bbox 648 1651 714 1709; x_wconf 91' lang='lat' dir='ltr'>tum</span> <span class='ocrx_word' id='word_1_55' title='bbox 739 1642 899 1709; x_wconf 87' lang='lat' dir='ltr'>abductus.</span> <span class='ocrx_word' id='word_1_56' title='bbox 948 1641 1019 1707; x_wconf 91' lang='lat' dir='ltr'>Non</span> <span class='ocrx_word' id='word_1_57' title='bbox 1046 1644 1147 1728; x_wconf 91' lang='lat' dir='ltr'>potuit</span> <span class='ocrx_word' id='word_1_58' title='bbox 1170 1643 1244 1708; x_wconf 90' lang='lat' dir='ltr'>haec</span> <span class='ocrx_word' id='word_1_59' title='bbox 1259 1643 1450 1728; x_wconf 81' lang='lat' dir='ltr'>praetermit-</span> 
     </span>
     <span class='ocr_line' id='line_1_9' title="bbox 431 1761 1449 1848; baseline 0 -20"><span class='ocrx_word' id='word_1_60' title='bbox 431 1772 511 1842; x_wconf 89' lang='lat' dir='ltr'>tere,</span> <span class='ocrx_word' id='word_1_61' title='bbox 536 1764 568 1828; x_wconf 92' lang='lat' dir='ltr'>in</span> <span class='ocrx_word' id='word_1_62' title='bbox 593 1762 802 1848; x_wconf 85' lang='lat' dir='ltr'>persequenda</span> <span class='ocrx_word' id='word_1_63' title='bbox 825 1761 926 1825; x_wconf 83' lang='lat' dir='ltr'>Rhodi</span> <span class='ocrx_word' id='word_1_64' title='bbox 950 1763 1151 1847; x_wconf 76' lang='lat' dir='ltr'>antiquitate:</span> <span class='ocrx_word' id='word_1_65' title='bbox 1176 1762 1228 1826; x_wconf 88' lang='lat' dir='ltr'>sed</span> <span class='ocrx_word' id='word_1_66' title='bbox 1245 1770 1348 1828; x_wconf 87' lang='lat' dir='ltr'>tamen</span> <span class='ocrx_word' id='word_1_67' title='bbox 1364 1786 1449 1829; x_wconf 87' lang='lat' dir='ltr'>more</span> 
     </span>
     <span class='ocr_line' id='line_1_10' title="bbox 430 1880 1449 1966; baseline 0 -20"><span class='ocrx_word' id='word_1_68' title='bbox 430 1905 487 1949; x_wconf 91' lang='lat' dir='ltr'>suo</span> <span class='ocrx_word' id='word_1_69' title='bbox 510 1882 631 1947; x_wconf 83' lang='lat' dir='ltr'>brevior</span> <span class='ocrx_word' id='word_1_70' title='bbox 653 1888 700 1947; x_wconf 89' lang='lat' dir='ltr'>est</span> <span class='ocrx_word' id='word_1_71' title='bbox 722 1881 755 1945; x_wconf 92' lang='lat' dir='ltr'>in</span> <span class='ocrx_word' id='word_1_72' title='bbox 781 1880 863 1945; x_wconf 92' lang='lat' dir='ltr'>malo</span> <span class='ocrx_word' id='word_1_73' title='bbox 887 1880 1171 1959; x_wconf 87' lang='lat' dir='ltr'>commemorando,</span> <span class='ocrx_word' id='word_1_74' title='bbox 1193 1904 1321 1966; x_wconf 90' lang='lat' dir='ltr'>eamque</span> <span class='ocrx_word' id='word_1_75' title='bbox 1337 1905 1449 1952; x_wconf 88' lang='lat' dir='ltr'>memo·</span> 
     </span>
     <span class='ocr_line' id='line_1_11' title="bbox 430 1998 1449 2086; baseline -0.001 -21"><span class='ocrx_word' id='word_1_76' title='bbox 430 2002 508 2069; x_wconf 88' lang='lat' dir='ltr'>riam</span> <span class='ocrx_word' id='word_1_77' title='bbox 539 1999 630 2068; x_wconf 88' lang='lat' dir='ltr'>simul</span> <span class='ocrx_word' id='word_1_78' title='bbox 661 1999 783 2084; x_wconf 84' lang='lat' dir='ltr'>mitigat</span> <span class='ocrx_word' id='word_1_79' title='bbox 816 1998 969 2062; x_wconf 84' lang='lat' dir='ltr'>humanae</span> <span class='ocrx_word' id='word_1_80' title='bbox 1002 1998 1222 2064; x_wconf 83' lang='lat' dir='ltr'>imbecillitatis</span> <span class='ocrx_word' id='word_1_81' title='bbox 1245 2000 1449 2086; x_wconf 80' lang='lat' dir='ltr'>cogitatione:</span> 
     </span>
     <span class='ocr_line' id='line_1_12' title="bbox 431 2116 1448 2204; baseline 0 -21"><span class='ocrx_word' id='word_1_82' title='bbox 431 2118 582 2204; x_wconf 88' lang='lat' dir='ltr'>copiosior</span> <span class='ocrx_word' id='word_1_83' title='bbox 616 2138 687 2183; x_wconf 85' lang='lat' dir='ltr'>vero</span> <span class='ocrx_word' id='word_1_84' title='bbox 721 2118 755 2184; x_wconf 88' lang='lat' dir='ltr'>iu</span> <span class='ocrx_word' id='word_1_85' title='bbox 789 2116 891 2183; x_wconf 88' lang='lat' dir='ltr'>laudis</span> <span class='ocrx_word' id='word_1_86' title='bbox 924 2124 955 2181; x_wconf 88' lang='lat' dir='ltr'>et</span> <span class='ocrx_word' id='word_1_87' title='bbox 983 2117 1124 2182; x_wconf 88' lang='lat' dir='ltr'>inventae</span> <span class='ocrx_word' id='word_1_88' title='bbox 1155 2124 1261 2203; x_wconf 90' lang='lat' dir='ltr'>postea</span> <span class='ocrx_word' id='word_1_89' title='bbox 1292 2118 1448 2183; x_wconf 88' lang='lat' dir='ltr'>felicitatis</span> 
     </span>
    </p>
   </div>
   <div class='ocr_carea' id='block_1_3' title="bbox 323 2238 603 2325">
    <p class='ocr_par' dir='ltr' id='par_1_3' title="bbox 323 2238 603 2325">
     <span class='ocr_line' id='line_1_13' title="bbox 323 2238 603 2325; baseline 0.004 -24"><span class='ocrx_word' id='word_1_90' title='bbox 323 2309 326 2313; x_wconf 62' lang='lat'>,</span> <span class='ocrx_word' id='word_1_91' title='bbox 431 2238 603 2325; x_wconf 82' lang='lat' dir='ltr'>praeconio.</span> 
     </span>
    </p>
   </div>
   <div class='ocr_carea' id='block_1_4' title="bbox 433 2352 1454 3621">
    <p class='ocr_par' dir='ltr' id='par_1_4' title="bbox 478 2352 1447 2442">
     <span class='ocr_line' id='line_1_14' title="bbox 478 2352 1447 2442; baseline 0.002 -23"><span class='ocrx_word' id='word_1_92' title='bbox 478 2358 529 2420; x_wconf 88' lang='grc'>53.</span> <span class='ocrx_word' id='word_1_93' title='bbox 560 2354 714 2432; x_wconf 67' lang='grc' dir='ltr'>θαλάμων.</span> <span class='ocrx_word' id='word_1_94' title='bbox 738 2352 936 2442; x_wconf 75' lang='lat' dir='ltr'>significetur</span> <span class='ocrx_word' id='word_1_95' title='bbox 956 2352 1076 2420; x_wconf 88' lang='lat' dir='ltr'>domus.</span> <span class='ocrx_word' id='word_1_96' title='bbox 1105 2353 1151 2418; x_wconf 82' lang='lat' dir='ltr'>Cf.</span> <span class='ocrx_word' id='word_1_97' title='bbox 1169 2352 1219 2419; x_wconf 93' lang='lat' dir='ltr'>Ol.</span> <span class='ocrx_word' id='word_1_98' title='bbox 1236 2354 1265 2417; x_wconf 81' lang='lat' dir='ltr'><strong>V</strong></span> <span class='ocrx_word' id='word_1_99' title='bbox 1282 2358 1335 2433; x_wconf 83' lang='lat'>30,</span> <span class='ocrx_word' id='word_1_100' title='bbox 1354 2354 1401 2421; x_wconf 88' lang='lat' dir='ltr'>VI</span> <span class='ocrx_word' id='word_1_101' title='bbox 1417 2360 1447 2421; x_wconf 78' lang='lat'>2.</span> 
     </span>
    </p>

    <p class='ocr_par' dir='ltr' id='par_1_5' title="bbox 433 2470 1449 2907">
     <span class='ocr_line' id='line_1_15' title="bbox 479 2470 1449 2545; baseline 0.001 -8"><span class='ocrx_word' id='word_1_102' title='bbox 479 2476 530 2538; x_wconf 84' lang='grc'>53.</span> <span class='ocrx_word' id='word_1_103' title='bbox 564 2472 687 2545; x_wconf 73' lang='grc' dir='ltr'>Μιδέας.</span> <span class='ocrx_word' id='word_1_104' title='bbox 722 2470 894 2542; x_wconf 86' lang='lat' dir='ltr'>Scholiasta</span> <span class='ocrx_word' id='word_1_105' title='bbox 916 2478 1004 2536; x_wconf 85' lang='lat' dir='ltr'>vetus</span> <span class='ocrx_word' id='word_1_106' title='bbox 1028 2480 1083 2536; x_wconf 87' lang='lat' dir='ltr'>aut</span> <span class='ocrx_word' id='word_1_107' title='bbox 1098 2479 1227 2538; x_wconf 84' lang='lat' dir='ltr'>matrem</span> <span class='ocrx_word' id='word_1_108' title='bbox 1242 2472 1376 2538; x_wconf 89' lang='lat' dir='ltr'>Mideam</span> <span class='ocrx_word' id='word_1_109' title='bbox 1394 2481 1449 2538; x_wconf 92' lang='lat' dir='ltr'>aut</span> 
     </span>
     <span class='ocr_line' id='line_1_16' title="bbox 434 2590 1448 2678; baseline -0.001 -21"><span class='ocrx_word' id='word_1_110' title='bbox 434 2591 541 2658; x_wconf 85' lang='lat' dir='ltr'>urbem</span> <span class='ocrx_word' id='word_1_111' title='bbox 573 2590 786 2678; x_wconf 79' lang='lat' dir='ltr'>cognominem</span> <span class='ocrx_word' id='word_1_112' title='bbox 816 2590 847 2654; x_wconf 92' lang='lat' dir='ltr'>iu</span> <span class='ocrx_word' id='word_1_113' title='bbox 879 2590 1027 2675; x_wconf 82' lang='lat' dir='ltr'>Argolide</span> <span class='ocrx_word' id='word_1_114' title='bbox 1050 2590 1141 2653; x_wconf 88' lang='lat' dir='ltr'>sitam</span> <span class='ocrx_word' id='word_1_115' title='bbox 1163 2590 1328 2676; x_wconf 86' lang='lat' dir='ltr'>significari</span> <span class='ocrx_word' id='word_1_116' title='bbox 1352 2591 1448 2656; x_wconf 89' lang='lat' dir='ltr'>dicit:</span> 
     </span>
     <span class='ocr_line' id='line_1_17' title="bbox 433 2708 1448 2796; baseline 0.001 -23"><span class='ocrx_word' id='word_1_117' title='bbox 433 2709 518 2796; x_wconf 86' lang='lat' dir='ltr'>prius</span> <span class='ocrx_word' id='word_1_118' title='bbox 541 2731 647 2772; x_wconf 85' lang='lat' dir='ltr'>verum</span> <span class='ocrx_word' id='word_1_119' title='bbox 671 2716 726 2773; x_wconf 90' lang='lat' dir='ltr'>est.</span> <span class='ocrx_word' id='word_1_120' title='bbox 775 2708 822 2773; x_wconf 90' lang='lat' dir='ltr'>De</span> <span class='ocrx_word' id='word_1_121' title='bbox 844 2709 921 2774; x_wconf 86' lang='lat' dir='ltr'>urbe</span> <span class='ocrx_word' id='word_1_122' title='bbox 943 2710 979 2773; x_wconf 89' lang='lat' dir='ltr'>fit</span> <span class='ocrx_word' id='word_1_123' title='bbox 1001 2709 1117 2778; x_wconf 84' lang='lat' dir='ltr'>mentio</span> <span class='ocrx_word' id='word_1_124' title='bbox 1141 2708 1191 2773; x_wconf 92' lang='lat' dir='ltr'>Ol.</span> <span class='ocrx_word' id='word_1_125' title='bbox 1216 2710 1246 2773; x_wconf 91' lang='lat' dir='ltr'>X</span> <span class='ocrx_word' id='word_1_126' title='bbox 1271 2712 1288 2775; x_wconf 81' lang='lat'><strong>7</strong></span> <span class='ocrx_word' id='word_1_127' title='bbox 1294 2712 1310 2775; x_wconf 86' lang='grc'><strong>7</strong></span> <span class='ocrx_word' id='word_1_128' title='bbox 1337 2710 1448 2785; x_wconf 74' lang='grc' dir='ltr'><em>παῖςδ</em></span> 
     </span>
     <span class='ocr_line' id='line_1_18' title="bbox 433 2823 1344 2907; baseline -0.003 -11"><span class='ocrx_word' id='word_1_129' title='bbox 433 2828 590 2906; x_wconf 75' lang='grc' dir='ltr'><strong><em>Λικυμνίου</em></strong></span> <span class='ocrx_word' id='word_1_130' title='bbox 613 2826 732 2900; x_wconf 67' lang='lat' dir='ltr'>Oloris·</span> <span class='ocrx_word' id='word_1_131' title='bbox 756 2823 821 2902; x_wconf 77' lang='grc' dir='ltr'>ἧκεν</span> <span class='ocrx_word' id='word_1_132' title='bbox 844 2828 873 2894; x_wconf 70' lang='grc' dir='ltr'>δὲ</span> <span class='ocrx_word' id='word_1_133' title='bbox 896 2827 1040 2894; x_wconf 70' lang='grc' dir='ltr'>Μιδέαθεν</span> <span class='ocrx_word' id='word_1_134' title='bbox 1063 2826 1185 2907; x_wconf 75' lang='grc' dir='ltr'><em>στρατὸν</em></span> <span class='ocrx_word' id='word_1_135' title='bbox 1209 2829 1344 2894; x_wconf 80' lang='grc' dir='ltr'>ἐλαύνων.</span> 
     </span>
    </p>

    <p class='ocr_par' dir='ltr' id='par_1_6' title="bbox 433 2945 1454 3621">
     <span class='ocr_line' id='line_1_19' title="bbox 481 2945 1454 3032; baseline 0.005 -25"><span class='ocrx_word' id='word_1_136' title='bbox 481 2948 533 3012; x_wconf 84' lang='grc'>56.</span> <span class='ocrx_word' id='word_1_137' title='bbox 569 2945 966 3014; x_wconf 73' lang='grc' dir='ltr'>Μαντεύσατο.Ἠοωεωε</span> <span class='ocrx_word' id='word_1_138' title='bbox 998 2945 1087 3010; x_wconf 93' lang='lat' dir='ltr'>illum</span> <span class='ocrx_word' id='word_1_139' title='bbox 1112 2945 1255 3032; x_wconf 81' lang='lat' dir='ltr'>effugisse</span> <span class='ocrx_word' id='word_1_140' title='bbox 1278 2946 1354 3011; x_wconf 91' lang='lat' dir='ltr'>dicit</span> <span class='ocrx_word' id='word_1_141' title='bbox 1376 2947 1454 3012; x_wconf 86' lang='lat' dir='ltr'>filio-</span> 
     </span>
     <span class='ocr_line' id='line_1_20' title="bbox 433 3042 1451 3156; baseline 0.003 -28"><span class='ocrx_word' id='word_1_142' title='bbox 433 3086 504 3136; x_wconf 86' lang='lat' dir='ltr'>rum</span> <span class='ocrx_word' id='word_1_143' title='bbox 527 3071 557 3127; x_wconf 91' lang='lat' dir='ltr'>et</span> <span class='ocrx_word' id='word_1_144' title='bbox 570 3071 723 3156; x_wconf 55' lang='lat' dir='ltr'>¹nepotum</span> <span class='ocrx_word' id='word_1_145' title='bbox 742 3063 886 3134; x_wconf 79' lang='lat' dir='ltr'>Herculis</span> <span class='ocrx_word' id='word_1_146' title='bbox 902 3042 1018 3143; x_wconf 86' lang='lat' dir='ltr'>minas,</span> <span class='ocrx_word' id='word_1_147' title='bbox 1036 3064 1074 3128; x_wconf 91' lang='lat' dir='ltr'>de</span> <span class='ocrx_word' id='word_1_148' title='bbox 1090 3064 1214 3131; x_wconf 87' lang='lat' dir='ltr'>oraculo</span> <span class='ocrx_word' id='word_1_149' title='bbox 1230 3064 1309 3133; x_wconf 87' lang='lat' dir='ltr'>silet.</span> <span class='ocrx_word' id='word_1_150' title='bbox 1345 3061 1451 3147; x_wconf 78' lang='lat' dir='ltr'>Quum</span> 
     </span>
     <span class='ocr_line' id='line_1_21' title="bbox 434 3180 1451 3264; baseline 0.001 -16"><span class='ocrx_word' id='word_1_151' title='bbox 434 3180 587 3248; x_wconf 87' lang='lat' dir='ltr'>Pindarus</span> <span class='ocrx_word' id='word_1_152' title='bbox 609 3180 678 3244; x_wconf 92' lang='lat' dir='ltr'>illas</span> <span class='ocrx_word' id='word_1_153' title='bbox 701 3181 799 3249; x_wconf 86' lang='lat' dir='ltr'>minas</span> <span class='ocrx_word' id='word_1_154' title='bbox 822 3180 929 3259; x_wconf 86' lang='lat' dir='ltr'>sileat,</span> <span class='ocrx_word' id='word_1_155' title='bbox 954 3181 1101 3246; x_wconf 85' lang='lat' dir='ltr'>credibile</span> <span class='ocrx_word' id='word_1_156' title='bbox 1116 3189 1177 3260; x_wconf 88' lang='lat' dir='ltr'>est,</span> <span class='ocrx_word' id='word_1_157' title='bbox 1194 3180 1285 3246; x_wconf 89' lang='lat' dir='ltr'>illum</span> <span class='ocrx_word' id='word_1_158' title='bbox 1300 3182 1451 3264; x_wconf 84' lang='lat' dir='ltr'>voluisse,</span> 
     </span>
     <span class='ocr_line' id='line_1_22' title="bbox 434 3297 1451 3385; baseline 0.002 -21"><span class='ocrx_word' id='word_1_159' title='bbox 434 3298 647 3383; x_wconf 78' lang='lat' dir='ltr'>Tlepolemum</span> <span class='ocrx_word' id='word_1_160' title='bbox 685 3299 828 3383; x_wconf 87' lang='lat' dir='ltr'>protinus</span> <span class='ocrx_word' id='word_1_161' title='bbox 867 3320 923 3362; x_wconf 91' lang='lat' dir='ltr'>sua</span> <span class='ocrx_word' id='word_1_162' title='bbox 962 3306 1073 3383; x_wconf 85' lang='lat' dir='ltr'>sponte</span> <span class='ocrx_word' id='word_1_163' title='bbox 1111 3297 1212 3364; x_wconf 89' lang='lat' dir='ltr'>caedis</span> <span class='ocrx_word' id='word_1_164' title='bbox 1247 3300 1451 3385; x_wconf 82' lang='lat' dir='ltr'>expiationem</span> 
     </span>
     <span class='ocr_line' id='line_1_23' title="bbox 435 3408 1453 3504; baseline 0.001 -21"><span class='ocrx_word' id='word_1_165' title='bbox 435 3415 635 3502; x_wconf 86' lang='lat' dir='ltr'>quaesivisse,</span> <span class='ocrx_word' id='word_1_166' title='bbox 661 3438 757 3499; x_wconf 89' lang='lat' dir='ltr'>quum</span> <span class='ocrx_word' id='word_1_167' title='bbox 780 3417 964 3501; x_wconf 86' lang='lat' dir='ltr'>praesertim</span> <span class='ocrx_word' id='word_1_168' title='bbox 988 3408 1054 3502; x_wconf 81' lang='lat' dir='ltr'>ejus</span> <span class='ocrx_word' id='word_1_169' title='bbox 1070 3417 1273 3484; x_wconf 84' lang='lat' dir='ltr'>moderationi</span> <span class='ocrx_word' id='word_1_170' title='bbox 1289 3426 1320 3482; x_wconf 93' lang='lat' dir='ltr'>et</span> <span class='ocrx_word' id='word_1_171' title='bbox 1336 3419 1453 3504; x_wconf 89' lang='lat' dir='ltr'>sapien·</span> 
     </span>
     <span class='ocr_line' id='line_1_24' title="bbox 435 3532 1452 3621; baseline 0.003 -24"><span class='ocrx_word' id='word_1_172' title='bbox 435 3533 496 3598; x_wconf 91' lang='lat' dir='ltr'>tiae</span> <span class='ocrx_word' id='word_1_173' title='bbox 529 3532 584 3597; x_wconf 91' lang='lat' dir='ltr'>illa</span> <span class='ocrx_word' id='word_1_174' title='bbox 616 3532 723 3600; x_wconf 82' lang='lat' dir='ltr'>caedes</span> <span class='ocrx_word' id='word_1_175' title='bbox 757 3555 819 3598; x_wconf 90' lang='lat' dir='ltr'>non</span> <span class='ocrx_word' id='word_1_176' title='bbox 852 3534 1045 3601; x_wconf 84' lang='lat' dir='ltr'>conveniret:</span> <span class='ocrx_word' id='word_1_177' title='bbox 1083 3534 1143 3598; x_wconf 91' lang='lat' dir='ltr'>Dei</span> <span class='ocrx_word' id='word_1_178' title='bbox 1173 3543 1276 3602; x_wconf 87' lang='lat' dir='ltr'>autem</span> <span class='ocrx_word' id='word_1_179' title='bbox 1307 3557 1452 3621; x_wconf 88' lang='lat' dir='ltr'>responso</span> 
     </span>
    </p>
   </div>
   <div class='ocr_carea' id='block_1_5' title="bbox 437 3650 1453 3739">
    <p class='ocr_par' dir='ltr' id='par_1_7' title="bbox 437 3650 1453 3739">
     <span class='ocr_line' id='line_1_25' title="bbox 437 3650 1453 3739; baseline 0.004 -24"><span class='ocrx_word' id='word_1_180' title='bbox 437 3650 618 3738; x_wconf 85' lang='lat' dir='ltr'>profectioni</span> <span class='ocrx_word' id='word_1_181' title='bbox 640 3651 809 3736; x_wconf 81' lang='lat' dir='ltr'>Tlepolemi</span> <span class='ocrx_word' id='word_1_182' title='bbox 833 3660 864 3717; x_wconf 91' lang='lat' dir='ltr'>et</span> <span class='ocrx_word' id='word_1_183' title='bbox 887 3652 1080 3717; x_wconf 83' lang='lat' dir='ltr'>Rhodiorum</span> <span class='ocrx_word' id='word_1_184' title='bbox 1105 3652 1215 3739; x_wconf 84' lang='lat' dir='ltr'>origini</span> <span class='ocrx_word' id='word_1_185' title='bbox 1239 3653 1380 3718; x_wconf 84' lang='lat' dir='ltr'>divinum</span> <span class='ocrx_word' id='word_1_186' title='bbox 1402 3652 1453 3719; x_wconf 89' lang='lat' dir='ltr'>de·</span> 
     </span>
    </p>
   </div>
   <div class='ocr_carea' id='block_1_6' title="bbox 437 3770 1452 4564">
    <p class='ocr_par' dir='ltr' id='par_1_8' title="bbox 437 3770 1038 3856">
     <span class='ocr_line' id='line_1_26' title="bbox 437 3770 1038 3856; baseline 0.005 -22"><span class='ocrx_word' id='word_1_187' title='bbox 437 3792 492 3834; x_wconf 91' lang='lat' dir='ltr'>cus</span> <span class='ocrx_word' id='word_1_188' title='bbox 516 3778 547 3835; x_wconf 88' lang='lat' dir='ltr'>et</span> <span class='ocrx_word' id='word_1_189' title='bbox 569 3770 826 3839; x_wconf 83' lang='lat' dir='ltr'>consecrationem</span> <span class='ocrx_word' id='word_1_190' title='bbox 850 3770 1038 3856; x_wconf 84' lang='lat' dir='ltr'>adjunxisse.</span> 
     </span>
    </p>

    <p class='ocr_par' dir='ltr' id='par_1_9' title="bbox 438 3887 1452 4564">
     <span class='ocr_line' id='line_1_27' title="bbox 484 3887 1451 3975; baseline 0.003 -25"><span class='ocrx_word' id='word_1_191' title='bbox 484 3889 536 3951; x_wconf 87' lang='grc'>59.</span> <span class='ocrx_word' id='word_1_192' title='bbox 570 3887 695 3959; x_wconf 79' lang='grc' dir='ltr'>εὐώδεας.</span> <span class='ocrx_word' id='word_1_193' title='bbox 730 3887 837 3952; x_wconf 88' lang='lat' dir='ltr'>Potest</span> <span class='ocrx_word' id='word_1_194' title='bbox 864 3890 998 3954; x_wconf 88' lang='lat' dir='ltr'>suavitas</span> <span class='ocrx_word' id='word_1_195' title='bbox 1018 3887 1119 3952; x_wconf 88' lang='lat' dir='ltr'>odoris</span> <span class='ocrx_word' id='word_1_196' title='bbox 1136 3888 1232 3953; x_wconf 87' lang='lat' dir='ltr'>tribui</span> <span class='ocrx_word' id='word_1_197' title='bbox 1247 3888 1352 3967; x_wconf 84' lang='lat' dir='ltr'>thuri,</span> <span class='ocrx_word' id='word_1_198' title='bbox 1369 3889 1451 3975; x_wconf 91' lang='lat' dir='ltr'>quod</span> 
     </span>
     <span class='ocr_line' id='line_1_28' title="bbox 439 4005 1452 4091; baseline 0 -22"><span class='ocrx_word' id='word_1_199' title='bbox 439 4005 505 4069; x_wconf 89' lang='lat' dir='ltr'>Deo</span> <span class='ocrx_word' id='word_1_200' title='bbox 528 4026 649 4070; x_wconf 89' lang='lat' dir='ltr'>sacrum</span> <span class='ocrx_word' id='word_1_201' title='bbox 672 4005 786 4074; x_wconf 80' lang='lat' dir='ltr'>ferrent</span> <span class='ocrx_word' id='word_1_202' title='bbox 810 4006 966 4073; x_wconf 91' lang='lat' dir='ltr'>homines:</span> <span class='ocrx_word' id='word_1_203' title='bbox 992 4007 1044 4069; x_wconf 90' lang='lat' dir='ltr'>sed</span> <span class='ocrx_word' id='word_1_204' title='bbox 1069 4017 1223 4091; x_wconf 87' lang='lat' dir='ltr'>praestare</span> <span class='ocrx_word' id='word_1_205' title='bbox 1248 4006 1369 4071; x_wconf 88' lang='lat' dir='ltr'>videtur</span> <span class='ocrx_word' id='word_1_206' title='bbox 1384 4006 1452 4070; x_wconf 89' lang='lat' dir='ltr'>Dis·</span> 
     </span>
     <span class='ocr_line' id='line_1_29' title="bbox 438 4123 1451 4209; baseline 0 -22"><span class='ocrx_word' id='word_1_207' title='bbox 438 4123 514 4189; x_wconf 89' lang='lat' dir='ltr'>seuii</span> <span class='ocrx_word' id='word_1_208' title='bbox 546 4123 726 4208; x_wconf 83' lang='lat' dir='ltr'>explicatio,</span> <span class='ocrx_word' id='word_1_209' title='bbox 758 4123 884 4188; x_wconf 84' lang='lat' dir='ltr'>odorem</span> <span class='ocrx_word' id='word_1_210' title='bbox 906 4146 1031 4189; x_wconf 89' lang='lat' dir='ltr'>suavem</span> <span class='ocrx_word' id='word_1_211' title='bbox 1056 4147 1092 4187; x_wconf 87' lang='lat' dir='ltr'>ex</span> <span class='ocrx_word' id='word_1_212' title='bbox 1116 4124 1209 4209; x_wconf 83' lang='lat' dir='ltr'>adyto</span> <span class='ocrx_word' id='word_1_213' title='bbox 1233 4132 1391 4209; x_wconf 89' lang='lat' dir='ltr'>tamquam</span> <span class='ocrx_word' id='word_1_214' title='bbox 1415 4145 1451 4187; x_wconf 81' lang='lat' dir='ltr'>ex</span> 
     </span>
     <span class='ocr_line' id='line_1_30' title="bbox 438 4241 1452 4325; baseline 0 -20"><span class='ocrx_word' id='word_1_215' title='bbox 438 4241 522 4306; x_wconf 83' lang='lat' dir='ltr'>fonte</span> <span class='ocrx_word' id='word_1_216' title='bbox 546 4243 677 4325; x_wconf 85' lang='lat' dir='ltr'>spirare:</span> <span class='ocrx_word' id='word_1_217' title='bbox 702 4242 872 4307; x_wconf 87' lang='lat' dir='ltr'>secundum</span> <span class='ocrx_word' id='word_1_218' title='bbox 895 4242 1116 4318; x_wconf 84' lang='lat' dir='ltr'>Plutarchum,</span> <span class='ocrx_word' id='word_1_219' title='bbox 1142 4242 1197 4325; x_wconf 91' lang='lat' dir='ltr'>qni</span> <span class='ocrx_word' id='word_1_220' title='bbox 1220 4263 1255 4306; x_wconf 94' lang='lat' dir='ltr'>eo</span> <span class='ocrx_word' id='word_1_221' title='bbox 1280 4241 1374 4305; x_wconf 83' lang='lat' dir='ltr'>afflari</span> <span class='ocrx_word' id='word_1_222' title='bbox 1395 4241 1452 4325; x_wconf 76' lang='lat' dir='ltr'>Py·</span> 
     </span>
     <span class='ocr_line' id='line_1_31' title="bbox 438 4357 1450 4442; baseline 0.002 -19"><span class='ocrx_word' id='word_1_223' title='bbox 438 4360 535 4424; x_wconf 86' lang='lat' dir='ltr'>thiam</span> <span class='ocrx_word' id='word_1_224' title='bbox 565 4368 729 4438; x_wconf 85' lang='lat' dir='ltr'>memorat,</span> <span class='ocrx_word' id='word_1_225' title='bbox 763 4362 810 4425; x_wconf 93' lang='lat' dir='ltr'>De</span> <span class='ocrx_word' id='word_1_226' title='bbox 834 4361 893 4425; x_wconf 84' lang='lat' dir='ltr'>del.</span> <span class='ocrx_word' id='word_1_227' title='bbox 918 4360 1009 4425; x_wconf 85' lang='lat' dir='ltr'>Orac.</span> <span class='ocrx_word' id='word_1_228' title='bbox 1035 4363 1091 4424; x_wconf 85' lang='lat'>50:</span> <span class='ocrx_word' id='word_1_229' title='bbox 1116 4362 1130 4426; x_wconf 79' lang='lat' dir='ltr'>t</span> <span class='ocrx_word' id='word_1_230' title='bbox 1154 4361 1214 4442; x_wconf 74' lang='grc' dir='ltr'>γὰρ</span> <span class='ocrx_word' id='word_1_231' title='bbox 1236 4357 1309 4434; x_wconf 75' lang='grc' dir='ltr'><strong><em>οἶκος</em></strong></span> <span class='ocrx_word' id='word_1_232' title='bbox 1331 4360 1450 4432; x_wconf 77' lang='grc' dir='ltr'>εὐωδίαις</span> 
     </span>
     <span class='ocr_line' id='line_1_32' title="bbox 438 4476 1452 4564; baseline 0.005 -22"><span class='ocrx_word' id='word_1_233' title='bbox 438 4476 675 4555; x_wconf 66' lang='grc' dir='ltr'>ἀναπίμπλανται</span> <span class='ocrx_word' id='word_1_234' title='bbox 697 4478 748 4543; x_wconf 74' lang='grc' dir='ltr'>καὶ</span> <span class='ocrx_word' id='word_1_235' title='bbox 772 4479 957 4564; x_wconf 75' lang='grc' dir='ltr'>πνεύματος,</span> <span class='ocrx_word' id='word_1_236' title='bbox 982 4477 1043 4551; x_wconf 73' lang='grc' dir='ltr'><em>οἵας</em></span> <span class='ocrx_word' id='word_1_237' title='bbox 1067 4478 1104 4545; x_wconf 74' lang='grc' dir='ltr'>αν</span> <span class='ocrx_word' id='word_1_238' title='bbox 1129 4476 1286 4554; x_wconf 53' lang='lat' dir='ltr'>ahiham</span> <span class='ocrx_word' id='word_1_239' title='bbox 1300 4478 1350 4544; x_wconf 79' lang='lat' dir='ltr'>acl</span> <span class='ocrx_word' id='word_1_240' title='bbox 1366 4493 1452 4547; x_wconf 78' lang='grc' dir='ltr'><em>παλα-</em></span> 
     </span>
    </p>
   </div>
   <div class='ocr_carea' id='block_1_7' title="bbox 0 0 1897 5534">
    <p class='ocr_par' dir='ltr' id='par_1_10' title="bbox 0 0 1897 5534">
     <span class='ocr_line' id='line_1_33' title="bbox 0 0 1897 5534; baseline 0 0"><span class='ocrx_word' id='word_1_241' title='bbox 0 0 1897 5534; x_wconf 95' lang='lat' dir='ltr'> </span> 
     </span>
    </p>
   </div>
  </div>
 </body>
</html>
