3767 5534
868 693 909 754 31

375 910 548 988 ponuntur.
602 900 771 977 Hercules,
806 905 841 961 ut
870 898 933 982 jam
968 894 1118 970 vidimus,
1151 893 1184 957 in
1213 890 1298 956 coelo
1327 912 1399 955 oum

375 1022 433 1086 Dis
457 1022 521 1105 agit
544 1043 669 1097 aevum,
697 1019 847 1103 fortisque
871 1015 982 1099 Pelops
1002 1011 1203 1078 libationibus
1222 1010 1334 1075 fruitur
1359 1006 1398 1073 ad

374 1141 550 1225 Alpheum,
575 1140 819 1225 sepulcrumque
842 1136 935 1200 habet
955 1135 1046 1220 juxta
1068 1130 1294 1197 celeberrimam
1312 1128 1398 1192 Jovis

373 1283 469 1324 aram.
487 1262 511 1343 Ι)
560 1258 625 1324 Nec
657 1258 750 1322 desiit
773 1254 1021 1341 Tyndaridarum
1044 1252 1213 1338 gloriosum
1235 1248 1398 1333 imperinm

373 1380 596 1456 certaminum,
629 1379 751 1464 ipsique
782 1376 951 1441 adorantur
980 1397 998 1437 a
1027 1372 1085 1457 piis
1108 1369 1289 1436 mortalibus
1313 1367 1398 1432 lestis

373 1499 497 1583 opimis
511 1499 537 1581 2)
573 1498 674 1560 Aeaco
698 1519 716 1558 a
738 1494 807 1559 Diis
836 1494 909 1579 ipsis
938 1490 1122 1579 permissum
1150 1511 1252 1553 rerum
1280 1486 1398 1554 arbitri-

373 1640 449 1695 um,
470 1618 496 1701 3)
530 1615 763 1681 Radamauthus
794 1614 854 1698 ipsi
886 1612 988 1677 Crono
1019 1610 1134 1675 assidet
1163 1609 1197 1672 in
1224 1608 1353 1694 judicio.
1373 1610 1400 1691 4)

373 1736 489 1800 Peleus
513 1744 544 1799 et
567 1733 703 1799 Cadmus
730 1745 762 1797 et
787 1732 923 1797 Achilles
947 1730 980 1795 iu
1000 1730 1160 1795 beatorum
1179 1727 1289 1792 insulis
1309 1734 1398 1805 sunt,

373 1878 454 1939 quas
486 1854 602 1918 circum
634 1853 739 1916 oceani
770 1873 861 1915 aurae
892 1850 1028 1936 spirant,
1051 1848 1156 1932 ibique
1179 1847 1268 1911 flores
1292 1845 1400 1911 ardent

373 1974 478 2049 aurei,
501 1972 615 2037 terreni
638 1971 691 2035 alii
716 1994 732 2035 e
755 1969 925 2055 splendidis
948 1968 1124 2045 arboribus,
1141 1966 1194 2030 alii
1210 1988 1287 2050 quos
1303 1966 1400 2049 pascit

372 2114 473 2176 aqua:
499 2113 633 2176 quorum
657 2091 745 2155 sertis
771 2100 802 2153 et
825 2090 945 2154 coronis
969 2075 1279 2153 manusredimiunt.
1293 2088 1318 2170 ὁ)

421 2209 489 2275 Nec
512 2233 584 2274 vero
601 2209 668 2274 laus
685 2218 812 2274 tantum
829 2219 859 2274 ct
875 2210 927 2293 pia
941 2208 1104 2285 memoria,
1124 2206 1176 2270 sed
1194 2206 1291 2270 honos
1308 2206 1399 2269 etiam

373 2337 409 2393 et
432 2328 538 2392 cultus
561 2329 629 2392 luit.
665 2328 704 2392 Id
728 2328 811 2413 qnod
836 2330 869 2392 iu
893 2327 1076 2413 Tyndaridis
1096 2327 1212 2391 lactum
1229 2347 1293 2389 esse
1309 2324 1400 2389 modo

373 2449 569 2512 monuimus.
616 2447 813 2533 Tlepolemus
846 2470 915 2511 vero
945 2447 1008 2511 dux
1031 2446 1263 2532 Tirynthiorum
1287 2446 1401 2530 impru-

375 2568 489 2632 denter
512 2567 680 2651 aliquando
704 2567 827 2633 caedem
852 2568 1005 2632 commisit
1029 2568 1144 2631 iratus:
1169 2566 1223 2629 sed
1244 2587 1341 2649 quum
1358 2586 1401 2627 es-

377 2696 427 2751 set
451 2694 555 2751 tamen
579 2688 649 2772 pius
674 2687 719 2750 vir
745 2697 775 2751 et
799 2688 938 2773 sapiens,
964 2686 1022 2751 hoo
1045 2688 1110 2773 ejus
1131 2686 1247 2750 malum
1257 2672 1315 2749 'Dii
1332 2707 1402 2749 oon·

375 2813 540 2870 verterunt
567 2806 599 2869 in
624 2806 759 2884 bonum,
786 2806 965 2891 exstititque
988 2804 1090 2870 Rhodi
1114 2805 1271 2882 conditor,
1296 2804 1401 2889 ibique

377 2925 508 2989 miserae
531 2925 716 2989 calamitatis
741 2926 950 3011 compensatio
974 2925 1074 2989 dulcis
1098 2925 1124 2989 ei
1143 2924 1275 3002 mansit,
1292 2932 1328 2987 nt
1344 2924 1401 2988 Dei

374 3043 476 3106 instar
508 3051 587 3107 esset
610 3053 641 3108 et
665 3044 774 3108 hostiis
798 3044 1084 3129 certaminibusque
1108 3044 1269 3109 coleretur.
1283 3047 1307 3128 ὓ)
1332 3044 1402 3108 Alc·

376 3184 488 3226 maeon
511 3185 582 3226 vcro
606 3164 703 3248 ipsius
727 3163 855 3228 Pindari
879 3164 1007 3229 aedibus
1033 3166 1167 3229 vicinum
1185 3164 1334 3249 templum
1350 3165 1403 3228 ha·

379 3281 466 3346 buit:
502 3282 619 3347 scilicet
654 3284 712 3347 hoc
743 3284 930 3369 intelligitur
963 3308 1000 3349 ex
1031 3286 1082 3371 pia
1109 3292 1215 3371 po'e'tae
1242 3286 1396 3349 oratione:

381 3400 623 3478 „Alcmaeonem
646 3402 711 3489 ipse
727 3402 837 3467 lubens
854 3426 967 3489 spargo
984 3405 1102 3468 coronis
1119 3413 1149 3468 et
1164 3404 1231 3488 rigo
1247 3405 1401 3482 carmine,

382 3516 457 3603 quia
487 3521 606 3584 vicinus
638 3521 713 3585 mihi
738 3529 784 3585 est
807 3530 838 3586 et
861 3545 956 3607 opum
980 3530 1084 3587 custos
1107 3522 1276 3587 mearum.''
1289 3523 1314 3607 7)
1361 3522 1401 3586 ¹llt

382 3638 517 3722 Soganes
540 3640 691 3723 Aegineta
714 3640 829 3704 modias
846 3642 925 3706 inter
942 3641 1005 3705 duo
1022 3641 1164 3706 Herculis
1181 3642 1296 3727 templa
1312 3642 1401 3707 aedes

382 3755 525 3821 babebat.
562 3755 647 3838 Quid
672 3767 774 3822 antem
798 3760 896 3824 amico
921 3760 1021 3823 vicino
1041 3760 1234 3846 jucundius?
1269 3761 1329 3825 Illo
1346 3762 1401 3846 igi-

381 3884 434 3939 tur
464 3876 584 3954 vicino,
616 3878 670 3961 qui
701 3877 850 3963 Gigantes
882 3878 1061 3957 domuerat,
1091 3880 1164 3944 felix
1186 3879 1311 3945 futurus
1335 3891 1400 3945 erat

381 3994 527 4079 Sogenes.
564 3997 688 4061 Accinit
712 3998 798 4062 heroi
820 4005 928 4083 poeta:
953 3996 1004 4077 „0
1021 3999 1127 4077 beate,
1144 4008 1175 4064 te
1191 3999 1278 4064 decet
1292 4000 1399 4064 Jovem

382 4122 415 4177 et
436 4113 608 4179 Minervam
632 4138 808 4201 permovere
832 4124 868 4181 ut
891 4117 973 4182 bona
995 4117 1109 4203 Sogeni
1132 4119 1282 4184 tribuant.
1307 4118 1398 4183 Potes

384 4253 557 4265 *ι-

419 4314 441 4376 1)
461 4315 497 4365 Ol.
515 4317 538 4365 I.
558 4315 613 4365 146.
720 4318 745 4379 2)
765 4319 802 4367 Ol.
820 4318 875 4367 III.
894 4318 935 4370 71.
1037 4319 1062 4380 3)
1081 4320 1142 4370 [rel.
1165 4322 1239 4370 VIII.
1257 4321 1297 4371 49.

418 4413 443 4471 4)
469 4411 506 4460 01.
524 4410 563 4459 H.
583 4409 639 4462 137.
723 4414 748 4473 5)
771 4413 808 4463 Ol.
826 4414 865 4462 II.
884 4413 932 4463 142
949 4428 1010 4478 seqq.
1046 4415 1080 4463 De
1098 4414 1192 4464 Achille
1209 4416 1265 4466 rina
1282 4419 1400 4467 annotati-

385 4521 457 4554 onem
473 4507 503 4555 ad
520 4522 556 4555 va.
577 4505 632 4557 143.
717 4509 742 4570 6)
762 4509 799 4559 ΟΙ.
820 4507 878 4559 VII.
896 4509 941 4567 49,
962 4510 1017 4560 141.
1118 4512 1143 4573 l)
1162 4512 1202 4577 Py.
1224 4514 1299 4564 VIII.
1316 4513 1358 4567 la.
