<?xml version="1.0" encoding="UTF-8"?>
<!DOCTYPE html PUBLIC "-//W3C//DTD XHTML 1.0 Transitional//EN"
    "http://www.w3.org/TR/xhtml1/DTD/xhtml1-transitional.dtd">
<html xmlns="http://www.w3.org/1999/xhtml" xml:lang="en" lang="en">
 <head>
  <title>
</title>
<meta http-equiv="Content-Type" content="text/html;charset=utf-8" />
  <meta name='ocr-system' content='tesseract 3.04.00' />
  <meta name='ocr-capabilities' content='ocr_page ocr_carea ocr_par ocr_line ocrx_word'/>
</head>
<body>
  <div class='ocr_page' id='page_1' title='image "./pindaricarminao00pindgoog_0567.png"; bbox 0 0 3767 5534; ppageno 0'>
   <div class='ocr_carea' id='block_1_1' title="bbox 907 736 974 815">
    <p class='ocr_par' dir='ltr' id='par_1_1' title="bbox 907 736 974 815">
     <span class='ocr_line' id='line_1_1' title="bbox 907 736 974 815; baseline 0.015 -20"><span class='ocrx_word' id='word_1_1' title='bbox 907 736 974 815; x_wconf 74' lang='lat' dir='ltr'><strong>aas</strong></span> 
     </span>
    </p>
   </div>
   <div class='ocr_carea' id='block_1_2' title="bbox 431 931 1453 2211">
    <p class='ocr_par' dir='ltr' id='par_1_2' title="bbox 431 931 1453 2211">
     <span class='ocr_line' id='line_1_2' title="bbox 434 931 1452 1017; baseline -0.001 -20"><span class='ocrx_word' id='word_1_2' title='bbox 434 934 451 997; x_wconf 93' lang='lat' dir='ltr'>I</span> <span class='ocrx_word' id='word_1_3' title='bbox 468 936 550 1012; x_wconf 71' lang='lat'><strong>642,</strong></span> <span class='ocrx_word' id='word_1_4' title='bbox 570 934 623 997; x_wconf 91' lang='lat' dir='ltr'><strong>ubi</strong></span> <span class='ocrx_word' id='word_1_5' title='bbox 639 931 785 1017; x_wconf 85' lang='lat' dir='ltr'><strong>Megillus</strong></span> <span class='ocrx_word' id='word_1_6' title='bbox 802 931 1077 1010; x_wconf 88' lang='lat' dir='ltr'><strong>Lacedaemonius,</strong></span> <span class='ocrx_word' id='word_1_7' title='bbox 1096 935 1195 997; x_wconf 85' lang='lat' dir='ltr'><strong>avitus</strong></span> <span class='ocrx_word' id='word_1_8' title='bbox 1212 934 1452 998; x_wconf 82' lang='lat' dir='ltr'><strong>Atheniensium</strong></span> 
     </span>
     <span class='ocr_line' id='line_1_3' title="bbox 434 1052 1453 1138; baseline 0.001 -22"><span class='ocrx_word' id='word_1_9' title='bbox 434 1075 605 1138; x_wconf 75' lang='lat' dir='ltr'><strong>picaenus,</strong></span> <span class='ocrx_word' id='word_1_10' title='bbox 631 1054 694 1137; x_wconf 88' lang='lat' dir='ltr'><strong>jam</strong></span> <span class='ocrx_word' id='word_1_11' title='bbox 718 1073 813 1136; x_wconf 86' lang='lat' dir='ltr'><strong>puero</strong></span> <span class='ocrx_word' id='word_1_12' title='bbox 837 1052 894 1115; x_wconf 86' lang='lat' dir='ltr'>sibi</span> <span class='ocrx_word' id='word_1_13' title='bbox 919 1053 1057 1116; x_wconf 79' lang='lat' dir='ltr'><strong>Athenas</strong></span> <span class='ocrx_word' id='word_1_14' title='bbox 1077 1054 1166 1136; x_wconf 86' lang='lat' dir='ltr'><strong>juxta</strong></span> <span class='ocrx_word' id='word_1_15' title='bbox 1189 1052 1453 1117; x_wconf 81' lang='lat' dir='ltr'><strong>Lacedaemonem</strong></span> 
     </span>
     <span class='ocr_line' id='line_1_4' title="bbox 434 1172 1452 1258; baseline 0 -22"><span class='ocrx_word' id='word_1_16' title='bbox 434 1173 604 1237; x_wconf 83' lang='lat' dir='ltr'><strong>carissimas</strong></span> <span class='ocrx_word' id='word_1_17' title='bbox 640 1172 733 1252; x_wconf 78' lang='lat' dir='ltr'><strong>fuisse</strong></span> <span class='ocrx_word' id='word_1_18' title='bbox 764 1173 941 1258; x_wconf 84' lang='lat' dir='ltr'><strong>profitetur,</strong></span> <span class='ocrx_word' id='word_1_19' title='bbox 976 1173 1096 1256; x_wconf 88' lang='lat' dir='ltr'><strong>sibique</strong></span> <span class='ocrx_word' id='word_1_20' title='bbox 1127 1196 1209 1237; x_wconf 93' lang='lat' dir='ltr'><strong>nunc</strong></span> <span class='ocrx_word' id='word_1_21' title='bbox 1241 1173 1452 1237; x_wconf 82' lang='lat' dir='ltr'><strong>dulcissimam</strong></span> 
     </span>
     <span class='ocr_line' id='line_1_5' title="bbox 434 1292 1451 1377; baseline 0 -22"><span class='ocrx_word' id='word_1_22' title='bbox 434 1292 568 1355; x_wconf 88' lang='lat' dir='ltr'><strong>accidere</strong></span> <span class='ocrx_word' id='word_1_23' title='bbox 603 1292 735 1355; x_wconf 90' lang='lat' dir='ltr'><strong>hominis</strong></span> <span class='ocrx_word' id='word_1_24' title='bbox 771 1292 969 1356; x_wconf 82' lang='lat' dir='ltr'><strong>Atheniensis</strong></span> <span class='ocrx_word' id='word_1_25' title='bbox 1002 1293 1257 1357; x_wconf 86' lang='lat' dir='ltr'><strong>consuetudinem</strong></span> <span class='ocrx_word' id='word_1_26' title='bbox 1289 1294 1451 1377; x_wconf 86' lang='lat' dir='ltr'><strong>ipsamque</strong></span> 
     </span>
     <span class='ocr_line' id='line_1_6' title="bbox 433 1409 1450 1495; baseline 0 -22"><span class='ocrx_word' id='word_1_27' title='bbox 433 1432 547 1474; x_wconf 90' lang='lat' dir='ltr'><strong>vocem.</strong></span> <span class='ocrx_word' id='word_1_28' title='bbox 594 1409 871 1493; x_wconf 85' lang='lat' dir='ltr'><strong>Lampromaehum</strong></span> <span class='ocrx_word' id='word_1_29' title='bbox 902 1420 1004 1475; x_wconf 85' lang='lat' dir='ltr'><strong>autem</strong></span> <span class='ocrx_word' id='word_1_30' title='bbox 1028 1434 1064 1475; x_wconf 85' lang='lat' dir='ltr'><strong>ex</strong></span> <span class='ocrx_word' id='word_1_31' title='bbox 1087 1411 1221 1475; x_wconf 71' lang='lat' dir='ltr'><strong>Pindaro</strong></span> <span class='ocrx_word' id='word_1_32' title='bbox 1245 1411 1450 1495; x_wconf 82' lang='lat' dir='ltr'><strong>intelligimus</strong></span> 
     </span>
     <span class='ocr_line' id='line_1_7' title="bbox 433 1528 1448 1615; baseline 0.001 -22"><span class='ocrx_word' id='word_1_33' title='bbox 433 1530 528 1593; x_wconf 83' lang='lat' dir='ltr'><strong>fuisse</strong></span> <span class='ocrx_word' id='word_1_34' title='bbox 551 1528 725 1593; x_wconf 80' lang='lat' dir='ltr'><strong>Thebarum</strong></span> <span class='ocrx_word' id='word_1_35' title='bbox 750 1530 832 1614; x_wconf 92' lang='lat' dir='ltr'><strong>apud</strong></span> <span class='ocrx_word' id='word_1_36' title='bbox 856 1529 1011 1615; x_wconf 85' lang='lat' dir='ltr'><strong>Opuntius</strong></span> <span class='ocrx_word' id='word_1_37' title='bbox 1037 1552 1224 1615; x_wconf 78' lang='lat' dir='ltr'><strong>picaenum:</strong></span> <span class='ocrx_word' id='word_1_38' title='bbox 1249 1531 1329 1594; x_wconf 86' lang='lat' dir='ltr'><strong>hano</strong></span> <span class='ocrx_word' id='word_1_39' title='bbox 1346 1538 1448 1594; x_wconf 87' lang='lat' dir='ltr'><strong>autem</strong></span> 
     </span>
     <span class='ocr_line' id='line_1_8' title="bbox 434 1649 1449 1716; baseline 0.003 -4"><span class='ocrx_word' id='word_1_40' title='bbox 434 1649 564 1712; x_wconf 90' lang='lat' dir='ltr'><strong>civitatis</strong></span> <span class='ocrx_word' id='word_1_41' title='bbox 596 1671 669 1713; x_wconf 87' lang='lat' dir='ltr'><strong>suae</strong></span> <span class='ocrx_word' id='word_1_42' title='bbox 701 1672 771 1712; x_wconf 90' lang='lat' dir='ltr'><strong>cum</strong></span> <span class='ocrx_word' id='word_1_43' title='bbox 802 1649 857 1713; x_wconf 93' lang='lat' dir='ltr'><strong>illo</strong></span> <span class='ocrx_word' id='word_1_44' title='bbox 889 1650 1146 1714; x_wconf 84' lang='lat' dir='ltr'><strong>necessitudinem</strong></span> <span class='ocrx_word' id='word_1_45' title='bbox 1171 1649 1266 1714; x_wconf 91' lang='lat' dir='ltr'><strong>Poeta</strong></span> <span class='ocrx_word' id='word_1_46' title='bbox 1288 1651 1364 1715; x_wconf 88' lang='lat' dir='ltr'><strong>dicit</strong></span> <span class='ocrx_word' id='word_1_47' title='bbox 1388 1652 1449 1716; x_wconf 92' lang='lat' dir='ltr'><strong>sibi</strong></span> 
     </span>
     <span class='ocr_line' id='line_1_9' title="bbox 433 1767 1447 1854; baseline 0.003 -23"><span class='ocrx_word' id='word_1_48' title='bbox 433 1790 554 1831; x_wconf 86' lang='lat' dir='ltr'><strong>causam</strong></span> <span class='ocrx_word' id='word_1_49' title='bbox 586 1767 678 1831; x_wconf 87' lang='lat' dir='ltr'><strong>fuisse</strong></span> <span class='ocrx_word' id='word_1_50' title='bbox 702 1768 794 1853; x_wconf 89' lang='lat' dir='ltr'><strong>hujus</strong></span> <span class='ocrx_word' id='word_1_51' title='bbox 818 1768 953 1832; x_wconf 93' lang='lat' dir='ltr'><strong>donandi</strong></span> <span class='ocrx_word' id='word_1_52' title='bbox 977 1769 1137 1846; x_wconf 86' lang='lat' dir='ltr'><strong>carminis,</strong></span> <span class='ocrx_word' id='word_1_53' title='bbox 1161 1776 1229 1832; x_wconf 87' lang='lat' dir='ltr'><strong>tum</strong></span> <span class='ocrx_word' id='word_1_54' title='bbox 1253 1791 1324 1833; x_wconf 81' lang='lat' dir='ltr'><strong>vero</strong></span> <span class='ocrx_word' id='word_1_55' title='bbox 1348 1772 1447 1854; x_wconf 85' lang='lat' dir='ltr'><strong>ipsam</strong></span> 
     </span>
     <span class='ocr_line' id='line_1_10' title="bbox 433 1887 1447 1972; baseline 0.004 -23"><span class='ocrx_word' id='word_1_56' title='bbox 433 1908 555 1970; x_wconf 90' lang='lat' dir='ltr'><strong>quoque</strong></span> <span class='ocrx_word' id='word_1_57' title='bbox 587 1887 651 1971; x_wconf 89' lang='lat' dir='ltr'><strong>ejus</strong></span> <span class='ocrx_word' id='word_1_58' title='bbox 681 1887 737 1950; x_wconf 80' lang='lat' dir='ltr'><strong>viri</strong></span> <span class='ocrx_word' id='word_1_59' title='bbox 768 1888 930 1965; x_wconf 87' lang='lat' dir='ltr'><strong>virtutem,</strong></span> <span class='ocrx_word' id='word_1_60' title='bbox 956 1887 1094 1951; x_wconf 89' lang='lat' dir='ltr'><strong>Isthmiis</strong></span> <span class='ocrx_word' id='word_1_61' title='bbox 1120 1887 1278 1972; x_wconf 87' lang='lat' dir='ltr'><strong>probatam</strong></span> <span class='ocrx_word' id='word_1_62' title='bbox 1301 1888 1447 1953; x_wconf 84' lang='lat' dir='ltr'><strong>victoriis.</strong></span> 
     </span>
     <span class='ocr_line' id='line_1_11' title="bbox 432 2004 1447 2092; baseline 0.007 -27"><span class='ocrx_word' id='word_1_63' title='bbox 432 2004 547 2069; x_wconf 85' lang='lat' dir='ltr'><strong>Verum</strong></span> <span class='ocrx_word' id='word_1_64' title='bbox 572 2027 667 2089; x_wconf 85' lang='lat' dir='ltr'><strong>quum</strong></span> <span class='ocrx_word' id='word_1_65' title='bbox 691 2005 749 2069; x_wconf 92' lang='lat' dir='ltr'><strong>hoc</strong></span> <span class='ocrx_word' id='word_1_66' title='bbox 773 2029 894 2071; x_wconf 81' lang='lat' dir='ltr'><strong>carmen</strong></span> <span class='ocrx_word' id='word_1_67' title='bbox 917 2006 1125 2091; x_wconf 83' lang='lat' dir='ltr'><strong>Epharmosto</strong></span> <span class='ocrx_word' id='word_1_68' title='bbox 1149 2007 1263 2071; x_wconf 85' lang='lat' dir='ltr'><strong>factum</strong></span> <span class='ocrx_word' id='word_1_69' title='bbox 1282 2008 1336 2084; x_wconf 90' lang='lat' dir='ltr'><strong>sit,</strong></span> <span class='ocrx_word' id='word_1_70' title='bbox 1354 2007 1447 2092; x_wconf 90' lang='lat' dir='ltr'><strong>idque</strong></span> 
     </span>
     <span class='ocr_line' id='line_1_12' title="bbox 431 2122 1446 2211; baseline 0.004 -26"><span class='ocrx_word' id='word_1_71' title='bbox 431 2130 533 2187; x_wconf 88' lang='lat' dir='ltr'><strong>tamen</strong></span> <span class='ocrx_word' id='word_1_72' title='bbox 569 2123 663 2187; x_wconf 86' lang='lat' dir='ltr'><strong>Poeta</strong></span> <span class='ocrx_word' id='word_1_73' title='bbox 693 2122 929 2210; x_wconf 85' lang='lat' dir='ltr'><strong>Lampromachi</strong></span> <span class='ocrx_word' id='word_1_74' title='bbox 962 2147 1052 2188; x_wconf 88' lang='lat' dir='ltr'><strong>causa</strong></span> <span class='ocrx_word' id='word_1_75' title='bbox 1083 2126 1189 2189; x_wconf 86' lang='lat' dir='ltr'><strong>feeerit</strong></span> <span class='ocrx_word' id='word_1_76' title='bbox 1220 2132 1250 2189; x_wconf 92' lang='lat' dir='ltr'><strong>et</strong></span> <span class='ocrx_word' id='word_1_77' title='bbox 1283 2124 1321 2188; x_wconf 88' lang='lat' dir='ltr'><strong>ad</strong></span> <span class='ocrx_word' id='word_1_78' title='bbox 1353 2125 1446 2211; x_wconf 90' lang='lat' dir='ltr'><strong>hujus</strong></span> 
     </span>
    </p>
   </div>
   <div class='ocr_carea' id='block_1_3' title="bbox 295 2239 1446 2328">
    <p class='ocr_par' dir='ltr' id='par_1_3' title="bbox 295 2239 1446 2328">
     <span class='ocr_line' id='line_1_13' title="bbox 295 2239 1446 2328; baseline 0.002 -25"><span class='ocrx_word' id='word_1_79' title='bbox 295 2281 299 2289; x_wconf 90' lang='lat'>-</span> <span class='ocrx_word' id='word_1_80' title='bbox 385 2297 390 2306; x_wconf 65' lang='lat'><em>„</em></span> <span class='ocrx_word' id='word_1_81' title='bbox 433 2261 555 2325; x_wconf 90' lang='lat' dir='ltr'><strong>quoque</strong></span> <span class='ocrx_word' id='word_1_82' title='bbox 578 2239 702 2304; x_wconf 89' lang='lat' dir='ltr'><strong>laudem</strong></span> <span class='ocrx_word' id='word_1_83' title='bbox 725 2242 876 2325; x_wconf 75' lang='lat' dir='ltr'><strong>pertinere</strong></span> <span class='ocrx_word' id='word_1_84' title='bbox 900 2242 1048 2317; x_wconf 87' lang='lat' dir='ltr'><strong>voluerit,</strong></span> <span class='ocrx_word' id='word_1_85' title='bbox 1073 2242 1156 2304; x_wconf 91' lang='lat' dir='ltr'><strong>huno</strong></span> <span class='ocrx_word' id='word_1_86' title='bbox 1179 2241 1377 2325; x_wconf 83' lang='lat' dir='ltr'><strong>Epharmosti</strong></span> <span class='ocrx_word' id='word_1_87' title='bbox 1396 2265 1446 2328; x_wconf 81' lang='lat' dir='ltr'><strong>ap</strong></span> 
     </span>
    </p>
   </div>
   <div class='ocr_carea' id='block_1_4' title="bbox 429 2358 1447 4337">
    <p class='ocr_par' dir='ltr' id='par_1_4' title="bbox 432 2358 1447 2683">
     <span class='ocr_line' id='line_1_14' title="bbox 432 2358 1446 2444; baseline 0.003 -23"><span class='ocrx_word' id='word_1_88' title='bbox 432 2365 518 2443; x_wconf 84' lang='lat' dir='ltr'><strong>paret</strong></span> <span class='ocrx_word' id='word_1_89' title='bbox 541 2358 589 2422; x_wconf 85' lang='lat' dir='ltr'><strong>vel</strong></span> <span class='ocrx_word' id='word_1_90' title='bbox 612 2358 882 2423; x_wconf 83' lang='lat' dir='ltr'><strong>familiarissimum</strong></span> <span class='ocrx_word' id='word_1_91' title='bbox 902 2360 996 2423; x_wconf 88' lang='lat' dir='ltr'><strong>fuisse</strong></span> <span class='ocrx_word' id='word_1_92' title='bbox 1013 2359 1060 2423; x_wconf 91' lang='lat' dir='ltr'><strong>vel</strong></span> <span class='ocrx_word' id='word_1_93' title='bbox 1077 2360 1350 2444; x_wconf 86' lang='lat' dir='ltr'><strong>consanguineum.</strong></span> <span class='ocrx_word' id='word_1_94' title='bbox 1386 2361 1446 2424; x_wconf 86' lang='lat' dir='ltr'><strong>Da·</strong></span> 
     </span>
     <span class='ocr_line' id='line_1_15' title="bbox 432 2476 1447 2563; baseline -0.001 -19"><span class='ocrx_word' id='word_1_95' title='bbox 432 2481 488 2544; x_wconf 84' lang='lat' dir='ltr'><strong>tivi</strong></span> <span class='ocrx_word' id='word_1_96' title='bbox 510 2478 642 2562; x_wconf 70' lang='grc' dir='ltr'><strong>προξενίᾳ</strong></span> <span class='ocrx_word' id='word_1_97' title='bbox 662 2487 692 2543; x_wconf 88' lang='lat' dir='ltr'><strong>et</strong></span> <span class='ocrx_word' id='word_1_98' title='bbox 714 2481 805 2563; x_wconf 66' lang='grc' dir='ltr'><em>ἀρετᾷ</em></span> <span class='ocrx_word' id='word_1_99' title='bbox 829 2501 952 2544; x_wconf 90' lang='lat' dir='ltr'><strong>causam</strong></span> <span class='ocrx_word' id='word_1_100' title='bbox 976 2479 1059 2543; x_wconf 88' lang='lat' dir='ltr'><strong>verbi</strong></span> <span class='ocrx_word' id='word_1_101' title='bbox 1082 2476 1164 2557; x_wconf 74' lang='grc' dir='ltr'><em>ἦλθον</em></span> <span class='ocrx_word' id='word_1_102' title='bbox 1188 2479 1374 2544; x_wconf 89' lang='lat' dir='ltr'><strong>ostendunt:</strong></span> <span class='ocrx_word' id='word_1_103' title='bbox 1397 2480 1447 2543; x_wconf 81' lang='lat' dir='ltr'><strong>da</strong></span> 
     </span>
     <span class='ocr_line' id='line_1_16' title="bbox 432 2596 1252 2683; baseline -0.001 -20"><span class='ocrx_word' id='word_1_104' title='bbox 432 2599 515 2663; x_wconf 85' lang='lat' dir='ltr'><strong>tivus</strong></span> <span class='ocrx_word' id='word_1_105' title='bbox 538 2599 654 2678; x_wconf 73' lang='grc' dir='ltr'><strong>μίτραις</strong></span> <span class='ocrx_word' id='word_1_106' title='bbox 678 2598 842 2683; x_wconf 87' lang='lat' dir='ltr'><strong>adjunctus</strong></span> <span class='ocrx_word' id='word_1_107' title='bbox 867 2606 913 2661; x_wconf 88' lang='lat' dir='ltr'><strong>est</strong></span> <span class='ocrx_word' id='word_1_108' title='bbox 936 2596 1085 2661; x_wconf 89' lang='lat' dir='ltr'><strong>vocabulo</strong></span> <span class='ocrx_word' id='word_1_109' title='bbox 1109 2597 1252 2676; x_wconf 68' lang='grc' dir='ltr'><strong><em>τιμάορος.</em></strong></span> 
     </span>
    </p>

    <p class='ocr_par' dir='ltr' id='par_1_5' title="bbox 431 2712 1447 3035">
     <span class='ocr_line' id='line_1_17' title="bbox 481 2712 1447 2801; baseline -0.001 -21"><span class='ocrx_word' id='word_1_110' title='bbox 481 2720 553 2780; x_wconf 80' lang='lat'>124.</span> <span class='ocrx_word' id='word_1_111' title='bbox 585 2712 675 2789; x_wconf 74' lang='grc' dir='ltr'><em>ἦλθον.</em></span> <span class='ocrx_word' id='word_1_112' title='bbox 701 2717 748 2780; x_wconf 86' lang='lat' dir='ltr'><strong>De</strong></span> <span class='ocrx_word' id='word_1_113' title='bbox 760 2716 937 2801; x_wconf 90' lang='lat' dir='ltr'><strong>hujusmodi</strong></span> <span class='ocrx_word' id='word_1_114' title='bbox 951 2715 1084 2780; x_wconf 89' lang='lat' dir='ltr'><strong>dictione</strong></span> <span class='ocrx_word' id='word_1_115' title='bbox 1097 2716 1215 2801; x_wconf 90' lang='lat' dir='ltr'><strong>poetica</strong></span> <span class='ocrx_word' id='word_1_116' title='bbox 1227 2738 1317 2801; x_wconf 86' lang='lat' dir='ltr'><strong>saepe</strong></span> <span class='ocrx_word' id='word_1_117' title='bbox 1329 2718 1447 2779; x_wconf 90' lang='lat' dir='ltr'><strong>monui·</strong></span> 
     </span>
     <span class='ocr_line' id='line_1_18' title="bbox 432 2833 1443 2917; baseline -0.003 -18"><span class='ocrx_word' id='word_1_118' title='bbox 432 2857 515 2913; x_wconf 88' lang='lat' dir='ltr'><strong>mus,</strong></span> <span class='ocrx_word' id='word_1_119' title='bbox 538 2834 621 2898; x_wconf 89' lang='lat' dir='ltr'><strong>velut</strong></span> <span class='ocrx_word' id='word_1_120' title='bbox 641 2834 679 2898; x_wconf 88' lang='lat' dir='ltr'><strong>ad</strong></span> <span class='ocrx_word' id='word_1_121' title='bbox 700 2833 749 2898; x_wconf 92' lang='lat' dir='ltr'><strong>Ol.</strong></span> <span class='ocrx_word' id='word_1_122' title='bbox 771 2834 788 2898; x_wconf 91' lang='lat' dir='ltr'>I</span> <span class='ocrx_word' id='word_1_123' title='bbox 811 2837 849 2897; x_wconf 85' lang='lat'><strong>16</strong></span> <span class='ocrx_word' id='word_1_124' title='bbox 870 2836 898 2906; x_wconf 82' lang='grc' dir='ltr'><strong>ἐς</strong></span> <span class='ocrx_word' id='word_1_125' title='bbox 918 2836 1035 2909; x_wconf 80' lang='grc' dir='ltr'><em>Ἱέρωνος</em></span> <span class='ocrx_word' id='word_1_126' title='bbox 1055 2834 1154 2899; x_wconf 76' lang='grc' dir='ltr'><strong>ἑστίαιν</strong></span> <span class='ocrx_word' id='word_1_127' title='bbox 1169 2835 1329 2917; x_wconf 74' lang='grc' dir='ltr'><strong><em>ἱκομένους,</em></strong></span> <span class='ocrx_word' id='word_1_128' title='bbox 1348 2833 1365 2897; x_wconf 95' lang='grc' dir='ltr'>Ι</span> <span class='ocrx_word' id='word_1_129' title='bbox 1384 2836 1443 2899; x_wconf 86' lang='grc'><strong>179</strong></span> 
     </span>
     <span class='ocr_line' id='line_1_19' title="bbox 431 2951 1444 3035; baseline -0.003 -17"><span class='ocrx_word' id='word_1_130' title='bbox 431 2956 502 3033; x_wconf 74' lang='grc' dir='ltr'><strong>παρ’</strong></span> <span class='ocrx_word' id='word_1_131' title='bbox 522 2953 659 3018; x_wconf 70' lang='grc' dir='ltr'><em>εὐδείελον</em></span> <span class='ocrx_word' id='word_1_132' title='bbox 679 2954 764 3018; x_wconf 70' lang='grc' dir='ltr'><em>ἐλθὼν</em></span> <span class='ocrx_word' id='word_1_133' title='bbox 783 2953 908 3033; x_wconf 78' lang='grc' dir='ltr'><strong>Κρόνιον,</strong></span> <span class='ocrx_word' id='word_1_134' title='bbox 929 2951 994 3015; x_wconf 82' lang='lat' dir='ltr'><strong>VII</strong></span> <span class='ocrx_word' id='word_1_135' title='bbox 1014 2956 1056 3016; x_wconf 76' lang='lat'><strong>24</strong></span> <span class='ocrx_word' id='word_1_136' title='bbox 1076 2954 1127 3018; x_wconf 81' lang='grc' dir='ltr'><strong>σὺν</strong></span> <span class='ocrx_word' id='word_1_137' title='bbox 1148 2953 1282 3035; x_wconf 65' lang='grc' dir='ltr'><strong>Διαγόρᾳ</strong></span> <span class='ocrx_word' id='word_1_138' title='bbox 1300 2952 1444 3029; x_wconf 65' lang='grc' dir='ltr'><strong>κατέβαν.</strong></span> 
     </span>
    </p>

    <p class='ocr_par' dir='ltr' id='par_1_6' title="bbox 429 3070 1445 4337">
     <span class='ocr_line' id='line_1_20' title="bbox 479 3070 1445 3163; baseline -0.001 -29"><span class='ocrx_word' id='word_1_139' title='bbox 479 3074 552 3134; x_wconf 76' lang='lat'>124.</span> <span class='ocrx_word' id='word_1_140' title='bbox 588 3072 732 3152; x_wconf 71' lang='grc' dir='ltr'><em>τιμάορος.</em></span> <span class='ocrx_word' id='word_1_141' title='bbox 768 3070 929 3150; x_wconf 74' lang='lat' dir='ltr'><strong>Quantum</strong></span> <span class='ocrx_word' id='word_1_142' title='bbox 945 3071 1038 3134; x_wconf 86' lang='lat' dir='ltr'><strong>fuerit</strong></span> <span class='ocrx_word' id='word_1_143' title='bbox 1056 3072 1088 3134; x_wconf 90' lang='lat' dir='ltr'><strong>in</strong></span> <span class='ocrx_word' id='word_1_144' title='bbox 1101 3071 1291 3163; x_wconf 82' lang='lat' dir='ltr'><strong>Graecorum</strong></span> <span class='ocrx_word' id='word_1_145' title='bbox 1311 3071 1445 3136; x_wconf 85' lang='lat' dir='ltr'><strong>moribus</strong></span> 
     </span>
     <span class='ocr_line' id='line_1_21' title="bbox 431 3171 1444 3274; baseline -0.001 -22"><span class='ocrx_word' id='word_1_146' title='bbox 431 3189 599 3253; x_wconf 87' lang='lat' dir='ltr'><strong>ulciscendi</strong></span> <span class='ocrx_word' id='word_1_147' title='bbox 630 3189 768 3252; x_wconf 88' lang='lat' dir='ltr'><strong>studium</strong></span> <span class='ocrx_word' id='word_1_148' title='bbox 798 3196 955 3267; x_wconf 84' lang='lat' dir='ltr'><strong>mortuos,</strong></span> <span class='ocrx_word' id='word_1_149' title='bbox 989 3212 1025 3253; x_wconf 84' lang='lat' dir='ltr'><strong>ex</strong></span> <span class='ocrx_word' id='word_1_150' title='bbox 1056 3171 1184 3254; x_wconf 89' lang='lat' dir='ltr'><strong>Achillis</strong></span> <span class='ocrx_word' id='word_1_151' title='bbox 1210 3212 1281 3253; x_wconf 91' lang='lat' dir='ltr'><strong>sane</strong></span> <span class='ocrx_word' id='word_1_152' title='bbox 1307 3189 1444 3274; x_wconf 83' lang='lat' dir='ltr'><strong>exemplo</strong></span> 
     </span>
     <span class='ocr_line' id='line_1_22' title="bbox 431 3307 1443 3392; baseline -0.001 -21"><span class='ocrx_word' id='word_1_153' title='bbox 431 3317 556 3392; x_wconf 83' lang='lat' dir='ltr'><strong>apparet</strong></span> <span class='ocrx_word' id='word_1_154' title='bbox 591 3308 673 3392; x_wconf 92' lang='lat' dir='ltr'><strong>apud</strong></span> <span class='ocrx_word' id='word_1_155' title='bbox 709 3307 895 3371; x_wconf 87' lang='lat' dir='ltr'><strong>Homerum:</strong></span> <span class='ocrx_word' id='word_1_156' title='bbox 932 3330 1031 3390; x_wconf 89' lang='lat' dir='ltr'><strong>neque</strong></span> <span class='ocrx_word' id='word_1_157' title='bbox 1067 3314 1168 3371; x_wconf 89' lang='lat' dir='ltr'><strong>tamen</strong></span> <span class='ocrx_word' id='word_1_158' title='bbox 1192 3307 1382 3372; x_wconf 63' lang='lat' dir='ltr'><strong>id&#39;studium</strong></span> <span class='ocrx_word' id='word_1_159' title='bbox 1409 3330 1443 3372; x_wconf 84' lang='lat' dir='ltr'><strong>ex</strong></span> 
     </span>
     <span class='ocr_line' id='line_1_23' title="bbox 431 3407 1444 3511; baseline 0.001 -23"><span class='ocrx_word' id='word_1_160' title='bbox 431 3426 534 3508; x_wconf 89' lang='lat' dir='ltr'><strong>aliqua</strong></span> <span class='ocrx_word' id='word_1_161' title='bbox 564 3424 745 3489; x_wconf 82' lang='lat' dir='ltr'><strong>erudelitate</strong></span> <span class='ocrx_word' id='word_1_162' title='bbox 777 3407 976 3511; x_wconf 88' lang='lat' dir='ltr'><strong>repetendum</strong></span> <span class='ocrx_word' id='word_1_163' title='bbox 1001 3433 1063 3503; x_wconf 88' lang='lat' dir='ltr'><strong>est,</strong></span> <span class='ocrx_word' id='word_1_164' title='bbox 1090 3447 1195 3489; x_wconf 84' lang='lat' dir='ltr'><strong>verum</strong></span> <span class='ocrx_word' id='word_1_165' title='bbox 1218 3448 1255 3489; x_wconf 85' lang='lat' dir='ltr'><strong>ex</strong></span> <span class='ocrx_word' id='word_1_166' title='bbox 1279 3425 1444 3511; x_wconf 87' lang='lat' dir='ltr'><strong>adjuvandi</strong></span> 
     </span>
     <span class='ocr_line' id='line_1_24' title="bbox 431 3542 1441 3629; baseline 0.002 -24"><span class='ocrx_word' id='word_1_167' title='bbox 431 3542 590 3627; x_wconf 86' lang='lat' dir='ltr'><strong>opinione,</strong></span> <span class='ocrx_word' id='word_1_168' title='bbox 616 3565 712 3627; x_wconf 91' lang='lat' dir='ltr'><strong>quum</strong></span> <span class='ocrx_word' id='word_1_169' title='bbox 736 3565 802 3621; x_wconf 90' lang='lat' dir='ltr'><strong>eos,</strong></span> <span class='ocrx_word' id='word_1_170' title='bbox 828 3566 905 3627; x_wconf 89' lang='lat' dir='ltr'><strong>quos</strong></span> <span class='ocrx_word' id='word_1_171' title='bbox 929 3546 1013 3609; x_wconf 87' lang='lat' dir='ltr'><strong>vivos</strong></span> <span class='ocrx_word' id='word_1_172' title='bbox 1037 3544 1117 3607; x_wconf 84' lang='lat' dir='ltr'><strong>tueri</strong></span> <span class='ocrx_word' id='word_1_173' title='bbox 1137 3545 1201 3629; x_wconf 89' lang='lat' dir='ltr'><strong>jam</strong></span> <span class='ocrx_word' id='word_1_174' title='bbox 1224 3567 1286 3608; x_wconf 92' lang='lat' dir='ltr'><strong>non</strong></span> <span class='ocrx_word' id='word_1_175' title='bbox 1303 3553 1441 3629; x_wconf 85' lang='lat' dir='ltr'><strong>possent,</strong></span> 
     </span>
     <span class='ocr_line' id='line_1_25' title="bbox 430 3661 1443 3747; baseline 0.003 -24"><span class='ocrx_word' id='word_1_176' title='bbox 430 3667 533 3724; x_wconf 88' lang='lat' dir='ltr'><strong>tamen</strong></span> <span class='ocrx_word' id='word_1_177' title='bbox 557 3682 642 3724; x_wconf 83' lang='lat' dir='ltr'><strong>caros</strong></span> <span class='ocrx_word' id='word_1_178' title='bbox 667 3661 822 3726; x_wconf 84' lang='lat' dir='ltr'><strong>haberent.</strong></span> <span class='ocrx_word' id='word_1_179' title='bbox 859 3661 942 3725; x_wconf 90' lang='lat' dir='ltr'><strong>Hinc</strong></span> <span class='ocrx_word' id='word_1_180' title='bbox 966 3661 1111 3747; x_wconf 80' lang='lat' dir='ltr'><strong>explicari</strong></span> <span class='ocrx_word' id='word_1_181' title='bbox 1135 3669 1236 3746; x_wconf 88' lang='lat' dir='ltr'><strong>potest</strong></span> <span class='ocrx_word' id='word_1_182' title='bbox 1255 3662 1443 3727; x_wconf 86' lang='lat' dir='ltr'><strong>incredibilis</strong></span> 
     </span>
     <span class='ocr_line' id='line_1_26' title="bbox 430 3777 1443 3866; baseline 0.002 -25"><span class='ocrx_word' id='word_1_183' title='bbox 430 3778 462 3841; x_wconf 91' lang='lat' dir='ltr'><strong>in</strong></span> <span class='ocrx_word' id='word_1_184' title='bbox 494 3777 636 3843; x_wconf 83' lang='lat' dir='ltr'><strong>Hectoris</strong></span> <span class='ocrx_word' id='word_1_185' title='bbox 668 3801 793 3864; x_wconf 88' lang='lat' dir='ltr'><strong>corpore</strong></span> <span class='ocrx_word' id='word_1_186' title='bbox 824 3779 961 3843; x_wconf 85' lang='lat' dir='ltr'><strong>vexando</strong></span> <span class='ocrx_word' id='word_1_187' title='bbox 993 3779 1124 3843; x_wconf 89' lang='lat' dir='ltr'><strong>Achillis</strong></span> <span class='ocrx_word' id='word_1_188' title='bbox 1156 3780 1339 3859; x_wconf 84' lang='lat' dir='ltr'><strong>crudelitas,</strong></span> <span class='ocrx_word' id='word_1_189' title='bbox 1368 3782 1443 3866; x_wconf 89' lang='lat' dir='ltr'><strong>ejus·</strong></span> 
     </span>
     <span class='ocr_line' id='line_1_27' title="bbox 431 3895 1442 3981; baseline 0.003 -22"><span class='ocrx_word' id='word_1_190' title='bbox 431 3895 561 3980; x_wconf 86' lang='lat' dir='ltr'><strong>demque</strong></span> <span class='ocrx_word' id='word_1_191' title='bbox 589 3898 623 3960; x_wconf 91' lang='lat' dir='ltr'><strong>in</strong></span> <span class='ocrx_word' id='word_1_192' title='bbox 646 3897 767 3961; x_wconf 85' lang='lat' dir='ltr'><strong>Priamo</strong></span> <span class='ocrx_word' id='word_1_193' title='bbox 791 3897 977 3981; x_wconf 88' lang='lat' dir='ltr'><strong>alloquendo</strong></span> <span class='ocrx_word' id='word_1_194' title='bbox 1001 3906 1032 3962; x_wconf 90' lang='lat' dir='ltr'><strong>et</strong></span> <span class='ocrx_word' id='word_1_195' title='bbox 1055 3897 1240 3962; x_wconf 90' lang='lat' dir='ltr'><strong>consolando</strong></span> <span class='ocrx_word' id='word_1_196' title='bbox 1265 3899 1442 3963; x_wconf 71' lang='lat' dir='ltr'><strong>eximiahu»</strong></span> 
     </span>
     <span class='ocr_line' id='line_1_28' title="bbox 430 4014 1442 4102; baseline 0.001 -24"><span class='ocrx_word' id='word_1_197' title='bbox 430 4015 559 4078; x_wconf 91' lang='lat' dir='ltr'><strong>manitas</strong></span> <span class='ocrx_word' id='word_1_198' title='bbox 583 4023 614 4079; x_wconf 85' lang='lat' dir='ltr'><strong>et</strong></span> <span class='ocrx_word' id='word_1_199' title='bbox 637 4016 756 4079; x_wconf 82' lang='lat' dir='ltr'><strong>caritas.</strong></span> <span class='ocrx_word' id='word_1_200' title='bbox 792 4014 908 4079; x_wconf 81' lang='lat' dir='ltr'><strong>Verum</strong></span> <span class='ocrx_word' id='word_1_201' title='bbox 932 4039 968 4079; x_wconf 88' lang='lat' dir='ltr'><strong>ex</strong></span> <span class='ocrx_word' id='word_1_202' title='bbox 992 4038 1027 4079; x_wconf 92' lang='lat' dir='ltr'><strong>eo</strong></span> <span class='ocrx_word' id='word_1_203' title='bbox 1052 4038 1135 4079; x_wconf 86' lang='lat' dir='ltr'><strong>more</strong></span> <span class='ocrx_word' id='word_1_204' title='bbox 1155 4017 1351 4102; x_wconf 84' lang='lat' dir='ltr'><strong>repetendam</strong></span> <span class='ocrx_word' id='word_1_205' title='bbox 1369 4019 1442 4082; x_wconf 82' lang='lat' dir='ltr'><strong>exis·</strong></span> 
     </span>
     <span class='ocr_line' id='line_1_29' title="bbox 429 4133 1439 4219; baseline 0.004 -23"><span class='ocrx_word' id='word_1_206' title='bbox 429 4134 504 4197; x_wconf 90' lang='lat' dir='ltr'><strong>timo</strong></span> <span class='ocrx_word' id='word_1_207' title='bbox 536 4133 567 4196; x_wconf 85' lang='lat' dir='ltr'><strong>in</strong></span> <span class='ocrx_word' id='word_1_208' title='bbox 592 4156 728 4197; x_wconf 83' lang='lat' dir='ltr'><strong>sermone</strong></span> <span class='ocrx_word' id='word_1_209' title='bbox 753 4134 870 4198; x_wconf 85' lang='lat' dir='ltr'><strong>Graeco</strong></span> <span class='ocrx_word' id='word_1_210' title='bbox 894 4134 1130 4212; x_wconf 85' lang='lat' dir='ltr'><strong>vocabulorum,</strong></span> <span class='ocrx_word' id='word_1_211' title='bbox 1156 4157 1233 4219; x_wconf 88' lang='lat' dir='ltr'><strong>quae</strong></span> <span class='ocrx_word' id='word_1_212' title='bbox 1258 4135 1439 4212; x_wconf 87' lang='lat' dir='ltr'><strong>vindictam,</strong></span> 
     </span>
     <span class='ocr_line' id='line_1_30' title="bbox 430 4251 1438 4337; baseline 0.002 -24"><span class='ocrx_word' id='word_1_213' title='bbox 430 4257 461 4314; x_wconf 88' lang='lat' dir='ltr'><strong>et</strong></span> <span class='ocrx_word' id='word_1_214' title='bbox 496 4272 617 4329; x_wconf 83' lang='lat' dir='ltr'><strong>eorum,</strong></span> <span class='ocrx_word' id='word_1_215' title='bbox 655 4273 732 4334; x_wconf 89' lang='lat' dir='ltr'><strong>quae</strong></span> <span class='ocrx_word' id='word_1_216' title='bbox 768 4251 917 4315; x_wconf 83' lang='lat' dir='ltr'><strong>auxilium</strong></span> <span class='ocrx_word' id='word_1_217' title='bbox 952 4251 1142 4336; x_wconf 84' lang='lat' dir='ltr'><strong>significant,</strong></span> <span class='ocrx_word' id='word_1_218' title='bbox 1175 4255 1438 4337; x_wconf 82' lang='lat' dir='ltr'><strong>permutationem.</strong></span> 
     </span>
    </p>
   </div>
   <div class='ocr_carea' id='block_1_5' title="bbox 429 4368 1440 4455">
    <p class='ocr_par' dir='ltr' id='par_1_7' title="bbox 429 4368 1440 4455">
     <span class='ocr_line' id='line_1_31' title="bbox 429 4368 1440 4455; baseline 0.002 -23"><span class='ocrx_word' id='word_1_219' title='bbox 429 4368 526 4433; x_wconf 81' lang='lat' dir='ltr'><strong>Velut</strong></span> <span class='ocrx_word' id='word_1_220' title='bbox 559 4368 641 4454; x_wconf 91' lang='lat' dir='ltr'><strong>apud</strong></span> <span class='ocrx_word' id='word_1_221' title='bbox 672 4369 765 4455; x_wconf 82' lang='lat' dir='ltr'><strong>Soph.</strong></span> <span class='ocrx_word' id='word_1_222' title='bbox 799 4369 876 4433; x_wconf 88' lang='lat' dir='ltr'><strong>Oed.</strong></span> <span class='ocrx_word' id='word_1_223' title='bbox 908 4369 943 4434; x_wconf 87' lang='grc' dir='ltr'><strong>Τ.</strong></span> <span class='ocrx_word' id='word_1_224' title='bbox 978 4373 1038 4434; x_wconf 80' lang='lat'><strong>141</strong></span> <span class='ocrx_word' id='word_1_225' title='bbox 1073 4369 1211 4455; x_wconf 89' lang='lat' dir='ltr'><strong>Oedipus</strong></span> <span class='ocrx_word' id='word_1_226' title='bbox 1243 4371 1345 4435; x_wconf 88' lang='lat' dir='ltr'><strong>caedis</strong></span> <span class='ocrx_word' id='word_1_227' title='bbox 1375 4370 1440 4455; x_wconf 87' lang='lat' dir='ltr'><strong>Laji</strong></span> 
     </span>
    </p>
   </div>
   <div class='ocr_carea' id='block_1_6' title="bbox 429 4486 1104 4574">
    <p class='ocr_par' dir='ltr' id='par_1_8' title="bbox 429 4486 1104 4574">
     <span class='ocr_line' id='line_1_32' title="bbox 429 4486 1104 4574; baseline 0 -23"><span class='ocrx_word' id='word_1_228' title='bbox 429 4486 580 4551; x_wconf 79' lang='lat' dir='ltr'><strong>vindicem</strong></span> <span class='ocrx_word' id='word_1_229' title='bbox 604 4510 636 4551; x_wconf 88' lang='lat' dir='ltr'><strong>se</strong></span> <span class='ocrx_word' id='word_1_230' title='bbox 659 4495 816 4551; x_wconf 82' lang='lat' dir='ltr'><strong>strenuum</strong></span> <span class='ocrx_word' id='word_1_231' title='bbox 839 4488 903 4552; x_wconf 82' lang='lat' dir='ltr'><strong>fore</strong></span> <span class='ocrx_word' id='word_1_232' title='bbox 927 4488 1104 4574; x_wconf 87' lang='lat' dir='ltr'><strong>profitetur:</strong></span> 
     </span>
    </p>
   </div>
   <div class='ocr_carea' id='block_1_7' title="bbox 0 0 1888 5534">
    <p class='ocr_par' dir='ltr' id='par_1_9' title="bbox 0 0 1888 5534">
     <span class='ocr_line' id='line_1_33' title="bbox 0 0 1888 5534; baseline 0 3"><span class='ocrx_word' id='word_1_233' title='bbox 0 0 1888 5534; x_wconf 95' lang='lat' dir='ltr'><strong> </strong></span> 
     </span>
    </p>
   </div>
  </div>
 </body>
</html>
