3767 5534
912 727 976 789 397

438 922 504 989 VH
526 924 562 989 Ο.
586 923 633 989 IV
655 928 686 989 4.
732 924 814 990 Eum
837 933 940 990 autem
956 925 1127 991 Imbrasum
1145 934 1236 992 antea
1250 928 1450 993 Parthenium

438 1041 557 1108 dictum
579 1044 690 1121 fuisse,
715 1051 745 1107 et
769 1043 807 1107 ab
830 1043 885 1107 illo
908 1044 1006 1128 ipsam
1031 1045 1164 1109 insulam
1189 1045 1383 1111 Parthenium
1400 1069 1451 1132 ap-

438 1162 599 1246 pellatam,
623 1161 713 1226 docet
735 1161 844 1225 Strabo
867 1160 904 1226 L.
928 1161 959 1224 X
982 1185 1012 1247 p.
1038 1165 1113 1228 457.
1150 1162 1190 1227 Ilt
1207 1186 1244 1228 ex
1260 1163 1448 1228 Callimacho

439 1278 527 1343 affert
548 1278 713 1343 scholiasta
735 1285 823 1343 vetus
848 1278 887 1343 ad
910 1279 941 1343 h.
965 1280 986 1343 l.

615 1396 682 1461 νὶντὶ
705 1398 765 1477 γὰρ
787 1397 907 1473 ἐκλήθης
925 1397 1076 1477 ”latitans
1099 1399 1261 1478 Παρθενίου.

439 1514 626 1599 Apollonius
649 1513 708 1579 Rh.
732 1514 770 1579 L.
795 1515 812 1578 I
838 1517 920 1580 187:

749 1631 920 1713 ructata
943 1631 1005 1705 ἕδος
1026 1635 1115 1713 Ἥρης

676 1759 686 1782 “
750 1751 915 1831 Παρθενίην.

437 1866 578 1931 Fortasse
609 1866 683 1932 haec
714 1869 860 1933 memoria
891 1870 1054 1953 conjuncta
1084 1869 1145 1932 luit
1175 1890 1245 1932 cum
1269 1890 1361 1932 causa
1385 1869 1449 1953 ejus

435 1986 644 2070 cognominis,
668 1987 752 2069 quod
776 2009 794 2050 a
814 1986 909 2051 Poeta
923 1986 944 2049 J
946 1987 1040 2051 unoni
1056 1986 1211 2050 tribuitur.
1252 1986 1293 2050 Et
1309 1984 1346 2049 ad
1364 1984 1450 2050 Nau-

436 2102 530 2188 pliam
556 2103 617 2167 luit
642 2104 711 2168 lons
735 2103 911 2182 Canathus,
937 2103 991 2167 ubi
1013 2104 1168 2168 Junonem
1192 2104 1301 2187 Argivi
1325 2111 1451 2169 narrant

437 2221 602 2304 quotannis
636 2223 731 2285 lavari
765 2230 796 2286 et
830 2222 978 2307 virginem
1014 2222 1087 2286 fieri.
1135 2220 1267 2286 Pausan.
1295 2219 1331 2285 L.
1355 2221 1390 2285 H
1414 2221 1448 2287 Ο.

437 2338 614 2402 XXXVIII
645 2342 675 2404 2.
717 2339 833 2404 Verum
865 2339 925 2403 alia
955 2347 1055 2403 exstat
1082 2340 1245 2417 memoria,
1269 2338 1449 2424 Stymphale

436 2456 533 2540 magis
557 2457 689 2541 propria.
736 2456 817 2520 Nam
841 2455 925 2541 apud
949 2479 980 2519 se
1003 2458 1063 2541 ipsi
1086 2455 1271 2541 Stymphalii
1293 2456 1449 2521 Iunonem

437 2573 599 2638 educatam
627 2597 691 2638 esse
719 2575 864 2640 dixerunt
887 2597 904 2637 a
927 2575 1078 2652 Temen0,
1104 2581 1133 2638 et
1156 2575 1216 2638 tria
1239 2575 1353 2659 templa
1375 2574 1449 2641 huic

437 2691 520 2757 Deae
536 2692 574 2756 ab
591 2715 625 2756 eo
642 2692 779 2771 condita,
797 2692 1030 2777 cognominibus
1046 2693 1145 2757 tribus
1161 2691 1289 2771 additis,
1307 2692 1449 2771 Puellae,

436 2830 532 2892 quum
554 2809 639 2893 virgo
662 2817 758 2886 esset,
782 2811 929 2887 Τελείας,
954 2831 1049 2893 quum
1073 2817 1171 2893 nupta
1193 2808 1281 2887 Jovi,
1306 2808 1445 2888 Viduae,

436 2947 531 3009 quum
554 2949 572 2990 a
593 2926 670 2991 Jove
693 2926 880 2990 discessisset
902 2934 933 2991 et
953 2925 1167 3011 Stymphalum
1183 2927 1334 2991 rediisset.
1370 2926 1451 2992 Pau-

435 3065 500 3107 san.
523 3042 562 3107 11.
578 3042 661 3107 VIII
685 3043 719 3108 G.
743 3043 841 3107 XXII
865 3050 895 3108 2.
942 3045 1046 3127 Atque
1076 3044 1108 3107 in
1133 3043 1189 3107 hac
1213 3051 1313 3108 vetere
1336 3065 1451 3108 memo-

434 3162 481 3224 ria
514 3181 638 3225 causam
672 3182 737 3226 esse
772 3162 931 3237 existimo,
967 3184 1022 3225 cur
1052 3161 1165 3245 primas
1193 3161 1309 3225 Iunoni
1342 3161 1449 3225 laudes

434 3278 531 3343 tribui
554 3278 650 3342 Poeta
672 3279 755 3343 velit.
803 3278 841 3342 In
872 3279 997 3342 scholiis
1027 3279 1216 3363 cognominis
1240 3300 1332 3343 causa
1356 3280 1448 3343 etiam

433 3397 566 3461 refertur
586 3396 625 3459 ad
646 3405 779 3461 montem
795 3396 1013 3461 Parthenium:
1031 3404 1217 3460 memoratur
1234 3397 1340 3472 etiam,
1359 3417 1448 3479 quos·

435 3515 506 3578 dam
538 3514 668 3591 dixisse,
702 3514 740 3578 ab
764 3515 878 3599 Agesia
901 3515 1023 3599 signum
1047 3514 1180 3578 Junonis
1203 3515 1339 3598 positum
1362 3536 1445 3578 esses

433 3631 487 3694 sed
510 3630 598 3696 nulla
621 3631 712 3717 hujus
735 3631 832 3695 famae
856 3632 982 3696 affertur
1005 3633 1188 3708 auctoritas,
1213 3641 1244 3695 et
1266 3630 1387 3694 videtur
1412 3652 1446 3695 ea

433 3771 470 3813 ex
495 3749 552 3813 hoc
575 3749 643 3813 loco
666 3750 737 3813 ficta
760 3772 834 3814 esse.

483 3870 556 3930 151.
591 3872 708 3945 γνῶνννν.
744 3866 914 3930 Scholiasta
941 3868 1093 3930 recentior
1115 3866 1274 3931 transitive
1298 3865 1446 3949 explicat,

434 3985 573 4062 γνώριμον
599 3994 733 4059 noricae:
758 3985 851 4069 idque
875 3986 1013 4070 sequitur
1036 3984 1193 4068 Heynius,
1218 3983 1374 4048 conferens
1394 3982 1445 4048 Ol.

432 4102 517 4165 XIII
540 4106 578 4166 3:
603 4125 665 4166 uon
687 4113 769 4167 recte
785 4112 821 4167 ut
837 4103 936 4167 credo.
963 4103 995 4165 Si
1011 4125 1155 4187 apparere
1171 4102 1292 4165 videtur
1308 4124 1340 4164 vs
1362 4102 1423 4165 153
1432 4151 1442 4180 ,

433 4221 558 4283 Aenean
582 4242 600 4283 a
622 4219 755 4282 Pindaro
778 4221 906 4283 missum
923 4242 989 4283 esse
1006 4242 1076 4283 cum
1092 4219 1241 4282 carmine:
1259 4226 1291 4281 at
1307 4216 1443 4281 Chorum

434 4358 557 4421 quoque
587 4359 605 4400 a
635 4336 730 4401 Poeta
761 4340 888 4402 missum
913 4361 978 4402 esse
1000 4345 1030 4401 et
1054 4360 1069 4400 e
1093 4336 1246 4400 Thebanis
1270 4337 1444 4419 constitisse

436 4453 561 4518 minime
591 4464 732 4539 apparet,
762 4477 860 4538 neque
884 4454 914 4518 id
939 4453 1101 4523 verisimile
1125 4475 1189 4517 esse
1213 4454 1368 4517 existimo:
1393 4473 1446 4537 po·
