3767 5534
905 709 972 769 4⁵4

432 920 531 979 turus.
578 910 619 975 uc
651 916 773 994 sperat,
811 908 883 975 hnic
917 907 1106 972 adolescenti
1141 908 1233 973 etiam
1260 908 1452 993 aliquando,

432 1054 529 1115 quum
552 1030 598 1093 vir
620 1030 719 1093 lactus
743 1035 840 1104 esset,
864 1027 928 1090 fore
953 1032 989 1090 ut
1012 1027 1171 1111 contingat
1190 1048 1334 1094 summos
1349 1028 1451 1094 honos

431 1148 577 1214 victoriae
599 1147 632 1211 in
656 1145 812 1231 pancratio
835 1151 1025 1228 reportatae:
1052 1144 1302 1231 quandoquidem
1318 1145 1452 1231 etipse,

432 1266 586 1353 praeclaro
611 1267 675 1351 jam
702 1264 844 1329 tirocinio
867 1264 966 1340 laeto,
991 1264 1071 1328 viam
1095 1265 1209 1349 optime
1233 1263 1452 1349 progrediendi

431 1384 608 1472 cognoverit
632 1382 831 1469 experiendo:
855 1390 923 1447 tum
948 1381 1021 1465 quia
1043 1382 1135 1447 etiem
1159 1405 1249 1466 porro
1274 1406 1389 1448 usurus
1411 1384 1452 1448 sit

330 1569 332 1572 .
431 1505 577 1590 magistro
594 1502 801 1568 eruditissimo
818 1511 848 1566 et
863 1500 1073 1566 solertissimo.
1097 1501 1215 1568 Verum
1230 1524 1344 1588 magna
1356 1502 1454 1569 Mele-

432 1624 494 1687 siae
517 1621 614 1707 gloria
638 1642 700 1691 nou
729 1621 829 1685 caruit
858 1619 1096 1685 obtrectatione:
1114 1619 1357 1707 necquidquam
1373 1622 1453 1686 solet

433 1742 552 1827 placere
585 1740 698 1824 pariter
729 1740 847 1803 cunctis
880 1739 1080 1803 mortalibus:
1105 1762 1177 1824 orgo
1201 1739 1314 1818 Poeta,
1339 1740 1453 1805 intuli

432 1861 498 1925 viro
528 1858 682 1923 laudando
711 1859 871 1943 copiosus,
895 1858 1027 1923 nonvult
1049 1858 1183 1923 invidiae
1206 1865 1290 1923 metu
1313 1881 1346 1923 se
1368 1858 1451 1924 ochi·

433 1978 516 2054 beri,
541 1999 646 2041 verum
670 1998 737 2042 eam
752 1976 897 2041 avertite
912 1999 954 2040 se.
989 1974 1084 2056 Quod
1101 1976 1224 2061 scripsi,
1242 1976 1394 2061 pancratii
1409 1976 1451 2040 vi-

435 2095 502 2159 rilis
515 2094 672 2159 victoriam
687 2093 857 2157 Pindarum
870 2115 988 2179 sperare
1000 2093 1206 2173 Timostheni,
1220 2094 1313 2159 habet
1324 2094 1359 2159 id
1370 2094 1450 2159 hanc

434 2236 574 2290 causam,
607 2212 691 2298 quod
714 2234 781 2276 eam
805 2234 890 2296 spem
914 2202 1099 2297 pronunciat
1121 2213 1269 2279 contiuuo
1293 2221 1364 2298 post
1386 2234 1448 2278 me·

434 2338 585 2395 moratum
614 2330 698 2394 illius
729 2328 917 2395 Nemeaeum
949 2329 1055 2395 decus:
1088 2337 1135 2408 et,
1160 2331 1232 2415 qui-a
1255 2330 1322 2408 ille,
1347 2337 1386 2396 nt
1409 2328 1467 2409 ad¹

434 2472 469 2512 vs
504 2452 542 2512 19
567 2448 728 2525 annotavi,
753 2448 846 2511 fratre
868 2448 966 2532 major
987 2448 1081 2512 fuisse
1105 2448 1241 2513 videtur:
1267 2457 1336 2514 tum
1358 2469 1451 2527 vero,

435 2568 508 2651 quia
539 2568 582 2630 sio
609 2567 725 2651 optime
755 2568 897 2631 convenit
928 2590 962 2630 vs
987 2570 1028 2631 86
1053 2568 1170 2631 reditus
1194 2566 1232 2632 ad
1255 2574 1448 2652 praesentem

434 2686 557 2750 laudem
589 2684 831 2762 Alcimedontis,
867 2685 941 2769 ipsis
965 2685 1121 2750 vocabulis
1144 2691 1191 2750 νῦν
1214 2686 1268 2762 μὲν
1291 2708 1310 2748 a
1333 2685 1446 2770 digres-

437 2804 523 2867 sione
546 2801 585 2867 ad
608 2803 801 2888 propositum
824 2802 1049 2867 revocantibus.

482 2924 533 2985 70.
567 2920 697 2998 Τερπνὸν
726 2945 752 2985 κ.
783 2945 812 2987 τ.
843 2936 874 2984 λ.
909 2920 1042 2985 Rediens
1074 2920 1111 2985 ab
1141 2920 1275 3005 antiquis
1300 2919 1395 2985 Aeaci
1416 2927 1448 2983 et

436 3038 639 3104 Aeacidarum
675 3014 821 3103 laudibus
852 3039 1013 3124 praeponit
1043 3039 1217 3102 nniversam
1246 3038 1447 3113 senteutiam,

432 3158 552 3245 justum
582 3156 782 3244 debitumque
808 3157 924 3221 meritis
948 3157 1075 3220 daturus
1099 3156 1264 3231 honorem,
1289 3161 1320 3218 et
1342 3154 1448 3220 huma·

435 3304 509 3345 num
533 3286 651 3357 tamen,
675 3300 776 3363 neque
798 3278 843 3341 ita
865 3298 960 3361 supra
975 3282 1086 3340 sortem
1103 3273 1296 3350 mortalium,
1313 3281 1349 3337 ut
1365 3272 1448 3337 omni

436 3399 657 3463 obtrectatione
691 3404 800 3461 careat
846 3395 975 3475 Τερπνὸν
1008 3401 1056 3467 est
1087 3395 1184 3457 instar
1214 3391 1348 3457 nominis
1379 3390 1448 3455 sub

436 3517 580 3595 stant-iai,
610 3525 720 3599 estque
750 3514 896 3580 orationis
924 3512 1036 3597 positio
1060 3511 1154 3587 haec,
1179 3518 1215 3574 ut
1238 3509 1446 3594 significetur,

437 3634 553 3715 τερπνὸν
583 3634 659 3700 οὐδὲν
682 3632 800 3698 ἔσσεται
824 3630 942 3711 τερπνὸν
965 3627 1023 3695 loov
1044 3632 1074 3694 ἐν
1096 3628 1267 3707 ἀνθρώποις,
1290 3626 1379 3691 nulla
1400 3648 1447 3691 res

436 3753 573 3837 jusunda
593 3753 654 3816 erit
676 3774 724 3817 res
747 3752 861 3837 pariter
880 3749 1019 3835 jucunda
1042 3749 1075 3813 in
1098 3746 1282 3811 hominibus.

486 3876 537 3937 71.
572 3874 719 3954 Μελησίᾳ.
756 3871 886 3956 Egregie
916 3868 1062 3933 laudatur
1092 3867 1143 3930 hic
1173 3865 1256 3930 idem
1286 3863 1378 3928 Nem.
1403 3860 1448 3927 IV

443 3994 503 4055 151
529 3998 560 4055 et
584 3989 631 4054 VI
658 3992 738 4054 110:
763 4011 894 4073 quorum
918 3995 1085 4070 utrumque
1108 4005 1229 4049 carmen
1252 3983 1345 4047 etiarn
1362 3980 1449 4066 Aegi·

439 4110 547 4174 neticis
580 4111 644 4194 ejus
674 4107 834 4192 discipulis
865 4106 1015 4190 scriptum
1045 4112 1100 4168 est.
1147 4102 1261 4166 Tamen
1285 4100 1449 4165 scholiasta

441 4228 479 4293 ad
503 4226 593 4292 Nem.
618 4226 664 4289 IV
692 4229 752 4291 155
777 4226 866 4291 illum
889 4224 964 4289 dicit
984 4245 1094 4308 genere
1109 4220 1330 4285 Atheniensem
1345 4218 1448 4284 luisse

489 4350 540 4412 71.
575 4345 608 4422 ἐξ
630 4345 768 4423 ἀγενείων
791 4345 885 4418 κῦδος.
918 4344 1057 4407 Gloriam
1080 4340 1139 4425 ipsi
1157 4345 1276 4424 partam
1292 4358 1329 4401 ex
1344 4334 1451 4401 imber·

441 4465 543 4529 bibus:
570 4488 607 4529 eu
628 4464 851 4549 discipulorum
874 4462 1011 4527 victoriis
1035 4457 1255 4524 redundantem
1280 4452 1449 4539 adipsum.
