3767 5534
922 725 987 790 293

437 952 536 1016 quum
559 930 666 995 ordine
689 929 835 1015 postponi
857 928 970 1006 soleat,
993 927 1123 993 debebat
1146 927 1291 1011 anteponi
1307 926 1459 1006 secundo,

437 1070 537 1134 quum
558 1055 695 1134 tempore
718 1047 924 1134 praecesserit.

484 1167 555 1254 Ipse
578 1167 697 1246 Thero,
722 1175 886 1253 postquam
910 1189 965 1252 per
984 1165 1115 1231 sedecim
1136 1187 1231 1230 annos
1248 1166 1459 1251 Agrigentinis

438 1288 574 1375 praefuit
590 1310 710 1352 summa
725 1287 897 1372 aequitate,
915 1285 993 1351 obiit
1009 1283 1059 1349 Ol.
1076 1283 1232 1350 LXXVII
1248 1307 1329 1350 anno
1345 1285 1457 1371 primo:

437 1394 472 1471 et
495 1429 549 1492 per
570 1406 664 1471 vitam
689 1406 864 1471 carissimus
887 1404 1022 1482 civibus,
1043 1411 1074 1468 et
1090 1411 1305 1490 postmortem
1321 1404 1458 1470 heroicos

435 1531 545 1591 naotus
569 1525 708 1590 honores.
751 1524 851 1589 Filius
876 1545 946 1587 vero
970 1524 1037 1608 ejus
1062 1522 1276 1608 Thrasydaens
1297 1524 1456 1610 jamdum

435 1650 524 1731 pater
554 1645 675 1710 vivebat
705 1644 838 1709 erudelis
873 1652 904 1708 et
935 1642 1212 1728 sanguinolentus,
1237 1651 1457 1729 postmortem

436 1765 504 1851 ejus
538 1771 649 1829 nactus
683 1763 848 1850 imperium
884 1764 997 1828 civium
1033 1762 1105 1827 odio
1137 1770 1167 1827 et
1198 1762 1277 1828 illud
1302 1764 1403 1827 amisit
1427 1770 1457 1827 at

437 1884 562 1948 funesto
584 1883 649 1948 fato
673 1905 787 1968 poenas
810 1881 880 1947 luit.
928 1871 1022 1946 Diod.
1047 1880 1107 1946 Sic.
1133 1881 1181 1945 XI
1206 1883 1258 1946 53.

483 2120 615 2186 Initium
645 2121 787 2186 earmmis
817 2120 968 2185 imitando
1002 2121 1150 2205 expressit
1183 2120 1348 2200 Horatius,
1377 2121 1456 2186 L.I

436 2239 489 2305 od.
514 2240 580 2305 XII

619 2358 721 2441 Quem
744 2360 845 2425 vuum
869 2351 931 2425 aut'
947 2360 1040 2425 heroa
1062 2360 1127 2445 lyra
1150 2360 1199 2424 vel
1222 2360 1284 2425 aori

618 2478 709 2544 Tibia
731 2479 826 2543 sumis
849 2478 1003 2544 celebrare
1027 2476 1113 2557 Clio,

618 2596 718 2677 Quem
742 2596 856 2662 deum?

484 2720 516 2781 4.
551 2716 599 2780 De
628 2715 718 2780 Pisae
748 2716 976 2781 consecratione
1003 2715 1074 2779 lovi
1103 2722 1134 2780 et
1158 2715 1290 2780 conditis
1314 2716 1352 2782 ab
1376 2715 1453 2780 Her·

434 2834 505 2901 aule
528 2834 611 2899 ludis
635 2832 786 2920 Olympiis
809 2841 910 2898 totum
929 2834 992 2897 fere
1012 2842 1059 2899 est
1078 2856 1199 2899 carmen
1215 2832 1395 2919 Olympium
1411 2833 1451 2899 X.

483 2956 513 3018 7.
547 2951 688 3033 οὶιιροθινα.
724 2952 783 3017 Vel
812 2954 888 3032 hoo,
916 2953 964 3017 vel
987 2953 1147 3037 ακροθθνια,
1172 2952 1328 3017 derivatur
1351 2976 1368 3017 a
1391 2954 1450 3037 θὶς,

434 3093 571 3136 acervus.
618 3071 791 3137 Zenodotus
824 3072 938 3157 aliique
969 3072 1078 3136 dicunt
1108 3072 1273 3158 significari
1300 3073 1450 3160 primitias

434 3212 473 3254 ex
496 3212 601 3255 aoervo
623 3191 748 3276 frugum
771 3190 947 3276 decerptas,
974 3190 1046 3255 inde
1070 3213 1140 3255 vero
1164 3191 1299 3277 cujusvis
1323 3193 1367 3256 rei
1391 3193 1451 3276 pri-

434 3308 556 3373 mitias:
592 3312 671 3381 θῖνας
706 3311 787 3374 enim
822 3311 945 3396 proprie
977 3311 1148 3396 significare
1171 3333 1293 3375 acervos
1316 3312 1451 3397 frugum.
1567 3304 1578 3321 ’

433 3425 503 3492 Neo
525 3450 639 3514 pugno.
680 3428 821 3493 Fortasse
844 3436 947 3494 tamen
971 3429 1011 3503 θὶς
1036 3431 1159 3516 proprie
1182 3430 1262 3495 nihil
1286 3429 1370 3495 aliud
1394 3432 1454 3516 sig-

433 3546 541 3611 nifieat
562 3547 622 3611 nisi
645 3570 800 3613 acervum:
826 3571 882 3613 neo
905 3549 996 3634 longe
1020 3549 1058 3613 ab
1075 3572 1110 3613 ea
1127 3550 1348 3636 significatione
1365 3550 1450 3615 abest

434 3666 619 3751 significatio
642 3667 840 3731 usitatissima
862 3667 975 3731 litoris:
1002 3676 1038 3732 ut
1056 3669 1199 3749 οὶκροθθνια
1215 3669 1452 3754 significaverint

433 3806 575 3851 acervum
605 3807 713 3851 arenae
743 3787 791 3850 vel
814 3786 959 3852 foliorum
982 3788 1030 3851 vel
1054 3788 1189 3873 cujusvis
1213 3788 1257 3853 rei
1281 3788 1450 3872 ejusmodi,

431 3904 570 3988 positum
597 3904 631 3968 in
662 3906 838 3970 memoriam
870 3906 1025 3970 victoriae.
1073 3906 1118 3970 Ut
1143 3905 1217 3971 inde
1240 3908 1272 3970 in
1296 3929 1448 3970 sacrarum

432 4022 648 4087 manubiarum
671 4024 926 4109 significationem
950 4025 1134 4091 vocabulum
1160 4026 1325 4090 transierit.
1365 4025 1450 4090 Haeo

432 4141 516 4205 euim
539 4142 723 4227 significatio
746 4144 878 4208 maxime
902 4145 1017 4209 usitata
1040 4152 1100 4209 est:
1126 4144 1212 4209 velut
1230 4144 1346 4209 Herod.
1367 4143 1450 4209 VIII

438 4261 498 4323 121
533 4268 623 4326 τοῖσι·
640 4262 722 4327 θεοῖσι
758 4262 865 4339 ἐξεῖλον
896 4264 1039 4344 οἰκροθίνια
1069 4262 1153 4329 ἄλλα
1182 4290 1216 4330 τε
1247 4264 1296 4329 καὶ
1319 4265 1449 4345 τριήρεας

432 4384 508 4458 τρεῖς
538 4380 698 4454 Φοινίσσας.
746 4382 840 4467 Apud
870 4381 1071 4467 Sophoclem,
1103 4383 1212 4448 Traoh.
1244 4386 1305 4449 751
1332 4382 1447 4449 Hercu·

432 4496 479 4561 les
501 4497 613 4563 dieitur
