3767 5534
902 669 942 729 10

408 890 506 952 quum
537 869 585 932 vel
615 870 751 935 subulam
782 870 959 935 emendaret
986 870 1032 934 rel
1056 871 1220 955 corrigeret
1242 890 1278 932 ea
1299 866 1420 943 studia,

407 1010 486 1071 quac
508 1012 601 1073 prava
620 989 783 1074 judicarer.
830 990 889 1054 Ille
913 1013 984 1054 vero
1004 990 1139 1053 multum
1155 1011 1278 1073 quoque
1297 986 1422 1073 perfecit

406 1108 543 1172 silendo:
575 1110 652 1193 quid
683 1110 765 1173 enim
795 1134 814 1173 a
840 1111 1009 1195 jactatione
1035 1117 1186 1173 remotum
1209 1108 1322 1192 magis,
1345 1106 1422 1190 quid

407 1228 575 1311 sapientiae
599 1230 795 1313 conjunctius
819 1252 912 1314 quam
935 1229 1048 1293 silere?
1063 1230 1087 1311 ¹)

453 1348 557 1430 Atque
585 1347 680 1431 hujus
711 1348 827 1412 silentii
858 1348 1033 1433 exemplum
1063 1349 1096 1411 in
1119 1346 1254 1432 ejusdem
1280 1343 1421 1409 Herculis

406 1464 584 1530 laudatione
604 1466 705 1530 videre
725 1468 807 1531 lieet.
842 1466 996 1531 Nonmus
1016 1491 1089 1531 sane
1105 1465 1272 1530 Herculeos
1287 1462 1420 1538 labores,

406 1593 500 1668 atquc
533 1586 566 1648 in
601 1586 700 1670 poetis
731 1587 868 1671 antiquis
899 1588 976 1650 iram
1005 1587 1139 1650 Jnnonis
1168 1585 1238 1648 ferri
1267 1589 1420 1647 tantarum

407 1726 531 1768 causam
554 1705 773 1769 molestiarum.
820 1706 960 1769 Multum
982 1715 1086 1770 autem
1109 1713 1141 1768 et
1162 1726 1252 1788 saepe
1270 1700 1421 1765 Pindarus

408 1824 442 1887 in
465 1823 600 1889 Hercule
622 1827 750 1910 ejusque
773 1827 918 1911 operibus
941 1826 1087 1891 canendis
1107 1831 1258 1899 versatur,
1278 1829 1315 1885 nt
1332 1840 1421 1883 nemo

410 1950 570 2028 poetarum
600 1945 714 2029 magis:
746 1954 778 2009 et
808 1954 911 2009 tamen
942 1968 1061 2031 semper
1087 1943 1237 2009 abstinuit
1261 1964 1279 2004 a
1300 1939 1424 2024 copiosa

409 2070 442 2125 et
472 2063 574 2147 ampla
603 2064 736 2128 invidiae
765 2065 900 2129 Jnnonis
932 2063 1229 2129 commemoratione.
1275 2059 1313 2123 In
1335 2058 1424 2121 innu-

409 2181 501 2245 meris
531 2205 626 2267 paene
656 2182 749 2263 locis,
781 2184 895 2269 quibus
918 2184 973 2248 illa
995 2181 1259 2256 commemoratio,
1283 2179 1309 2242 si
1331 2175 1423 2240 trodi-

409 2309 477 2364 tum
508 2324 526 2364 a
556 2302 710 2386 prioribus
742 2326 857 2367 morem
888 2312 1013 2367 secutus
1044 2303 1145 2367 fuerat
1168 2299 1335 2374 Pindarus,
1358 2295 1423 2359 fieri

410 2419 553 2484 debuisse
584 2421 762 2499 videbatur,
795 2445 892 2486 unum
921 2430 1045 2486 tautum
1067 2420 1222 2495 invenias,
1245 2439 1309 2502 quo
1330 2438 1348 2478 a
1369 2414 1424 2478 Ju-

411 2561 490 2603 none
522 2542 651 2604 missum
678 2542 848 2625 periculum
873 2549 1035 2605 memoret:
1059 2541 1092 2604 in
1116 2561 1214 2622 eoque
1236 2539 1303 2622 ipso
1325 2532 1423 2599 brevis

411 2666 474 2736 est,
509 2682 565 2723 nec
599 2682 801 2745 magnopere,
837 2670 874 2723 ut
907 2668 1016 2744 poetae
1050 2658 1167 2734 solent,
1198 2655 1302 2720 infesti
1330 2650 1424 2716 animi

411 2777 548 2861 epitheta
576 2778 663 2842 addit
693 2780 815 2863 reginae
841 2780 988 2843 Deorum.
1035 2778 1137 2841 Locus
1161 2785 1208 2840 est
1231 2769 1423 2859 hujusmodi:

411 2894 538 2975 „Quum
563 2920 580 2960 e
602 2898 718 2982 gremio
748 2900 854 2962 matris
883 2899 1032 2963 continuo
1055 2900 1088 2962 in
1112 2898 1212 2961 lucem
1234 2893 1320 2957 Jovis
1343 2890 1424 2953 filius

411 3037 482 3078 cum
501 3017 622 3099 gemino
641 3017 734 3082 fratre
753 3018 887 3094 veniret,
907 3039 970 3081 non
990 3017 1083 3080 latuit
1100 3016 1274 3090 lunonem,
1294 3010 1347 3075 sed
1366 3007 1425 3071 De·

412 3155 500 3197 orum
520 3136 627 3218 regina
650 3136 776 3199 incitata
799 3137 901 3199 animo
924 3136 1009 3199 misit
1032 3143 1187 3220 serpentes
1211 3126 1425 3209 continuo.''⁹)

412 3250 522 3337 Neque
545 3254 676 3340 amplius
700 3256 733 3319 in
754 3256 879 3319 Junonc
903 3263 1059 3332 moratur,
1084 3253 1137 3317 sed
1161 3252 1260 3339 pergit
1279 3248 1425 3314 continuo

412 3371 451 3435 ad
482 3372 589 3436 laudes
619 3374 763 3438 Herculis
794 3374 962 3439 interfectis
986 3372 1177 3458 serpentibus
1200 3378 1318 3455 partas,
1344 3387 1426 3453 prac-

413 3491 593 3575 sagiumque
616 3493 648 3555 in
672 3493 710 3555 iis
733 3493 869 3577 positum
892 3492 1067 3577 ingentium
1089 3490 1296 3554 victoriarum.
1343 3483 1427 3565 Qua·

413 3615 537 3693 propter
567 3618 706 3693 apertum
739 3610 864 3695 quidem
895 3619 956 3687 est,
986 3609 1113 3693 periculi
1136 3608 1321 3671 mentionem
1344 3602 1426 3678 fieri,

414 3750 561 3813 nonque
584 3729 630 3792 ira
653 3741 855 3814 cognoscatur
879 3729 977 3805 illius,
1001 3750 1080 3811 quae
1098 3726 1269 3811 periculum
1289 3725 1427 3799 miserat,
1505 3757 1511 3768 ·

413 3846 468 3910 sed
486 3855 523 3910 ut
541 3847 568 3910 is
588 3847 807 3925 celebraretur,
828 3848 883 3932 qui
903 3853 1107 3931 superaverat.
1143 3846 1184 3908 Et
1199 3855 1302 3908 tamen
1317 3842 1428 3917 fateor,

414 3964 491 4029 mihi
513 3988 576 4030 non
600 3967 725 4030 omnino
749 3966 832 4030 hunc
856 3966 958 4029 locum
982 3987 1052 4028 cum
1068 3965 1188 4047 reliquo
1204 3962 1331 4026 Pindari
1346 3980 1429 4025 more

414 4086 576 4149 convenire
606 4085 711 4150 videri.
759 4085 958 4171 Quapropter
982 4084 1180 4148 statuendum
1204 4091 1267 4158 est,
1292 4079 1428 4144 studium

415 4202 508 4265 tuisse
537 4202 671 4268 Pindaro
703 4204 831 4268 meliora
861 4203 899 4267 de
930 4203 999 4266 Diis
1023 4202 1162 4279 dicendi,
1187 4223 1249 4264 non
1273 4221 1342 4263 vero
1366 4220 1431 4283 per·

452 4463 476 4523 1)
492 4461 562 4512 Cous.
581 4462 618 4513 01.
637 4463 675 4514 II.
694 4462 833 4512 lta-lta.
934 4462 959 4520 2)
975 4463 1041 4511 ΝΜ.
1059 4462 1082 4511 Ι.
1101 4461 1141 4510 59.
