3767 5534
1012 736 1076 796 524

488 909 490 913 Α
534 936 575 1000 sit
607 959 660 1021 pro
687 936 913 1015 perorandum:
939 935 1021 1019 qaod
1046 942 1127 999 reete
1150 935 1344 1020 disputatum
1370 936 1493 1002 videtur
1517 936 1549 1001 iu

407 1109 410 1114 ,
534 1054 667 1117 Dammii
691 1053 805 1117 Lerioo
830 1053 922 1118 Hom.
946 1052 1045 1116 Pind..
1063 1053 1095 1117 in
1120 1075 1201 1117 vooe.

579 1172 627 1236 10.
662 1172 821 1249 σύμβολον.
857 1171 988 1235 Ponitur
1009 1179 1119 1236 neutro
1135 1193 1245 1256 genere
1260 1170 1410 1249 σύμβολον
1426 1179 1457 1237 et
1472 1196 1550 1238 mas·

535 1290 640 1354 culino
663 1290 830 1367 σθμβολοςε
856 1296 926 1353 utra
949 1290 1046 1354 forma
1070 1290 1127 1352 hoo
1151 1290 1218 1354 loco
1242 1290 1301 1368 sit,
1325 1313 1388 1355 nou
1413 1300 1550 1377 apparet.

535 1406 664 1493 Signum
694 1408 769 1472 haee
800 1430 857 1471 vox
886 1407 1066 1492 simpliciter
1094 1408 1260 1492 signifieat,
1285 1431 1321 1472 ex
1345 1432 1407 1493 quo
1431 1410 1549 1496 aliquid

535 1526 734 1611 conjiciatur,
759 1525 843 1589 velut
866 1525 976 1589 Aeseh.
1003 1526 1111 1610 Agam.
1137 1528 1156 1587 8
1180 1533 1210 1589 et
1235 1527 1299 1589 315
1324 1526 1362 1589 de
1384 1526 1455 1591 luee
1476 1527 1550 1591 lam·

535 1643 650 1728 padum
673 1644 818 1727 ponitur,
835 1644 1007 1728 captionem
1024 1642 1131 1728 'l'rojas
1147 1643 1369 1708 nuntiantium.
1405 1644 1550 1708 Refertur

535 1785 605 1826 vero
630 1763 721 1826 etiam
746 1762 785 1825 ad
809 1762 913 1825 divina
936 1762 1055 1838 omina,
1082 1762 1167 1825 velut
1190 1760 1334 1846 Xenoph.
1358 1762 1453 1826 Mem.
1477 1760 1548 1827 L.I

535 1877 571 1943 Ο.
596 1879 612 1942 Ι
636 1882 654 1941 3
679 1879 821 1956 μαντικὴν
844 1877 1003 1959 νομίζοντες
1028 1880 1129 1950 οἰωνοῖς
1150 1903 1185 1942 τε
1207 1883 1338 1959 χρῶνταιν
1361 1879 1411 1943 aa}
1431 1880 1548 1959 Φάρνος

535 1996 584 2059 nal
619 1996 778 2074 συμβόλοις
813 1998 862 2061 κον)
894 1997 1013 2066 duriore.
1062 1996 1129 2060 Hoo
1161 1997 1286 2081 quidem
1317 1997 1384 2061 loeo
1416 2020 1479 2061 non
1510 1996 1547 2060 ad

535 2114 637 2178 omina
668 2123 697 2177 et
728 2114 874 2198 auguria,
907 2113 961 2178 sed
991 2114 1140 2198 adsigna
1163 2121 1193 2177 et
1220 2114 1352 2192 indicia,
1377 2136 1456 2198 quae
1479 2114 1547 2198 qnia

534 2243 637 2298 mente
659 2242 852 2317 assequatur,
869 2234 1013 2318 pertinet.
1049 2232 1159 2318 Neque
1175 2234 1254 2297 enim
1271 2234 1361 2299 θεθθεν
1377 2234 1544 2318 signifieat,

535 2354 653 2430 omina,
682 2374 761 2437 quae
791 2352 845 2416 Dii
876 2351 1058 2429 ostendant,
1084 2351 1200 2416 nulla'm
1223 2352 1335 2416 habere
1358 2352 1468 2416 fidem:
1493 2374 1548 2416 nee

536 2478 616 2534 certe
648 2470 785 2534 ominum
815 2469 964 2553 ejusmodi
997 2469 1174 2553 religionem
1200 2469 1362 2533 contemsit
1385 2468 1548 2534 Pindarus.

537 2587 652 2650 Verum
684 2586 744 2650 loei
777 2586 928 2649 sententia
959 2587 1046 2650 haee·
1065 2592 1125 2664 est3
1154 2608 1216 2652 non
1240 2608 1305 2650 eam
1329 2586 1549 2671 sapientiama

535 2703 604 2767 Diis
638 2704 740 2768 datam
778 2726 843 2767 esse
877 2702 1076 2781 mortalibus,
1109 2709 1145 2767 nt
1175 2703 1279 2767 futura
1308 2726 1411 2768 rerum
1443 2710 1549 2768 eventa

533 2821 708 2906 praevidere
736 2823 871 2906 possint:
896 2821 988 2885 verbo
1011 2818 1089 2902 εὗρεν
1113 2820 1254 2885 additum
1278 2829 1324 2885 est
1347 2821 1452 2902 θεθθεν,
1478 2821 1549 2906 quia

533 2940 657 3023 quaevis
689 2940 749 3003 alia
773 2940 943 3024 sapientia,
968 2961 1045 3022 quae
1069 2939 1244 3003 hominibus
1268 2939 1367 3003 indita
1391 2946 1456 3019 est,
1481 2941 1548 3006 Diis

535 3063 658 3142 accepta
681 3056 838 3121 reserenda
861 3065 924 3133 est,
955 3055 1108 3139 quomodo
1132 3041 1183 3120 Ol.
1208 3055 1256 3119 XI
1283 3059 1321 3120 10

636 3177 669 3238 ἐκ
691 3176 753 3239 θεοῦ
776 3174 801 3238 δ’
824 3175 893 3253 άνθρρ
916 3179 1024 3254 σοφαῖς
1047 3175 1128 3238 άνθεῑ
1148 3174 1227 3238 ioasi
1251 3174 1449 3254 προιονθεσσνν.

586 3296 636 3355 13.
671 3292 792 3372 <apodriti
829 3291 914 3355 Haec
941 3313 1064 3375 quoque
1087 3314 1146 3354 vox
1170 3291 1216 3354 vel
1240 3292 1421 3377 simpliciter
1443 3294 1482 3359 de
1505 3295 1548 3358 in·

537 3410 623 3473 dioiia
647 3410 778 3487 dieitur,
803 3412 888 3475 velat
912 3411 994 3495 apud
1018 3410 1128 3474 Aesoh.
1145 3410 1236 3475 Eum.
1254 3413 1317 3474 245
1337 3411 1373 3476 de
1390 3413 1547 3497 sanguinis

536 3527 629 3593 odore
659 3535 690 3591 et
720 3529 835 3612 guttis,
861 3552 939 3613 quae
963 3529 1154 3594 matricidam
1178 3530 1358 3613 proderent:
1383 3531 1431 3595 uel
1456 3532 1547 3596 etiam

536 3646 575 3709 ad
603 3646 707 3710 diviua
730 3647 857 3709 consilia
880 3647 1027 3724 refertur,
1054 3646 1138 3711 velut
1160 3646 1296 3712 Palladis
1318 3648 1447 3729 Φρκθοιῖς
1472 3647 1548 3711 (lad-

536 3784 604 3825 mus
635 3763 741 3827 dentes
773 3754 885 3849 sparsit
908 3764 991 3849 apud
1014 3764 1119 3849 Eurip.
1134 3743 1261 3827 'Phoen
1287 3765 1361 3827 667.
1408 3764 1545 3829 Priorem

535 3877 629 3962 hujus
645 3879 705 3943 looi
720 3882 974 3964 significationem
991 3904 1055 3945 esse
1072 3882 1145 3945 satis
1158 3881 1381 3945 demonstrasse
1395 3881 1544 3947 videmur.

583 3998 633 4059 18.
670 3998 868 4079 πεδάμειψαν.
904 3998 951 4061 Of.
975 3999 1031 4083 Py.
1055 3999 1108 4062 ΙΙΙ
1133 4002 1195 4063 168

924 4116 992 4189 Διὸς
1015 4117 1044 4180 δὲ
1066 4118 1154 4196 χάριν

758 4233 791 4296 ἐκ
813 4232 950 4313 προτέρων
973 4257 1114 4310 μεταμει-

796 4350 936 4429 oetaeo
959 4348 1113 4427 κοιράνων.

547 4484 550 4488 ’
580 4468 632 4528 20.
668 4465 836 4545 ἐνδομάχας
859 4464 908 4531 ἅτ’
931 4466 1070 4546 άλέκτορ.
1107 4467 1216 4531 Facilis
1241 4467 1378 4552 enallage
1401 4490 1457 4552 pro
1471 4469 1546 4534 ἐνδο-
