3767 5534
902 718 964 778 aaa
1055 799 1059 808 Ι

750 917 903 996 οὶπήχθεπο
926 920 1001 980 πῐιοι
1024 916 1130 980 θεοῖσιν.

430 1035 473 1097 At
495 1041 599 1098 noster
621 1034 671 1096 hio
693 1032 817 1116 quidem
833 1032 887 1097 illa
903 1033 1004 1097 tristia
1019 1033 1105 1096 silet:
1124 1055 1226 1097 verum
1244 1034 1299 1099 Ist.
1316 1034 1381 1099 VII
1397 1038 1439 1099 63
1556 1006 1560 1013 ι

652 1150 722 1217 ὅτε
745 1152 873 1232 manuele
897 1152 993 1233 ἔρριψε
1015 1148 1160 1229 Ποέγοιοος

651 1271 796 1337 δεσπόταιν
818 1270 939 1335 ἐθέλοντ’
962 1273 991 1342 ἐς
1014 1272 1129 1350 οὐροινοῦ
1153 1271 1300 1348 saadutha

651 1390 751 1454 ἐλθεῖν.

431 1508 539 1571 Horat.
564 1508 599 1571 L.
624 1507 670 1570 IV
694 1506 753 1571 Od.
778 1505 826 1570 XI
850 1509 892 1568 26
969 1505 971 1510 ’

653 1625 844 1711 Exemplum>
859 1647 950 1710 grave
975 1625 1099 1710 praebet
1123 1627 1185 1690 ales

608 1744 743 1829 Pegasus
766 1752 920 1808 terrenum
945 1744 1080 1828 equitem
1105 1752 1247 1829 gravatus

788 1862 1067 1948 Bellerophontem.

480 1983 551 2045 131.
586 1979 635 2044 τὸν
658 1980 682 2043 δ’
704 1982 734 2045 εἰ
757 1981 921 2062 Οὐλύμπῳ.
969 1981 1096 2046 Hesiod.
1121 1981 1236 2067 Theog.
1263 1984 1327 2048 284
1357 2072 1360 2076 Ι

474 2101 520 2179 χώ
543 2100 597 2175 μὲν
619 2099 843 2175 οὶποπποίμειος,
868 2103 1012 2181 προλιπὼν
1035 2100 1127 2181 χθόνοι
1150 2101 1264 2180 antipa
1286 2100 1387 2177 μήλων
1440 2099 1442 2103 ’

445 2246 448 2249 ’
476 2213 545 2281 ἵκει)
569 2218 597 2287 ἐς
621 2215 791 2289 Mandanae·
815 2220 903 2294 Ζηνὸς
926 2218 953 2283 δ’·
973 2221 1002 2283 ἕν
1025 2220 1138 2298 δώμοοοι
1162 2220 1254 2296 uulsa,

476 2334 597 2411 βροντήν
619 2361 652 2400 πε
676 2339 815 2416 στεροπήν
838 2362 872 2401 τε
894 2337 989 2419 <pheos
1012 2337 1059 2402 Ari
1083 2338 1239 2416 μητιόεντι.

434 2454 527 2538 Apud
552 2456 700 2532 Aratum,
725 2453 840 2521 Phaeu.
866 2458 949 2534 205,
973 2455 1109 2541 Pegasus
1132 2456 1165 2519 iu
1189 2454 1277 2518 astris
1301 2460 1363 2517 est:

500 2572 571 2635 ἀλλ’
594 2572 652 2651 ripa
674 2573 699 2637 οἱ
721 2572 771 2636 aul
794 2574 878 2655 apua-l
902 2574 998 2656 πέλιορ
1022 2574 1206 2648 ε’πελήλοιποιι
1227 2573 1343 2643 Ἵππος.

363 2769 365 2773 ,
433 2688 545 2772 Ibique
575 2690 739 2754 scholiasta
771 2698 915 2769 annotat,
943 2714 1057 2777 equum
1080 2692 1230 2776 Pegasum
1254 2714 1319 2755 esse
1343 2710 1449 2755 conse·

434 2816 568 2884 oratum,
593 2807 641 2871 vel
664 2807 747 2891 quod
770 2809 803 2871 in
827 2809 915 2872 astris
939 2810 1090 2894 repositus
1114 2810 1172 2888 sit,
1198 2810 1244 2873 vel
1265 2808 1348 2893 quod
1364 2807 1447 2893 Nep·

433 2933 528 2988 t'unus
552 2924 641 2988 illum
658 2926 875 3009 proereaverit‚
893 2927 940 2991 vel
957 2927 1054 3011 quod,
1071 2928 1239 2992 seeundum
1255 2926 1442 3003 Hesiodum,
1534 2930 1538 2939 ’

434 3042 550 3106 fulmen
575 3050 606 3105 et
628 3044 747 3107 tonitru
770 3044 902 3122 nutriat,
926 3044 1037 3128 τρέφει.

483 3163 555 3224 131.
591 3160 718 3249 Φὸιτιιιι.
757 3162 900 3227 Refertur
919 3164 984 3233 hue
1007 3187 1025 3227 a
1049 3163 1220 3228 scholiastis
1245 3164 1333 3227 Arat.
1357 3162 1445 3227 Dios.

437 3281 517 3357 160,
542 3281 665 3345 σκέπτεο
687 3279 737 3344 aa}
761 3256 911 3361 φοὶπιήι.

483 3398 555 3459 133.
590 3396 660 3461 Jam
683 3397 846 3482 adipsum
871 3398 1013 3462 carminis
1038 3399 1230 3484 propositum
1253 3422 1285 3463 se
1307 3405 1447 3477 revocat,

437 3535 561 3597 prorsus
584 3514 724 3579 similiter
747 3522 840 3599 atque
863 3514 915 3579 Ol.
939 3515 975 3579 ΙΙ
1002 3519 1074 3581 160.
1102 3516 1225 3594 Ῥόμβος
1250 3517 1340 3580 etiam
1357 3517 1449 3581 turbo
1566 3529 1571 3538 '

437 3630 566 3707 dieitur,
595 3655 698 3696 verum
726 3633 776 3696 hio
800 3640 863 3711 est,
887 3641 923 3697 ut
947 3633 1057 3711 cred0,
1082 3635 1172 3714 ὅρμῆ,
1196 3634 1346 3719 impetus,
1370 3634 1451 3697 vola-

435 3755 501 3811 tus:
537 3749 621 3813 velut
652 3750 707 3813 Ist.
741 3749 788 3813 IV
818 3753 858 3813 80
883 3753 981 3815 ιοῖεποῦ
1004 3751 1129 3831 ῥόμβοις
1153 3752 1328 3836 praesertim
1353 3744 1451 3836 quum

435 3866 566 3930 addatur
592 3868 682 3939 audrie.
730 3866 863 3952 Negatio
885 3871 916 3932 οὑ
941 3875 1063 3932 tantum
1087 3869 1125 3932 ad
1149 3870 1357 3949 ausarensis
1381 3892 1451 3954 per-

434 3983 528 4061 tinet,
552 4006 614 4047 uou
642 3985 680 4047 ad
703 3985 820 4066 ῥόμβοι.

482 4103 554 4165 135.
589 4102 685 4179 (idaea
719 4105 877 4183 κοιρπύιειι.
925 4102 1061 4187 Regere,
1094 4102 1243 4186 dirigere,
1277 4103 1449 4168 collineare.

346 4240 351 4259 ·
434 4221 585 4286 Convenit
609 4244 734 4307 prorsus
758 4224 902 4309 Ulysses,
933 4224 1016 4309 apud
1041 4223 1140 4308 Soph.¹
1159 4224 1240 4287 Phil.
1269 4226 1372 4301 1059,
1397 4223 1452 4288 ubi

439 4347 542 4404 tamen
565 4342 718 4424 genitivus
743 4342 885 4420 additur,
917 4342 1108 4406 Philoctetae
1132 4363 1237 4406 areum
1264 4342 1451 4426 sagittasque

438 4457 570 4536 habens,
593 4459 695 4545 ipsum
719 4467 822 4525 autem
845 4460 946 4524 valere
966 4460 1098 4545 jubens:
