3767 5534
912 715 976 775 549

527 915 639 989 ταύτης
663 938 705 979 τον
728 925 830 992 γενεῆς
854 915 960 980 τεκαὶ
984 913 1110 995 αἵματος
1134 916 1263 998 εὔχομαι
1288 914 1368 985 εἶναι.

438 1031 479 1095 Et
505 1031 639 1096 dixerat:
665 1033 765 1098 πολλοὶ
791 1032 894 1110 δέμον
917 1034 1014 1113 ἄνδρες
1037 1033 1149 1117 locoru,
1177 1038 1251 1099 151.

484 1152 536 1214 86.
571 1148 659 1215 ἄστεϊ
679 1149 831 1229 Πειράνας.
867 1150 999 1215 Pirenen
1023 1151 1253 1217 celeberrimum
1276 1153 1370 1217 fnisse
1394 1152 1454 1217 Oo-

437 1265 533 1331 rinthi
555 1267 671 1332 fontem
691 1275 800 1332 notum
815 1276 876 1332 est:
893 1268 1019 1332 fuerunt
1036 1269 1089 1352 qui
1106 1268 1243 1334 dicerent
1259 1271 1324 1356 ejus
1340 1293 1451 1355 aquam

436 1385 528 1449 fuisse
560 1385 663 1463 illam,
696 1408 788 1470 quam
820 1386 857 1449 ab
891 1388 996 1472 Asopo
1027 1385 1177 1472 Sisyphus
1206 1388 1372 1473 accepisset
1395 1410 1450 1473 pro

434 1502 540 1567 indicii
564 1502 713 1589 praemio:
739 1502 830 1568 Paus.
854 1502 890 1566 L.
915 1501 1010 1569 110.
1036 1503 1064 1565 V
1090 1506 1119 1568 1.

481 1624 533 1686 87.
572 1622 675 1697 βαθὺν.
712 1620 762 1685 Ol.
798 1620 864 1685 VII
899 1624 939 1687 et
978 1621 1059 1693 uror
1095 1621 1192 1699 βαθύν
1229 1622 1259 1687 Χ
1296 1625 1336 1687 10
1371 1623 1450 1701 βαθὺ

433 1742 527 1821 χρέος.
575 1740 643 1804 Hoc
676 1740 744 1804 loco
780 1741 943 1825 significari
979 1740 1103 1804 videtur
1137 1741 1250 1804 fundus
1287 1740 1386 1819 dives,
1421 1747 1451 1805 et

435 1859 555 1942 proprie
586 1859 629 1936 is,
661 1859 715 1942 qui
743 1866 867 1944 propter
890 1858 1085 1933 altitudinem
1108 1858 1227 1922 radices
1251 1858 1375 1943 frugum
1400 1858 1451 1922 ad·
1539 1860 1541 1863 ⁴

433 1975 537 2038 mittat
559 1989 589 2038 et
612 1974 757 2038 alimenta
780 1975 899 2039 habeat.
940 1974 1029 2039 Gonf.
1055 1976 1164 2039 Aesch.
1191 1975 1222 2039 S.
1249 1997 1274 2039 c.
1299 1974 1357 2039 Th.
1381 1978 1447 2039 306

434 2093 490 2155 ταν
505 2091 665 2171 βαθύχθον’
689 2088 768 2157 αἶαν.

480 2212 532 2272 89.
567 2210 699 2291 ὀφιώδεος
722 2210 779 2274 υἱὸν
802 2208 937 2288 Γοργόνος
960 2209 1114 2285 Πάγασον.
1152 2208 1308 2273 Hesiodus
1331 2209 1368 2273 de
1385 2209 1450 2274 Me-

435 2325 529 2403 dusa,
553 2326 669 2411 Theog.
695 2330 759 2389 280
1009 2318 1012 2323 ¹

521 2453 575 2519 τῆς
598 2443 622 2508 δ’
645 2445 693 2509 ὅτε
716 2445 749 2518 δὴ
771 2446 896 2522 Περσεὺς
921 2446 1058 2527 κεφαλὴν
1082 2445 1359 2525 ἀπεδειροτόμησεν,

523 2562 615 2642 ἔκθορε
642 2561 777 2642 Χρυσαωρ
800 2586 834 2625 τε
856 2561 957 2638 μέγας
980 2560 1030 2625 καὶ
1052 2560 1193 2638 Πήγασος
1217 2558 1314 2635 ἵππος.

480 2682 531 2743 99.
566 2680 781 2760 χρυσάμπυκα.
817 2678 918 2743 Schol.
954 2686 1011 2743 vet.
1043 2679 1081 2743 ad
1111 2679 1161 2743 01.
1192 2679 1221 2741 V
1255 2683 1312 2743 15:
1338 2679 1446 2758 ἄμπνξ

432 2798 595 2877 γαρ-κατα
618 2785 788 2869 Θετταλοὺς
812 2800 826 2862 ὁ
849 2799 986 2878 χαλινός.

479 2918 530 2979 96.
567 2915 693 2981 Alcathoi
712 2916 849 2993 βασιλεῦ.
887 2916 1017 3000 Propter
1034 2915 1165 2979 Aeolum
1182 2924 1298 3000 patrem
1315 2915 1448 3001 Sisyphi.

479 3037 531 3099 97.
566 3036 687 3115 φίλτρον
705 3032 827 3099 ἵππειον.
863 3032 956 3097 Haud
973 3033 1094 3098 inficeto
1110 3032 1169 3097 hoc
1187 3033 1357 3098 Scholiasta
1373 3034 1449 3099 dicit

435 3151 594 3232 crxpdrsccu
630 3162 667 3234 τῇ
705 3158 874 3235 μεταφορᾷ.
920 3150 1141 3215 Verumtamen
1180 3152 1305 3216 omnino
1343 3153 1448 3216 mitem

435 3291 587 3360 suumque
610 3270 681 3333 fecit
705 3270 790 3333 freno
813 3268 869 3332 illo
892 3268 1148 3354 Bellerophontes
1171 3268 1337 3353 Pegasum,
1357 3276 1449 3352 atque

438 3388 529 3451 etiam
556 3410 590 3450 vs
616 3390 676 3449 121
702 3388 735 3451 id
759 3387 931 3473 appellatur
954 3386 1111 3470 φάρμακον
1135 3387 1223 3466 πραΰ.

483 3508 536 3571 98.
572 3506 700 3586 Δαμαίῳ
731 3507 829 3587 πατρί.
866 3505 985 3569 Pendet
1017 3504 1138 3568 dativus
1170 3512 1200 3569 et
1231 3525 1249 3568 a
1278 3506 1348 3570 θύων
1376 3512 1449 3569 eta

437 3622 534 3699 δεῖξον.
570 3623 739 3709 Epitheton
763 3630 865 3687 autem
886 3622 1028 3708 Neptuni
1046 3630 1182 3707 apertam
1198 3623 1291 3688 habet
1308 3623 1346 3687 ab
1365 3624 1451 3707 equis

436 3740 595 3804 domandis
627 3740 900 3825 significationem,
924 3740 986 3804 'sed
1020 3761 1083 3803 non
1107 3740 1167 3803 alio
1191 3740 1276 3816 loco,
1301 3746 1451 3823 quantum
1473 3793 1475 3799 ,

435 3860 516 3937 scio,
552 3860 711 3943 reperitur.
759 3857 903 3922 Ceterum
937 3858 1129 3922 Scholiastae
1159 3857 1284 3935 dicunt,
1316 3856 1451 3920 Bellero-

435 3978 572 4062 phonten
603 3978 697 4044 fuisse
725 3977 864 4041 habitum
887 3977 986 4042 filium
1010 3976 1136 4054 Glauci,
1162 3976 1316 4059 quomodo
1332 3975 1450 4046 Hercu-

427 4095 494 4161 lem
518 4096 768 4180 Amphitryonis,
792 4096 845 4159 sed
865 4117 969 4158 revere
991 4095 1086 4158 fuisse
1102 4093 1251 4179 Neptuni.
1288 4094 1446 4178 Hyginus,

434 4211 507 4276 Pab.
535 4215 614 4290 157,
638 4213 727 4277 illum
742 4209 886 4297 'appellat
909 4212 1009 4276 filium
1032 4210 1173 4296 Neptuni
1197 4218 1227 4276 et
1246 4211 1446 4295 Eurynomes.

434 4328 500 4397 Neo
523 4330 643 4394 eliade
667 4352 701 4393 ca
727 4353 774 4408 re,
799 4337 951 4421 quantum
977 4329 1058 4406 scio,
1083 4335 1182 4392 exstat
1204 4329 1357 4393 memoria.
1404 4329 1447 4391 At

433 4446 597 4525 Medusae,
622 4447 790 4512 secundum
814 4445 943 4524 Hesiod.
969 4446 1087 4531 Theog.
1112 4448 1195 4524 278,
