3767 5534
855 1002 930 1083 qt.

719 1241 765 1303 De
787 1242 917 1303 Deorum
940 1240 1068 1303 aredio.

429 1479 565 1541 Deorum
580 1478 714 1541 maxima
725 1479 878 1563 longeque
890 1478 928 1543 ab
940 1478 1119 1542 hominibus
1131 1477 1251 1541 diversa
1263 1475 1401 1560 potentia
1442 1522 1445 1527 .

371 1579 447 1660 'non
471 1604 572 1660 tamen
596 1596 733 1660 timenda
756 1597 857 1660 solum
880 1605 926 1661 est
950 1606 981 1661 et
1004 1597 1213 1661 contemnenti
1237 1593 1399 1669 terribilis,

386 1739 490 1779 verum
524 1714 629 1779 cadem
660 1714 800 1779 adoranti
832 1739 976 1801 praesens
1004 1725 1036 1780 et
1059 1716 1202 1801 propitia
1248 1711 1401 1798 Apollinis

387 1856 521 1898 amorem
550 1843 712 1918 aspernata
741 1833 871 1898 Coronis
901 1842 1031 1899 mortem
1058 1836 1192 1899 invenit:
1210 1835 1233 1915 Ι)
1256 1831 1400 1895 dilectum

385 1954 531 2039 Pelopem
562 1963 593 2018 et
619 1955 668 2039 pie
693 1963 849 2040 precatum
872 1954 1042 2040 Neptunus
1066 1954 1197 2019 adduxit
1221 1952 1260 2016 ad
1283 1949 1403 2015 victori·

387 2073 483 2155 amst)
528 2072 567 2136 In
597 2074 664 2157 ipsa
693 2073 874 2158 Amphiarai
904 2082 1003 2138 morte
1032 2074 1174 2158 Jupiter,
1207 2092 1302 2155 qnnm
1333 2090 1402 2132 eum

386 2191 544 2268 obrueret,
565 2191 622 2255 hoc
643 2192 751 2255 mortis
771 2215 881 2276 genere
900 2216 972 2257 eum
992 2193 1103 2257 maluit
1122 2214 1215 2276 quam
1236 2190 1404 2273 fugientem

388 2309 495 2373 hostili
517 2309 606 2373 hasta
627 2311 775 2388 interfici,
799 2321 835 2375 nt
859 2314 887 2375 ei
909 2313 977 2376 laus
1001 2312 1162 2395 honosque
1185 2317 1330 2374 maneret.
1343 2308 1367 2390 8)

433 2428 492 2492 Sed
524 2431 785 2515 praestantissima
815 2432 847 2495 in
879 2432 937 2496 hoc
965 2455 1074 2518 genere
1098 2440 1145 2495 est
1168 2431 1206 2495 de
1227 2430 1318 2493 «lamo
1339 2449 1406 2490 nar-

390 2547 478 2611 ratio.
513 2547 552 2611 In
576 2548 747 2613 Arcadibus
771 2550 854 2635 apud
877 2553 1035 2636 Aepytnm
1055 2550 1186 2614 educata
1204 2526 1330 2611 Eiadne
1349 2544 1406 2609 snb

390 2665 534 2749 Apolline
565 2667 699 2751 primum
729 2667 851 2733 dulcem
874 2669 1011 2753 gnstavit
1035 2690 1178 2733 amorem.
1226 2665 1293 2731 Nec
1315 2665 1407 2729 latuit

389 2793 537 2870 perpetuo
557 2786 711 2870 Aepytnm
732 2786 834 2851 celans
851 2788 911 2851 Dei
926 2789 1062 2873 prolem:
1080 2810 1187 2857 verum
1203 2787 1254 2851 hic
1269 2806 1407 2870 premens

361 2906 464 2970 ‘iram
495 2914 617 2992 pectore
647 2906 819 2991 Pythonem
851 2907 927 2971 abiit
963 2915 1129 2991 rogaturus
1157 2906 1195 2972 de
1219 2906 1277 2970 hoc
1300 2904 1409 2969 intole-

389 3025 486 3089 rando
515 3025 650 3109 negotio.
697 3024 758 3089 Illa
790 3047 862 3090 vero
894 3027 952 3091 sub
976 3026 1108 3091 obscuro
1131 3026 1268 3110 virgulto
1292 3022 1410 3109 peperit

391 3143 531 3208 divinum
561 3166 707 3228 puerum:
739 3145 914 3209 conciliavit
946 3147 973 3209 ei
1006 3146 1120 3231 Apollo
1149 3144 1355 3209 llleuthonem
1379 3149 1410 3206 et

391 3263 501 3327 Parcas
525 3271 561 3326 ut
584 3261 741 3327 adstarent
763 3264 931 3348 propitiae:
957 3264 1072 3348 prodiit
1094 3287 1132 3328 ex
1151 3263 1275 3328 amabili
1294 3260 1410 3341 gremio

393 3404 463 3444 mox
484 3381 592 3445 Jamus
615 3381 648 3445 in
667 3382 778 3446 lucem.
814 3381 954 3447 Sollicita
977 3405 1047 3447 eum
1070 3383 1198 3467 reliquit
1218 3380 1315 3445 humi.
1351 3378 1410 3442 Sed

392 3499 455 3563 dno
479 3500 611 3564 caerulei
634 3523 705 3564 enm
729 3501 888 3565 voluntate
913 3502 1051 3566 Deorum
1072 3524 1142 3565 cum
1162 3522 1236 3565 eura
1255 3498 1411 3563 nutrivere

392 3628 546 3705 serpentes
570 3620 673 3705 apium
700 3622 867 3705 praestanti
890 3621 1019 3705 liquore.
1067 3621 1133 3685 Rex
1158 3642 1228 3684 vero
1249 3625 1411 3705 postquam

393 3738 534 3823 Pythone
556 3739 663 3816 rediit,
684 3762 789 3803 omnes
808 3739 891 3804 domi
911 3740 949 3805 de
969 3762 1065 3825 puero
1085 3738 1298 3823 interrogavit,
1321 3758 1411 3821 quem

392 3857 559 3942 peperisset
591 3857 734 3922 Euadne:
766 3858 885 3924 Phoebi
912 3860 1090 3923 enimcum
1114 3882 1179 3922 esse
1202 3858 1340 3934 dicebat,
1364 3877 1413 3918 sn-

395 3998 509 4061 praque
533 3977 675 4040 mortales
699 3985 905 4062 praestantem
929 3987 1028 4043 vatem
1051 3979 1193 4042 futurum
1216 3975 1407 4049 hominibus,

395 4115 494 4177 neque
523 4116 670 4178 umquam
694 4096 810 4181 prolem
838 4096 1023 4160 defuturam.
1072 4096 1121 4159 Sic
1145 4094 1312 4159 nunciavit.
1361 4090 1413 4155 Illi

395 4234 495 4296 neque
527 4213 679 4277 audivisse
710 4237 742 4278 se
774 4237 830 4278 nec
854 4214 964 4277 vidisse
988 4214 1148 4291 dixerunt,
1173 4222 1281 4277 natum
1304 4212 1413 4296 quinto

395 4330 507 4395 abhinc
542 4331 601 4395 die.
641 4331 757 4397 Verum
793 4333 875 4397 enim
910 4332 1050 4397 occultus
1082 4340 1147 4396 erat
1177 4333 1209 4396 in
1241 4331 1351 4395 frutice
1384 4337 1415 4393 et

434 4584 460 4645 1)
477 4581 548 4633 Coni-
563 4599 620 4649 Μ.
637 4582 678 4633 20.
745 4583 770 4645 2)
788 4581 860 4632 conf.
872 4598 931 4647 pap.
951 4583 990 4631 11.
1057 4581 1082 4643 3)
1100 4581 1171 4630 (lons.
1184 4597 1241 4645 pap.
1260 4581 1299 4628 18.
