3767 5534
918 702 920 705 Α
976 710 1040 771 362

499 908 607 991 juncta
629 932 699 973 cnm
723 908 872 974 desiderio
896 919 925 974 et
949 911 1110 994 cupidine,
1143 934 1203 995 qua
1227 917 1390 975 certatores
1415 910 1510 972 victo·

502 1026 577 1090 riam
600 1036 785 1113 expeterent.
813 1029 928 1093 Verum
952 1038 997 1093 est
1019 1031 1177 1115 epitheton
1201 1030 1412 1107 amoenitatis,
1437 1051 1513 1114 quo·

503 1146 606 1230 modo,
619 1146 770 1212 Homerus
795 1150 920 1229 Σχερίην
942 1151 1101 1227 ἐροιτεινίιν,
1127 1148 1185 1213 oo.
1200 1147 1264 1213 VII
1286 1151 1339 1225 97,
1357 1154 1389 1212 et
1400 1147 1515 1211 similia

378 1343 382 1353 Ι
505 1266 689 1351 saepissime.

469 1408 471 1413 ·
548 1388 600 1450 23.
634 1386 731 1451 ἀείδει.
768 1386 851 1450 Dicit
881 1386 1052 1451 Scholiasta
1084 1395 1187 1463 vetus,
1218 1387 1249 1451 in
1272 1387 1344 1451 fano
1366 1386 1422 1450 illo
1445 1385 1515 1449 Pal·

504 1504 581 1569 ladis
605 1505 729 1569 solitum
752 1505 845 1569 fnisse
869 1505 981 1569 festum
1005 1516 1128 1590 propter
1144 1506 1301 1570 victoriam
1318 1505 1366 1590 agi
1383 1511 1413 1568 et
1429 1504 1516 1588 hym·

504 1648 577 1688 num
597 1624 678 1687 cani:
700 1647 756 1688 nec
776 1624 866 1688 credo
885 1631 1008 1708 propter
1029 1625 1120 1688 aliam
1140 1646 1262 1688 causam
1281 1624 1340 1688 hoc
1359 1624 1402 1687 ita
1420 1623 1515 1707 scrip-

503 1750 571 1807 tum
591 1766 669 1820 esse,
690 1743 749 1807 nisi
769 1742 852 1827 quod
872 1742 1014 1807 hocloco
1033 1743 1185 1808 Pindarus
1204 1743 1298 1820 dicat,
1316 1741 1515 1807 Psaumidem

503 1870 594 1925 cantu
627 1862 777 1927 celebrare
807 1862 911 1926 lucum
941 1862 1047 1926 illum:
1073 1862 1157 1926 haud
1179 1863 1312 1926 multum
1336 1859 1516 1944 hujusmodi

504 1983 736 2048 scholiastarum
766 1983 950 2046 testimoniis
981 1983 1100 2054 tribuo:
1130 1981 1214 2045 haud
1237 2004 1308 2045 sane
1333 1978 1516 2064 quotidiana

504 2102 650 2187 quaedam
683 2101 888 2166 Camariuaeis
919 2102 981 2166 fuit
1003 2103 1130 2166 victoria
1152 2100 1331 2186 Olympica,
1354 2121 1410 2163 nec
1434 2105 1516 2164 certe

504 2222 663 2305 quibusvis
686 2221 853 2286 victoribus
875 2221 1038 2285 Poetarum
1055 2221 1215 2306 praeconia
1230 2219 1417 2304 obtigerunt.
1443 2216 1516 2283 Orn-

504 2342 577 2406 nino
608 2364 624 2405 e
655 2341 753 2405 verbis
784 2340 909 2404 Pindari
942 2363 1004 2404 non
1028 2347 1171 2425 apparet,
1196 2339 1254 2403 hoc
1278 2361 1368 2403 suum
1392 2359 1514 2402 carmen

505 2468 571 2523 tum
589 2461 621 2523 in
640 2459 711 2523 luco
730 2458 865 2523 Palladis
882 2458 1080 2523 Camarinaeo
1096 2466 1251 2523 cantatum
1263 2458 1373 2521 luisse.
1399 2455 1514 2521 Verum

503 2578 591 2642 facile
614 2577 813 2661 intelligitur,
839 2578 997 2653 victorem,
1023 2584 1110 2641 tanta
1132 2576 1222 2640 laude
1247 2583 1346 2661 parta,
1370 2583 1401 2639 et
1419 2573 1515 2659 Nym·

505 2697 596 2782 pham
631 2696 819 2761 Camerinam
855 2709 886 2760 et
919 2696 1075 2774 Palladem
1111 2696 1226 2780 patriae
1257 2694 1437 2759 Praesidem
1464 2694 1515 2778 pia

504 2816 725 2900 supplicatione
757 2823 788 2879 et
817 2815 923 2899 gratiis
954 2813 1079 2897 agendis
1111 2814 1268 2878 adorasse:
1305 2811 1515 2876 adorationem

503 2942 604 2997 autem
635 2933 770 2997 Deorum
802 2933 885 3018 apud
917 2932 1049 2996 Graecos
1079 2932 1208 2995 maxime
1236 2952 1306 2995 cum
1329 2937 1422 2993 cantu
1445 2950 1515 2994 con·

500 3054 639 3138 junctam
659 3053 765 3129 luisse,
786 3062 872 3116 etex
893 3050 1032 3135 plurimis
1054 3050 1245 3114 documentis
1266 3050 1375 3133 etjam
1395 3070 1432 3111 ex
1451 3046 1516 3111 Ho-
1599 3070 1602 3074 ·

503 3195 586 3239 mero
609 3171 809 3255 intelligitur,
834 3170 889 3235 ubi
906 3170 940 3233 in
960 3168 1150 3234 conciliando
1170 3168 1330 3253 Apolline,
1354 3166 1393 3230 Il.
1414 3166 1512 3233 1472

592 3292 616 3355 ol
638 3290 667 3354 δὲ
690 3288 856 3369 πανημέριοι
879 3297 980 3368 μολπῇ
1004 3285 1063 3352 θεὸν
1087 3286 1239 3351 ἱλάσκοντο

592 3408 682 3473 καλὸν
704 3408 846 3479 &edorres
870 3407 994 3481 ποιιήοννι
1016 3412 1103 3485 κοῦροι
1127 3408 1258 3485 Ἀχνιιῶν

593 3527 753 3603 μέλποντες
776 3525 949 3607 Ἑκάεργον,
974 3524 986 3589 ὃ
1010 3525 1039 3589 δὲ
1061 3524 1154 3606 Φρένοι
1176 3523 1291 3604 τέρπετ’
1313 3522 1432 3588 ἀκούων.

505 3647 609 3731 Atque
633 3652 751 3730 praeter
773 3644 908 3708 Palladis
931 3645 1036 3708 lucum
1061 3643 1172 3707 diserte
1196 3642 1272 3706 dicit
1286 3641 1397 3718 Poeta,
1419 3640 1515 3704 Psan-

503 3765 616 3829 midem
639 3786 746 3829 canere
769 3763 861 3827 etiam
885 3763 1014 3827 fluvium
1038 3760 1162 3825 Oanum
1187 3768 1217 3824 et
1239 3759 1389 3823 Paludem
1406 3758 1514 3822 Gama-

505 3885 602 3949 riuam
633 3884 775 3966 rivosque
809 3881 999 3965 Hipparidis
1046 3879 1129 3964 Ergo
1160 3880 1204 3944 sic
1236 3878 1360 3943 omnino
1391 3884 1514 3952 statuo,

505 4002 700 4066 Psaumidem
727 4009 757 4065 et
780 4000 938 4063 Palladem
962 4009 992 4063 et
1016 4021 1165 4084 aquarum
1188 3997 1325 4061 Numina
1349 3995 1418 4060 urbi
1442 4017 1515 4058 suae

505 4121 709 4207 adjacentium
733 4119 904 4183 illustrasse
927 4118 993 4203 ipsa
1016 4116 1145 4181 victoria
1167 4138 1222 4180 sua
1245 4124 1276 4179 et
1299 4113 1394 4199 gratis
1418 4113 1517 4177 dulci·

509 4240 628 4324 busque
662 4237 890 4303 laudationibus
923 4243 954 4300 et
985 4234 1125 4300 cantibus
1157 4233 1340 4297 honorasse:
1372 4230 1466 4315 idque
1498 4253 1517 4295 a

509 4359 642 4424 Pindaro
674 4379 848 4442 expressum
880 4377 961 4432 esse,
997 4354 1117 4438 pictatis
1145 4351 1317 4417 Pscumidis
1340 4350 1515 4415 laudandae

510 4501 617 4556 causa,
642 4485 672 4541 et
695 4483 819 4564 propter
836 4498 926 4539 sunm
944 4497 1015 4560 erga
1030 4472 1223 4539 Pscumidem
1240 4472 1366 4560 ejusque
1382 4469 1512 4557 patriam
