3767 5534
906 759 970 821 875

438 956 548 1034 κίονας,
580 947 764 1044 coigitatione
787 960 874 1042 qnasi
898 959 1047 1043 repetitur
1070 982 1138 1025 cum
1163 960 1281 1045 objecto
1304 961 1439 1042 μέγαρον.

435 1075 528 1140 Plane
554 1078 693 1142 similiter
716 1078 769 1163 Py.
795 1078 841 1141 XI
866 1080 904 1140 61

656 1198 705 1261 Ml
727 1222 770 1267 πος
793 1195 898 1275 ἀνεραος
921 1196 976 1273 ἔξω
1000 1199 1088 1263 πλόου

651 1317 788 1395 ”Edam
809 1320 846 1389 ὡς
869 1316 910 1383 ἀπ’
933 1317 1043 1383 ἀκαπον
1065 1320 1204 1385 εἰναλίαν.

435 1433 530 1497 Plena
551 1436 649 1498 oratio
672 1443 717 1499 est
740 1435 821 1520 apud
847 1436 1017 1501 Hesiodum
1039 1436 1086 1501 Sc.
1112 1436 1153 1501 H.
1180 1441 1242 1500 421

519 1552 626 1633 Ἤρνπε
648 1551 672 1617 θ’
694 1556 730 1625 ὡς
753 1552 801 1618 ἀπε
823 1580 867 1625 τις
889 1555 953 1636 δρῦς
978 1556 1073 1635 ἤριπεν
1096 1555 1113 1629 ἢ
1137 1552 1185 1621 ὅτε
1207 1555 1305 1635 πέτρη.

435 1668 577 1735 Ceterum
603 1673 744 1736 convenit
767 1673 950 1758 Euripides,
975 1673 1051 1738 Hec.
1076 1676 1139 1737 395

611 1793 695 1856 ὁποῖα
717 1792 813 1865 κισσὸς
836 1793 913 1874 δρυὸς
936 1790 1011 1864 ὅπως
1034 1792 1113 1867 τῆςδ’
1135 1791 1246 1871 ἕξομαι.

435 1909 475 1973 Ilt
498 1910 607 1974 Troad.
635 1913 694 1975 147

572 2026 576 2039 ’
655 2028 752 2110 μάπνρ
775 2030 799 2093 δ’
822 2029 857 2100 ὥς
880 2054 924 2101 τις
948 2037 1065 2101 πτανοῖς
1088 2029 1232 2106 mayolo

654 2147 751 2229 ὄρνισιν
775 2147 850 2219 ὅπως
874 2145 982 2224 ἐξάρὲο
1008 2145 1060 2224 ’γὼ

653 2265 782 2344 ροολπάν.

364 2423 373 2438 -
434 2382 511 2448 Cum
535 2385 684 2448 sententia
707 2385 746 2448 cf.
771 2383 890 2462 Cicero,
915 2383 969 2448 Or.
994 2382 1070 2447 XV:
1095 2382 1187 2461 „Jam
1212 2405 1346 2460 verosa,
1364 2404 1440 2466 quae

433 2505 556 2587 (orator)
586 2503 753 2580 invenerit,
788 2524 849 2586 qua
878 2502 1039 2586 diligentia
1068 2500 1252 2566 collocabit?
1279 2498 1439 2564 Vestibula

432 2622 576 2685 nimirum
608 2621 734 2685 honesta
765 2621 927 2704 aditusque
955 2621 993 2684 ad
1016 2642 1138 2684 causam
1161 2620 1251 2684 faciet
1272 2618 1438 2683 illustres.’'

432 2740 473 2803 Et
496 2740 697 2819 Plutarchus,
721 2741 782 2804 Sol.
807 2739 952 2817 XXXII,
976 2741 1139 2824 respiciens
1163 2739 1201 2805 ad
1218 2739 1374 2804 exordium
1390 2738 1439 2803 'lli-

374 2889 377 2900 ·
431 2859 511 2922 maci
540 2858 676 2923 Platonis
710 2859 746 2922 de
777 2859 935 2923 Atlantide
966 2859 1136 2923 secundum
1166 2858 1307 2923 Solonem
1340 2865 1371 2923 et
1399 2858 1438 2923 ad

379 3059 382 3064 γ
431 2977 565 3062 ejusdem
589 2976 731 3043 Critiam:
755 2979 878 3059 πρθθυρα
899 2979 953 3050 μὲν
975 2978 1102 3057 perdta
1124 2979 1173 3043 καὶ
1196 2978 1365 3057 περιβόλους
1385 2979 1434 3044 καὶ

431 3098 526 3168 αὐλάς
549 3106 586 3178 τῇ
608 3098 687 3176 ἀρχῇ
710 3098 877 3176 περιέθηκεν.

475 3216 578 3283 Κίονας
602 3215 660 3278 hoc
683 3215 750 3279 loco
773 3215 918 3278 feminino
942 3236 1051 3298 genere
1074 3205 1147 3299 poni
1159 3221 1263 3279 monet
1276 3213 1438 3278 scholiasta

430 3341 535 3412 vetus,
559 3341 595 3397 ut
618 3335 709 3398 etiam
732 3334 769 3399 ab
793 3334 927 3398 Homero
952 3332 1012 3397 Od.
1036 3332 1054 3397 I
1078 3335 1118 3397 52

694 3452 758 3532 ἔχει
781 3452 810 3517 δέ
831 3478 865 3517 τε
888 3453 983 3524 κίονας
1008 3451 1095 3523 αὐτὸς

496 3571 630 3652 μακρὰς,
655 3567 802 3648 alyatte
825 3573 928 3635 τεκαὶ
952 3570 1064 3652 οὐρανὸν
1088 3568 1186 3650 ἀμφὶς
1210 3569 1337 3648 ἔχουσιν.

429 3688 488 3753 Sed
519 3690 639 3775 saepius
668 3699 712 3754 est
735 3691 817 3775 apud
841 3689 1008 3754 Homerum
1032 3690 1194 3754 feminino:
1219 3696 1320 3753 tamen
1344 3688 1435 3752 ctiam

372 3815 395 3876 s
429 3808 614 3886 masculino,
639 3808 724 3873 velut
746 3808 805 3873 Od.
830 3808 912 3872 VIII
937 3812 978 3871 66
1002 3808 1069 3887 πρὸς
1093 3808 1173 3873 κίονα
1192 3808 1298 3887 μακρὸν
1312 3808 1432 3897 ἕρεθοας.

430 3926 522 4011 Apud
553 3925 720 3991 Pindarum
755 3936 800 3991 est
827 3928 1006 3992 femininum
1030 3927 1080 3991 Ol.
1104 3926 1187 3990 VIII
1210 3928 1252 3989 36
1276 3925 1355 3989 κίονα
1377 3925 1436 3989 δαν-

429 4047 546 4121 μονίανε
571 4046 623 4129 Py.
649 4046 666 4109 I
689 4050 731 4110 36
754 4049 833 4112 κίονα
859 4050 1006 4127 οὐρανίανε
1031 4047 1085 4131 Py.
1109 4046 1156 4109 IV
1180 4048 1242 4112 475
1267 4047 1357 4124 θρθαῖς
1380 4042 1435 4107 md-
1501 4080 1503 4084 <

429 4190 524 4229 νεοσιε
556 4174 586 4228 et
609 4165 698 4230 Nem.
724 4166 776 4229 III
799 4170 841 4230 36
865 4167 961 4231 κιόνων
984 4167 1154 4248 Ἡρακλέος,
1179 4163 1247 4244 ἥρως
1270 4161 1306 4235 ἀς
1329 4164 1434 4237 ἔθηκεν.

429 4282 585 4348 Incertum
607 4306 704 4368 genus
728 4294 773 4348 est
797 4284 847 4348 Ol.
871 4284 906 4348 II
932 4287 994 4347 146
1018 4282 1141 4364 ἄμαχον
1162 4282 1301 4363 ἀστραβῆ
1323 4283 1411 4345 κίονα.

475 4405 505 4464 4.
538 4402 698 4482 ἀρχομένου
718 4401 741 4467 θ’
757 4403 849 4481 ἔργου.
882 4402 1058 4467 Boeckhius
1075 4401 1198 4465 verbnm
1215 4399 1436 4485 significatione

430 4520 530 4585 media
562 4522 696 4605 positum
730 4529 836 4607 putat,
871 4533 908 4587 ut
937 4521 1099 4602 ἀρχομένου
1126 4518 1216 4599 θέρους
1248 4525 1278 4581 et
1308 4516 1434 4583 similia:
