3767 5534
910 774 974 835 tat
1088 814 1092 822 ·

433 974 534 1039 denno
562 974 657 1038 Poeta
679 972 885 1038 narrationem
910 971 947 1035 de
972 974 1078 1056 primis
1102 974 1178 1058 ipsis
1202 974 1305 1039 Rhodi
1327 975 1454 1060 origini·

432 1092 505 1171 bus,
531 1114 624 1175 quam
647 1091 813 1155 institurus
838 1099 885 1154 est
909 1114 941 1153 vs
962 1093 1034 1155 100.
1071 1090 1159 1156 Conf.
1178 1116 1257 1178 quae
1273 1093 1453 1158 monuimus

354 1272 356 1276 .
432 1211 470 1275 ad
494 1234 528 1274 vs
552 1212 605 1274 36.
653 1208 721 1273 Illis
745 1216 849 1273 autem
872 1208 925 1272 Sol
949 1210 1063 1287 suasit,
1088 1216 1124 1274 ut
1148 1211 1348 1276 observarent
1368 1212 1452 1277 futu·

432 1351 502 1394 rum
532 1327 683 1405 officium,
715 1327 871 1392 Minervae
901 1328 1136 1413 praestandum:
1170 1339 1217 1394 est
1248 1332 1330 1395 enim
1363 1332 1448 1412 χρέος

433 1447 591 1524 debitum,
616 1445 701 1511 velut
724 1443 775 1509 01.
798 1444 852 1507 ΙΙΙ
878 1447 928 1509 12.
965 1443 1058 1525 Quod
1082 1446 1161 1510 illud
1185 1447 1324 1512 debitum
1340 1448 1449 1525 fuerit,

434 1589 525 1653 porro
548 1551 730 1652 exponitur,
758 1572 792 1628 ut
815 1586 868 1628 ara
891 1565 1098 1629 consecranda
1122 1568 1278 1654 sacrisque
1301 1568 1450 1633 faciendis

434 1694 466 1751 et
495 1685 567 1751 Jovi
600 1694 630 1749 et
661 1684 819 1748 Minervae
851 1683 1033 1769 praeberent
1056 1684 1179 1768 gandia.
1225 1684 1341 1751 Narrat
1364 1696 1450 1751 vetus

434 1805 615 1882 scholiasta,
653 1803 736 1889 apud
771 1802 841 1865 illos
877 1802 1087 1867 habitaturam
1120 1804 1215 1869 fuisse
1247 1804 1362 1885 Deam,
1395 1806 1448 1891 qui

432 1924 523 2010 primi
548 1924 577 1988 ei
601 1944 687 1987 sacra
709 1921 870 1985 fecissent:
896 1922 1049 1985 exstitisse
1073 1930 1176 1987 autem
1199 1923 1238 1988 de
1262 1946 1296 1988 ea
1319 1948 1352 1989 re
1373 1925 1450 1989 inter

437 2042 575 2106 Rhodios
597 2050 628 2106 et
645 2041 849 2105 Athenienses
862 2040 1108 2105 aemulationem.
1134 2040 1303 2127 Quumque
1315 2044 1348 2107 in
1360 2044 1451 2108 saeris

433 2160 624 2225 Rhodiorum
659 2158 740 2244 ignis
775 2157 941 2237 defuisset,
974 2160 1057 2245 apud
1090 2160 1293 2226 Athenienses
1324 2136 1448 2246 quidem

433 2279 503 2344 ideo
537 2278 692 2342 habitasse
722 2276 837 2354 Deam,
871 2300 977 2341 verum
1009 2276 1139 2344 Rhodiis
1170 2287 1274 2344 tamen
1305 2281 1449 2345 tribuisse

435 2397 577 2461 honores.
613 2394 730 2459 Eadem
753 2401 874 2472 narrat,
899 2395 953 2459 sed
976 2395 1069 2480 paulo
1093 2396 1199 2476 aliter,
1216 2396 1374 2461 Diodorus
1390 2396 1449 2461 sis.

435 2504 472 2577 L.
503 2512 535 2575 V
565 2512 600 2577 0.
635 2515 688 2575 56.
734 2512 888 2576 Pindarus
920 2512 1044 2596 quidem
1074 2537 1106 2576 vs
1132 2515 1172 2577 82
1198 2538 1273 2600 seqq
1297 2515 1335 2579 de
1358 2515 1451 2579 saeris

435 2621 627 2695 Rhodiorum
646 2629 696 2693 ita
719 2630 861 2715 exponit,
889 2637 921 2693 nt
946 2630 1047 2715 ignem
1071 2653 1124 2716 per
1148 2631 1304 2715 quandam
1325 2631 1450 2696 oblivio

434 2772 504 2815 nem
528 2748 661 2813 defuisse
685 2748 783 2813 dicat:
808 2771 864 2812 uec
887 2755 989 2814 tamen
1015 2771 1051 2813 ex
1069 2748 1123 2827 iis,
1141 2749 1219 2833 quae
1235 2772 1328 2835 porro
1347 2755 1451 2814 narrat

434 2865 564 2930 Rhodiis
588 2888 605 2929 a
626 2864 703 2929 Jove
727 2871 758 2928 et
783 2864 922 2929 Minerva
946 2866 1129 2950 contigisse,
1155 2867 1299 2952 praemiis
1324 2865 1449 2942 efficias,

430 2983 516 3048 illam
539 2982 725 3047 oblivionem
747 2981 875 3046 Rhodiis
899 2982 1001 3046 fraudi
1023 2983 1127 3047 fuisse.

481 3104 533 3166 70.
568 3102 596 3165 ἕο
619 3100 644 3163 δ’
667 3099 782 3173 decreta
818 3098 874 3163 uss
898 3100 1051 3164 sententia
1074 3100 1113 3164 ad
1135 3102 1258 3184 quosvis
1274 3102 1449 3187 pertinens,

435 3228 538 3284 tamen
561 3226 702 3304 respectu
725 3217 918 3282 Rhodiorum
941 3219 1052 3302 posita.
1089 3219 1252 3299 Προμαθέος
1277 3241 1391 3284 nomen
1407 3220 1451 3283 ite

436 3340 577 3425 ponitur,
609 3344 645 3402 ut
672 3360 706 3400 vs
735 3339 776 3401 32
812 3336 910 3410 Δθκοο,
937 3339 977 3399 10
1006 3335 1110 3418 Χθρος,
1136 3345 1172 3400 ut
1195 3338 1292 3401 virtus
1315 3337 1450 3401 divinam

437 3479 598 3543 personam
627 3456 747 3520 induat.
793 3455 883 3520 Hanc
911 3455 1112 3520 Prudentiam
1136 3457 1162 3520 si
1186 3457 1254 3540 quis
1278 3462 1452 3521 revereatur

437 3576 526 3662 eique
550 3574 755 3660 obtemperet,
779 3575 862 3638 hunc
887 3581 916 3638 et
941 3573 1040 3638 officio
1063 3574 1151 3660 fungi
1174 3582 1204 3638 et
1227 3574 1351 3639 laudem
1371 3576 1451 3638 inve

437 3696 503 3759 nire
537 3702 568 3758 et
599 3694 659 3758 frui
690 3694 829 3778 gaudiis:
864 3692 1020 3777 quomodo
1050 3691 1165 3757 Rhodii
1195 3692 1275 3757 Solis
1306 3692 1451 3778 prudenti

437 3813 566 3877 consilio
590 3813 850 3898 obtemperarunt.
887 3812 933 3876 De
955 3810 1131 3876 Promethei
1146 3812 1278 3876 nominis
1294 3834 1354 3875 usu
1370 3810 1449 3875 conf.

440 3931 551 3996 Aesoh.
576 3930 677 3994 Prom.
703 3932 744 3993 85

641 4049 837 4127 uastantem
862 4074 895 4113 οε
920 4048 1054 4126 δοοθμοοες
1078 4047 1230 4129 Προμηθέοο

641 4174 796 4245 κοολοῦοοο,
821 4168 909 4233 adria
932 4166 993 4248 γοίρ
1015 4192 1049 4232 οε
1071 4167 1116 4231 δεῖ
1135 4166 1305 4244 προμηθέως.

443 4284 485 4348 ut
507 4284 602 4371 Supp.
629 4288 692 4351 700

691 4406 854 4486 προμοιθεὺς
876 4404 1069 4481 εὐκοινόμητις
1090 4403 1184 4485 θρχθ.

493 4524 545 4590 82.
579 4524 627 4587 ἐπὶ
657 4524 728 4601 aba.
764 4522 850 4587 Haec
882 4544 1005 4611 quoque
1036 4523 1175 4588 universa
1208 4522 1361 4587 sententia
1391 4528 1450 4588 est:
