3767 5534
978 721 1041 782 360

509 921 663 999 κιιπιὸνπιι,
681 932 860 988 cunctorum
877 924 1004 989 fascium
1021 926 1167 989 comitatu
1180 925 1402 1007 procedentem.
1427 922 1516 986 Idem

510 1044 600 1109 Galb.
624 1045 702 1109 XIV
725 1048 780 1111 ὑπὸ
803 1048 881 1129 φωτὶ
904 1052 1004 1130 πολλῷ
1028 1040 1131 1129 προῄει.
1164 1046 1292 1110 Lucian.
1316 1044 1397 1109 Dinl.
1422 1044 1516 1109 Deor.

510 1164 544 1228 ΙΙ
576 1167 594 1226 2
628 1168 677 1229 ὑπ’
708 1170 789 1248 οιύλῷ
819 1168 868 1233 xci
891 1170 1052 1247 πομποένοις
1076 1169 1202 1248 εὔρυθμον
1224 1168 1319 1243 βοιῖνε.
1367 1166 1455 1230 Idem
1479 1160 1518 1229 de

510 1284 677 1351 Saltatione
702 1290 743 1351 16
766 1291 844 1369 χοροὶ
867 1288 1048 1361 συνελθόντες
1073 1289 1121 1352 ὑπ’
1147 1290 1226 1369 οιύλῷ
1250 1286 1432 1368 acrimoniae.

554 1403 622 1469 Jam
647 1428 736 1491 porro
759 1407 855 1472 dativi
878 1405 973 1479 ἵπποις
997 1407 1119 1485 ἡμιόνοις
1142 1432 1176 1472 τε
1191 1405 1383 1487 μοναμπυκίᾳ
1398 1429 1432 1469 πε
1449 1426 1520 1469 con·

510 1527 610 1590 tinent
652 1527 881 1611 explicationem
921 1534 953 1591 et
991 1528 1079 1612 qnasi
1117 1527 1340 1612 appositionem
1379 1523 1521 1589 vocabuli

511 1646 664 1721 οὶμίλλιιις.
686 1647 800 1719 Ἵπποις
824 1647 1015 1731 significatur
1039 1654 1191 1711 certamen
1207 1645 1449 1730 ¹quadrigarum,
1474 1650 1522 1707 est

511 1764 592 1829 idem
623 1774 715 1849 atque
745 1767 889 1845 τεθρίππῳ
921 1766 967 1830 vel
998 1764 1127 1847 ἅρματι,
1161 1765 1259 1849 qualis
1290 1764 1416 1828 victoria
1447 1762 1523 1827 cele·

513 1884 619 1949 bratur
653 1884 703 1948 Ol.
738 1884 782 1948 Π.
828 1884 969 1962 Ἡμιόνοιε
1003 1885 1193 1970 significatur
1227 1890 1379 1948 certamen
1409 1881 1523 1946 rhedae

515 2003 658 2081 mulene,
693 2005 814 2079 οὶπήννμ.
860 2005 1063 2087 Μονοιμπνκιόι
1098 2012 1143 2068 est
1177 2004 1258 2068 idem
1290 2002 1373 2088 quod
1404 2000 1523 2076 κέλητι,

477 2107 486 2124 ⁸
516 2145 593 2207 quae
624 2123 684 2187 fuit
714 2123 841 2187 victoria
871 2122 1033 2201 Hieronis,
1067 2124 1218 2188 celebrata
1240 2121 1291 2186 Ol.
1316 2122 1349 2185 I:
1376 2127 1440 2185 erat
1464 2142 1526 2184 cer·

515 2249 616 2305 tamen
651 2264 799 2326 equorum
834 2242 1042 2326 singulorum,
1075 2242 1128 2327 qui
1160 2241 1343 2326 regebantur
1374 2262 1392 2303 a
1422 2239 1526 2323 pneris

516 2359 732 2424 insidentibus,
1506 2336 1508 2339 ‚

562 2479 653 2544 Festa
683 2482 848 2545 certamina
878 2487 946 2544 acta
968 2480 1062 2544 fuisse
1087 2503 1140 2566 per
1163 2479 1299 2563 quinque
1322 2476 1403 2554 dies,
1429 2476 1529 2540 cerni·

518 2623 588 2664 mus
611 2624 646 2664 ex
671 2600 808 2685 epitheto
831 2600 1062 2681 πεμπομένοις.
1087 2600 1125 2665 In
1148 2599 1267 2665 scholio
1290 2605 1390 2662 vetere
1413 2620 1527 2662 memo·

518 2727 602 2783 ratur
625 2726 745 2805 tempus
768 2720 846 2784 illud
872 2743 888 2783 a
912 2720 962 2784 die
985 2719 1148 2784 undecimo
1166 2719 1205 2783 ad
1223 2715 1526 2781 sextumdecimum:

517 2860 572 2921 pro
604 2846 688 2902 sexto
720 2839 837 2903 decimo
870 2847 917 2904 est
943 2840 976 2904 in
1000 2840 1089 2904 Urat.
1115 2840 1141 2902 A
1165 2838 1292 2923 quintus
1316 2836 1469 2901 decimus:
1495 2835 1527 2899 in

516 2979 578 3021 uno
610 2956 726 3021 scholio
753 2958 920 3023 recentiore
943 2959 1070 3044 ponitur
1093 2958 1216 3022 initium
1240 2956 1289 3021 die
1313 2956 1425 3020 mensis
1449 2954 1529 3019 deci·
1561 3028 1564 3035 ¹

442 3129 444 3134 .
517 3088 595 3153 mo,‘
609 3076 678 3139 finis
702 3082 788 3140 sexto
812 3077 948 3155 decimo,
978 3099 1075 3161 eoque
1098 3077 1147 3140 die
1171 3075 1305 3161 praemia
1328 3073 1400 3138 data
1423 3073 1526 3137 fnisse.

515 3192 554 3256 In
586 3192 703 3256 scholio
734 3191 771 3256 ad
803 3192 854 3257 01.
886 3193 938 3258 III
971 3198 1011 3263 33
1045 3200 1197 3259 certamen
1228 3193 1342 3258 dicitur
1369 3198 1527 3276 peractum

517 3312 611 3377 fnisse
642 3311 691 3375 die
721 3312 822 3409 lunae.
845 3321 929 3377 sexto
961 3314 1087 3378 decimo.
1134 3312 1245 3398 Neque
1277 3311 1353 3388 alia,
1378 3317 1527 3396 quantum

519 3431 600 3507 scio,
629 3430 666 3493 de
689 3430 743 3494 illo
766 3430 910 3496 ludorum
933 3433 1031 3517 spatio
1055 3440 1154 3497 exstat
1177 3432 1359 3496 auctoritas:
1383 3452 1440 3493 nec
1463 3429 1529 3493 sine

522 3572 612 3614 cauea
628 3539 806 3627 dubitatur,
831 3573 870 3614 an
895 3559 1065 3635 postremus
1088 3551 1140 3615 iile
1164 3551 1228 3615 dies
1251 3549 1454 3635 praemiorum
1471 3548 1531 3612 dis-

519 3668 682 3733 tributioni
700 3668 869 3733 destinatus
887 3670 990 3734 fuerit.
1014 3670 1164 3735 Videatur
1180 3670 1251 3735 Joh.
1269 3670 1377 3734 Heinr.
1393 3667 1528 3744 Kranse,

521 3787 680 3872 Olympia,
721 3786 794 3850 oder
828 3787 1028 3874 Darstellung
1063 3790 1116 3853 der
1150 3811 1275 3874 grossen
1310 3786 1530 3873 Olympischen

521 3906 641 3992 Spiele‚
665 3928 696 3991 p.
721 3907 762 3968 69
788 3914 818 3969 et
843 3908 917 3971 164.

568 4027 619 4087 16.
654 4023 699 4089 τὶν
721 4024 750 4088 δὲ
773 4024 864 4095 κῦδος.
900 4025 1071 4110 Singulari,
1097 4032 1132 4089 nt
1154 4026 1247 4101 solet,
1273 4039 1303 4088 et
1318 4020 1428 4088 eximio
1445 4044 1532 4086 vcca-

522 4143 665 4208 bulorum
699 4141 806 4206 decore
841 4150 935 4228 atque
969 4144 1089 4209 delectu
1126 4144 1222 4208 Poeta
1255 4144 1369 4207 utitur:
1404 4140 1529 4205 Numen

523 4261 678 4348 appellans
710 4261 797 4346 ponit
827 4262 953 4327 verbum
984 4263 1116 4341 ἀνέθηκε,
1150 4262 1233 4347 quod
1265 4260 1358 4325 habet
1389 4258 1530 4333 dicandi,

524 4379 720 4445 consecrandi
758 4379 1027 4464 significationem:
1068 4382 1158 4465 idque
1196 4379 1320 4445 Numen
1359 4399 1455 4462 quum
1490 4377 1531 4439 sit

525 4497 669 4585 Nympha
699 4498 849 4575 benefica,
880 4500 980 4579 κῦδος,
1010 4501 1092 4585 quod
1117 4501 1144 4565 ei
1168 4500 1300 4577 dicatur,
1325 4496 1414 4575 ἁβρὸν
1437 4494 1528 4560 dicit:
