3767 5534
1014 733 1079 790 444

540 928 625 992 dium
657 930 717 1013 ipsi
747 930 920 1013 contigisse.
969 929 1099 993 Cernere
1131 931 1201 994 licet
1232 932 1418 1015 singularem
1446 933 1562 998 Poetae

541 1047 573 1110 in
605 1046 791 1110 consolando
819 1054 849 1111 et
872 1048 1092 1152 commopendo
1117 1049 1356 1128 humanitatem,
1382 1065 1479 1136 quum
1495 1052 1563 1115 luc·

539 1171 606 1227 tum
630 1165 782 1248 praesenti
806 1165 922 1228 laetitia
945 1166 990 1229 ita
1013 1167 1149 1250 superari
1174 1167 1264 1244 velit,
1290 1169 1437 1233 utillum
1460 1193 1562 1254 neque

539 1283 723 1367 cogitatione
739 1286 875 1361 omittat,
890 1306 947 1348 nec
959 1291 1061 1348 tamen
1075 1286 1209 1369 apertius
1222 1287 1410 1351 nominando
1422 1297 1559 1353 renovet.

584 1403 636 1466 la.
670 1402 842 1479 Τιμόσθενες
874 1402 957 1481 ὔμμε
980 1402 1017 1467 δέ.
1065 1402 1271 1469 Timosthenis
1294 1404 1418 1470 laudem
1443 1406 1560 1471 Neme-

538 1542 621 1583 aeam
645 1542 714 1583 cum
735 1521 958 1586 Alcimedontis
974 1522 1101 1586 victoria
1117 1522 1278 1608 Olympico
1293 1525 1439 1609 copulat,
1456 1526 1560 1590 illum·

538 1661 599 1723 que
631 1640 715 1724 prins
743 1639 894 1724 appellat,
923 1641 1053 1725 quippe,
1078 1647 1115 1704 ut
1138 1641 1277 1719 videtur,
1301 1650 1376 1706 natu
1401 1645 1557 1729 majorem.

536 1755 643 1821 Jovem
667 1758 810 1833 γενέθλιον
832 1757 979 1843 appellari
1003 1758 1156 1851 eristimat
1175 1759 1349 1823 Boeckbius
1367 1770 1492 1845 propter
1508 1785 1557 1847 ge·

539 1897 597 1937 nus
621 1876 730 1951 Aeaci,
756 1898 826 1939 nam
849 1875 1029 1960 Blepsiadas
1054 1878 1092 1941 ab
1117 1879 1217 1946 Aeaco
1240 1878 1363 1943 duxisse
1388 1879 1556 1965 originem:

539 2016 642 2056 verum
672 1993 709 2057 de
740 2016 775 2057 ea
804 1995 920 2078 origine
952 1994 1047 2072 nihil,
1077 2003 1227 2079 quantum
1256 1996 1336 2074 scio,
1364 2005 1557 2082 compertum

539 2119 594 2175 est.
635 2112 724 2196 Apud
750 2112 848 2176 Aeseh
873 2113 956 2198 Sept.
982 2136 1007 2177 c.
1032 2113 1089 2178 Tb.
1117 2118 1178 2177 639
1204 2113 1364 2199 Polynices

988 2233 1065 2305 θεοὺς
1088 2233 1248 2310 γενεθλίους

877 2358 968 2414 κοιλεῖ
988 2349 1124 2431 πατρῴοις
1149 2358 1215 2427 γῆς.

539 2468 618 2532 Sunt
648 2468 692 2532 ibi
723 2467 775 2532 Dii
806 2468 961 2551 gentilitii.
1005 2466 1120 2531 Verum
1153 2468 1296 2546 γενέθλιον
1323 2479 1368 2530 est
1393 2466 1557 2543 etiamid,

540 2586 624 2671 quod
652 2586 690 2649 ad
718 2586 784 2670 ipsa
807 2586 937 2670 alicujus
961 2585 1076 2648 natalia
1100 2584 1247 2669 pertinet:
1271 2584 1355 2648 velut
1380 2584 1462 2668 apud
1487 2606 1558 2648 euu-

540 2704 610 2768 dem
633 2704 724 2767 Eum.
751 2705 767 2768 7
794 2703 916 2768 Pboebe
940 2705 1036 2767 donat
1055 2702 1241 2788 Delphicum
1258 2702 1415 2766 oraculum
1434 2702 1557 2765 Phoebo

539 2822 683 2900 γενέθλιον
714 2822 797 2886 θέσιν.
845 2822 885 2885 ut
917 2821 999 2906 apud
1027 2821 1207 2906 Euripidem
1230 2821 1290 2884 Jon
1316 2821 1378 2883 655
1402 2822 1487 2885 θῦοοι
1510 2844 1557 2896 γε·

538 2943 633 3006 νέθλιοι
662 2947 709 3003 est
741 2940 836 3004 lacere
867 2962 953 3003 sacra
977 2948 1137 3024 propterea
1159 2938 1243 3024 quod
1266 2938 1367 3001 infans
1390 2946 1483 3001 natus
1506 2938 1555 3001 sit.

539 3058 611 3143 lpse
635 3058 699 3122 dies
723 3059 833 3122 natalis
858 3058 1030 3143 appellatur
1052 3057 1194 3135 γενέθλιος
1219 3057 1328 3135 ἡμέροις
1355 3055 1553 3119 Ammonius:

537 3176 681 3242 τθοοετοιι
705 3176 752 3240 ἐπὶ
776 3182 831 3241 τῶν
854 3176 977 3257 ζώντων,
1002 3176 1051 3239 uel
1076 3177 1103 3239 ἐν
1127 3172 1145 3256 ᾖ
1168 3171 1288 3245 ’έκοιοτος
1314 3174 1554 3255 ἡμέροιὲγενθθη,

500 3278 503 3285 ’
539 3292 614 3367 οὔτε
641 3302 779 3359 κνλεῖτοιι
810 3294 953 3371 γενέθλιος
985 3290 1088 3370 ἡμέραν.
1133 3293 1237 3375 Atque
1268 3313 1303 3354 ea
1334 3290 1554 3373 significatione

539 3413 622 3499 apud
646 3413 805 3477 Platonem
830 3412 977 3476 dicuntur
999 3411 1053 3476 θεοὶ
1077 3410 1230 3489 γενέθλιοι,
1253 3409 1300 3472 Do
1323 3407 1418 3492 Legg.
1444 3407 1473 3467 V
1495 3409 1554 3472 729

541 3532 674 3605 οεῦνονς
698 3532 858 3609 γενεθλίους
882 3530 958 3601 θεοὺς
982 3532 1022 3600 εἷς
1047 3528 1156 3591 caldor
1179 3527 1303 3608 οοιοροέν,
1327 3533 1357 3589 et
1379 3525 1428 3589 IX
1445 3528 1509 3590 879
1527 3523 1554 3587 d.

540 3652 590 3716 Ita
620 3651 679 3715 hoo
710 3650 835 3714 Pindari
865 3650 933 3713 loco
965 3671 1027 3711 non
1054 3647 1177 3731 Jupiter
1199 3645 1370 3730 gentilitias
1393 3641 1555 3728 significari

540 3769 677 3846 videtur,
712 3768 763 3832 sed
797 3768 945 3832 natalium
977 3766 1119 3843 Praeses,
1149 3764 1203 3848 qui
1226 3763 1344 3827 curavit
1367 3761 1447 3825 vitae
1471 3760 1557 3844 origi·

539 3909 626 3963 nem,
651 3895 683 3951 et
705 3888 756 3951 cui
778 3909 861 3950 nuno
881 3886 946 3971 jam
968 3885 1051 3968 ipsos
1067 3881 1213 3947 tutandos
1230 3889 1261 3943 et
1276 3878 1468 3965 adjuvandos
1484 3877 1554 3941 For-

539 4014 617 4069 tuna
646 4005 773 4069 tradidit
804 4012 889 4090 patre
912 4004 1052 4068 orbatos.
1099 4002 1166 4078 Ita,
1198 4001 1310 4085 inject-a
1339 3997 1431 4063 modo
1456 3997 1557 4061 luctus

541 4124 743 4208 cogitatione,
779 4145 841 4188 non
875 4129 997 4186 tantum
1032 4142 1173 4206 praesens
1211 4117 1359 4205 gaudium
1398 4116 1556 4179 confirmat

540 4241 632 4306 laude
662 4242 781 4318 fratris,
815 4264 920 4305 verum
945 4240 1004 4323 ipsi
1028 4260 1152 4324 quoque
1179 4236 1275 4321 patris
1302 4234 1394 4297 morti
1421 4231 1558 4296 medetur

540 4362 644 4425 divino
676 4360 802 4437 solatio,
833 4360 919 4423 Jovis
950 4379 1059 4442 nempe
1091 4378 1209 4439 amore,
1243 4356 1297 4439 qui
1332 4354 1388 4416 has
1419 4351 1559 4417 victorias

541 4479 786 4547 adolescentibus
812 4479 947 4545 dedisset
970 4485 1000 4541 et
1023 4477 1186 4541 orbitatem
1209 4481 1436 4558 compensaret:
1460 4492 1558 4557 neque
