3767 5534
911 730 975 791 889

482 930 500 993 7
505 930 534 992 7.
569 928 718 1006 δοιμίνσν.
753 927 955 1013 Exspectares
979 927 1094 1005 Φοίβου.
1118 927 1178 993 ded
1203 929 1342 994 universe
1358 930 1451 1015 signi-

434 1047 543 1111 ficatur
565 1046 702 1111 Deorum
725 1046 879 1110 voluntas.

481 1165 533 1227 85.
571 1164 749 1244 tocxicata.
791 1162 848 1227 Elst
882 1163 971 1249 quasi
1005 1162 1127 1228 dativus
1162 1164 1325 1228 commodi.
1371 1163 1449 1229 Fore

433 1281 538 1361 illum,
562 1281 617 1367 qui
640 1280 743 1346 dando
761 1280 941 1346 mortalibus
958 1281 1103 1346 vaticinia
1118 1289 1286 1367 praestaret
1301 1282 1446 1367 reliquos.

479 1402 532 1465 86.
566 1399 628 1465 οὐδὲ
657 1398 724 1465 ποτ’
750 1400 905 1479 ἐκλείψειν.
941 1397 1084 1484 Xenoph.
1110 1397 1225 1465 Oecon.
1250 1398 1316 1465 VII
1341 1403 1380 1464 19
1405 1400 1447 1480 τῷ

433 1521 476 1597 alr
505 1519 633 1583 ένθιιπεῑν
658 1516 734 1599 ζώων
756 1515 840 1594 γένκ.
881 1515 976 1601 soph.
1000 1516 1049 1582 El.
1075 1519 1138 1581 985
1162 1517 1236 1584 ὥστε
1259 1520 1301 1597 μὴ
1324 1518 1450 1583 ’κλιπεῖν

433 1635 527 1705 κλέος.

480 1755 532 1816 88.
567 1752 699 1832 εὔχοντο.
734 1749 820 1817 Solet
845 1772 917 1815 cum
941 1750 1109 1816 affirmandi
1133 1751 1356 1836 significatione
1379 1773 1449 1815 con-

429 1872 569 1956 junctam
591 1869 703 1934 habere
726 1868 860 1954 aliquam
882 1868 1106 1953 gloriationem.
1143 1868 1212 1934 Hoc
1233 1870 1302 1934 loco
1326 1877 1448 1934 tantum

433 1988 584 2073 signifieat
606 1975 763 2052 affirmare.
810 1985 958 2051 Similiter
980 1985 1073 2051 Hom.
1098 1986 1137 2051 Il.
1161 1986 1276 2053 XVIII
1299 1990 1363 2052 498

611 2104 659 2170 δύο
681 2104 707 2168 δ’
730 2102 828 2185 ἄνδρες
851 2104 970 2171 ἐνείκεον
992 2102 1089 2171 είνεκοο
1110 2113 1207 2180 ποινῆς

502 2222 600 2303 ἀνδρὸς
622 2222 837 2305 ἀποφθιμένου·
860 2223 874 2287 d
897 2223 952 2299 μὲν
973 2222 1082 2303 εὔχετο
1105 2220 1194 2288 ποίνι)
1216 2221 1370 2287 οίπσδοῦνοοι

503 2339 584 2420 δήμῳ
605 2337 798 2419 πιφοούσκιον,
822 2339 836 2403 ὅ
859 2339 884 2404 δ’
906 2341 1039 2405 οὶνοοίνετο
1061 2340 1150 2417 μηδὲν
1173 2339 1296 2404 ἓλέσίοοι.

481 2457 535 2520 99.
567 2457 666 2521 οὶκτῖσι
688 2455 898 2538 βεβρεγμένος.
930 2456 1025 2522 Recte
1045 2457 1167 2522 videtur
1181 2464 1270 2521 vetus
1285 2455 1449 2520 scholiasta

401 2622 403 2626 -
436 2572 597 2639 humorem
630 2574 706 2637 roris
741 2574 872 2639 similem
906 2574 1071 2659 significari
1104 2575 1295 2652 existimare;
1331 2573 1449 2639 confert

437 2690 529 2756 Hom.
554 2690 593 2755 Π.
617 2689 697 2755 XIV
720 2692 784 2754 351

656 2808 797 2873 στιλπναὶ
820 2808 845 2872 δ’
868 2809 1039 2875 οίπέπιπτον
1061 2807 1172 2891 έορσοοι·

433 2948 539 2991 verum
568 2926 612 2990 ibi
642 2948 695 2991 eae
725 2925 902 3012 splendidae
928 2928 1005 2992 roris
1029 2934 1135 3013 guttae
1159 2928 1198 2993 de
1218 2950 1311 2993 aurea
1334 2927 1449 2993 nebula

433 3043 594 3120 decidunt,
617 3066 680 3108 non
704 3068 720 3108 e
742 3045 869 3110 floribus
892 3046 1087 3130 proveniunt.
1118 3045 1200 3111 Mira
1223 3053 1325 3110 autem
1349 3045 1446 3109 Poeta

436 3160 589 3246 elegantia
611 3161 751 3245 guttulas
774 3162 928 3226 radiorum
952 3163 1076 3228 nomine
1099 3162 1234 3249 appellat
1245 3163 1382 3248 ipsisque
1394 3162 1447 3226 flo-

434 3301 503 3343 rom
527 3278 643 3343 colores
666 3278 785 3344 tribuit.

479 3400 532 3460 93.
568 3395 776 3474 κατεφάμιξεν
799 3399 963 3464 κοιλεῖσίοοι.
999 3396 1046 3462 cf.
1072 3398 1124 3462 54.

479 3516 531 3577 95.
568 3517 648 3579 τοῦτ’
669 3513 761 3591 ὄνυμ’.
796 3513 835 3578 In
858 3514 1042 3599 glossemate
1065 3521 1128 3579 est:
1152 3515 1213 3580 νίπὸ
1234 3520 1286 3580 τοῦ
1304 3515 1409 3591 duda,
1433 3510 1447 3577 ὃ

433 3630 561 3706 δνλονίτι
595 3630 629 3695 τί
662 3630 791 3713 θερίζειν,
825 3630 876 3713 ίοο,Ι
906 3630 924 3698 ὅ
954 3634 1032 3699 ε’στιν
1063 3633 1149 3708 dada,
1180 3632 1305 3710 λέγετον
1331 3632 1445 3709 Ἴοορκος.

433 3745 536 3812 Nimis
559 3754 677 3832 argute.
725 3748 782 3812 Est
804 3771 915 3815 nomen
940 3757 1063 3815 tantum
1087 3772 1105 3813 a
1127 3752 1251 3815 nomine
1272 3751 1393 3815 florum.

480 3867 533 3928 96.
569 3864 608 3928 In
643 3865 792 3949 adjectivo
826 3872 953 3945 τερπνοῖς
984 3868 1073 3932 nulla
1103 3867 1267 3932 difficultas
1299 3873 1361 3944 est,
1393 3866 1447 3930 sed

434 3980 557 4046 difficile
580 3988 643 4058 est,
669 3981 854 4067 adjectivum
875 3984 1123 4067 χρυσοστεφάνοιο
1141 3985 1185 4049 ita
1200 3982 1239 4048 ad
1251 3986 1446 4070 juventutem

432 4098 560 4175 referre,
584 4105 621 4162 ut
644 4098 833 4183 significetur
857 4123 892 4164 ea
914 4108 1016 4178 aetas,
1041 4124 1204 4186 quaecum
1221 4102 1445 4166 oblectamento

368 4196 371 4200 ¹
433 4215 542 4280 decora
564 4216 765 4280 certaminum
789 4225 931 4302 quaerat:
956 4219 994 4282 cf.
1019 4218 1070 4282 Ol.
1094 4218 1130 4283 Π
1155 4221 1213 4296 78,
1238 4217 1288 4282 Ol.
1309 4217 1392 4281 VIII
1410 4220 1443 4281 l:

435 4339 466 4395 et
496 4340 543 4397 est
568 4334 602 4396 in
625 4334 825 4418 glossemate:
849 4343 902 4409 τῆς
925 4334 1110 4415 προξενούσης
1134 4340 1260 4416 χρυσοῦν
1283 4334 1444 4417 στέφοονονε

434 4471 505 4513 nam
536 4450 579 4513 sic
609 4449 735 4535 quidem
763 4450 872 4516 damus
903 4452 968 4536 ejus
1000 4451 1108 4517 aetatis
1141 4451 1274 4518 fructum
1306 4450 1445 4520 nondum
