3767 5534
999 756 1063 818 366

519 957 728 1041 Stymphalus.
771 954 813 1019 Et
836 955 874 1019 ab
898 954 957 1018 hoo
981 953 1107 1039 Cyllene
1130 953 1214 1018 Elati
1237 954 1301 1018 filio
1325 973 1412 1019 mous
1437 952 1538 1039 Cylle-

519 1076 589 1138 nius
613 1096 723 1138 nomen
747 1073 876 1149 habuit,
901 1095 919 1136 a
941 1074 1034 1138 fratre
1058 1074 1123 1157 ejus
1147 1072 1327 1157 Stymphale
1348 1073 1422 1137 urbs
1438 1072 1538 1157 Stym-

519 1190 630 1275 phalns
651 1199 681 1254 et
700 1190 785 1253 lacus
804 1190 941 1274 ejusdem
962 1190 1104 1254 nominis.
1129 1189 1203 1254 ruit
1215 1197 1318 1254 autem
1329 1191 1441 1253 Ananis
1453 1189 1537 1253 filius

520 1306 635 1385 Clitor,
665 1308 851 1391 Aphidantis
876 1302 980 1372 Aieus.
1017 1307 1115 1372 Clitor
1139 1330 1234 1392 quum
1255 1309 1319 1372 sine
1340 1308 1424 1392 prole
1436 1306 1539 1371 decen

520 1428 625 1503 sisset,
658 1432 760 1490 totum
790 1448 920 1509 regnum
951 1426 1100 1490 Arcadiae
1113 1508 1118 1514 ι
1132 1427 1248 1511 aceepit
1278 1410 1435 1510 Aepytus:
1465 1425 1538 1489 huic

520 1564 591 1606 vero
610 1551 735 1607 ‘mortuo
759 1544 906 1608 successit
928 1544 1022 1608 frater
1045 1544 1193 1629 patruelis
1217 1536 1328 1620 Aieus,
1346 1549 1454 1627 utpote
1470 1564 1539 1627 pro·

465 1711 467 1713 .
518 1660 587 1743 pior
609 1660 648 1724 ab
671 1661 789 1725 Arcade
812 1682 906 1745 quam
927 1662 984 1725 fflii
1009 1662 1131 1745 Aepyti.
1155 1661 1193 1725 L.
1218 1653 1301 1724 VIH
1324 1659 1359 1724 0.
1382 1658 1441 1724 IV.

563 1778 760 1862 Quamquam
792 1799 863 1863 ergo
894 1779 993 1863 ipsius
1025 1779 1200 1843 Phaesana'e
1233 1779 1310 1842 situs
1337 1786 1404 1841 non
1436 1781 1539 1863 potest

522 1904 663 1959 accurate
694 1896 832 1974 definiri,
864 1905 968 1961 tamen
992 1919 1058 1961 eam
1082 1897 1120 1960 ed
1145 1896 1302 1981 Alpheum
1326 1896 1417 1958 sitam
1439 1895 1538 1957 fnisse

523 2034 560 2076 ex
599 2012 732 2076 Pindaro
773 2021 916 2098 apparet,
959 2021 989 2077 et
1024 2013 1134 2077 idonea
1173 2036 1265 2077 cansa
1299 2034 1363 2076 esse
1397 2009 1536 2088 videtur,

523 2152 578 2195 cnr
611 2153 678 2194 eam
712 2132 921 2195 existimemus
952 2132 988 2195 111
1020 2132 1152 2195 Arcadia
1183 2152 1277 2216 prope
1309 2130 1440 2213 origines
1473 2130 1538 2213 ejus

506 2248 610 2324 ¹fluvii
640 2248 752 2313 fuisse:
785 2271 857 2333 ergo
888 2250 961 2313 satis
991 2256 1139 2312 remotam
1171 2271 1189 2312 1
1219 2247 1357 2332 Cyllenio
1381 2253 1484 2311 monte
1507 2254 1539 2309 et

523 2364 594 2429 lanu
617 2364 806 2449 Stymphale.
830 2365 948 2430 Verum
971 2368 1110 2451 Aepytus
1130 2368 1233 2447 ἀνδρῶν
1250 2365 1393 2446 Ἀρκάδων
1409 2362 1537 2440 ἄνασσε,

525 2482 697 2546 Arcadibus
720 2484 897 2567 imperavit:
926 2505 1016 2569 ergo,
1042 2506 1228 2568 quamquam
1251 2482 1420 2546 habitantis
1440 2470 1539 2545 Phae·

525 2621 633 2676 sanae,
667 2609 770 2664 tamen
803 2602 967 2685 imperium
1002 2603 1068 2686 ejus
1099 2623 1161 2665 non
1191 2601 1276 2665 illius
1308 2600 1393 2665 u‘rbis
1424 2598 1539 2663 finibus

525 2717 723 2781 terminatum
739 2717 791 2782 sed
808 2738 862 2802 per
878 2717 1040 2783 Arcadiam
1057 2719 1117 2783 lete
1133 2720 1202 2783 fuit.
1229 2718 1250 2781 J
1250 2724 1305 2782 u‘re
1322 2739 1394 2802 ergo
1410 2716 1450 2781 ad
1461 2714 1540 2780 illud

525 2836 615 2899 etiam
647 2833 773 2919 Cyllene
803 2844 834 2900 et
861 2835 1061 2926 Stymphalus
1084 2837 1275 2901 referuntur:
1300 2843 1399 2920 eo‘que
1416 2834 1538 2918 magis,

524 2952 551 3014 si
574 2952 612 3015 ad
636 2953 748 3037 Aepyti
772 2960 893 3037 gentem
916 2955 1023 3018 fratres
1043 2975 1165 3039 qnoque
1181 2955 1246 3038 ejus
1261 2953 1446 3037 pertinuisse
1464 2951 1540 3015 exis·

526 3070 687 3146 timemus,
721 3070 834 3152 quibus
867 3069 992 3156 quidem
1016 3070 1061 3134 111
1083 3071 1137 3134 1111
1159 3070 1227 3135 loca
1249 3070 1374 3155 propria
1395 3068 1540 3144 fuerunt,

526 3192 564 3250 nt
582 3187 678 3250 etiam
701 3188 826 3251 nomina
848 3188 887 3252 ab
909 3188 948 3251 iis
971 3190 1153 3273 acceperint.
1189 3190 1293 3271 Atque
1315 3187 1542 3270 Aepytitumu-

525 3302 590 3380 lus,
614 3304 754 3375 Αἲπύτιος
779 3304 912 3382 τύμβος,
936 3314 1122 3369 memoratur
1143 3305 1180 3369 ab
1197 3304 1332 3368 Homero
1348 3321 1444 3387 prope
1459 3323 1543 3365 mon·

526 3426 590 3483 tem
612 3418 805 3503 Cyllenium·‚
830 3420 869 3485 Π.
893 3420 928 3484 ΙΙ
953 3425 1028 3486 661.
1068 3421 1178 3505 Itaque
1202 3422 1289 3485 nulla
1312 3420 1350 3483 ad
1372 3418 1542 3484 Pindarum

527 3535 763 3620 intelligendum
787 3544 883 3601 restat
906 3538 1070 3603 difficultas
1094 3539 1306 3623 geographiae.
1348 3536 1418 3601 Hoc
1438 3544 1543 3629 tamen

501 3641 765 3737 'intelligendum
788 3661 859 3732 est,
891 3656 1032 3735 adsparsae
1063 3654 1168 3737 ἄνδρας
1199 3656 1474 3740 Agesiaevs130
1499 3654 1543 3716 111

529 3768 608 3848 dici,
633 3770 706 3853 quia
728 3769 856 3835 Euadne
879 3771 918 3835 ab
941 3773 1062 3857 Aepyto
1086 3772 1215 3837 educata
1238 3780 1268 3837 et
1292 3771 1380 3857 quasi
1399 3770 1544 3855 adoptato

529 3885 640 3963 fuerit,
672 3887 779 3970 ibique
801 3894 892 3952 natus
917 3890 982 3973 ejus
1005 3889 1088 3954 filius
1110 3889 1236 3954 damus:
1260 3887 1451 3953 Jamidarum
1473 3907 1544 3951 vero

418 4013 420 4015 ’
530 4010 652 4085 gentem
675 4004 761 4068 Elidi
783 4004 932 4069 vindioari
956 4015 1080 4091 propter
1095 4008 1238 4071 Pisaeum
1255 4028 1359 4071 eornm
1374 4004 1543 4070 oraculum.

566 4122 627 4184 '60.
663 4122 837 4187 κλέπτοισα.
873 4122 981 4208 Eiurip.
1004 4124 1066 4187 Jon
1091 4128 1155 4188 946

657 4234 730 4321 ’κᾷτ’
752 4237 918 4320 ἐξέκλεψας
942 4246 1003 4313 πῶς
1027 4241 1211 4311 ’Λπόλλωνος
1234 4242 1360 4318 γάμους.

577 4355 629 4415 65.
666 4354 740 4433 περ’.
775 4354 836 4419 Pro
860 4358 934 4436 περὶ.
970 4356 1062 4420 Hom.
1088 4356 1147 4420 Od.
1172 4356 1201 4418 V
1225 4358 1289 4420 398

643 4466 679 4542 ὣς
703 4470 820 4547 Ὀδυσῆ’
845 4474 1001 4539 cremata
1024 4475 1137 4540 ἐείσατο
1160 4482 1237 4552 raia
1260 4472 1308 4537 aci
1332 4468 1404 4547 ὕλη·
