3767 5534
1006 748 1069 806 238

530 943 604 1008 Noli
631 944 791 1009 obscurare
815 967 1007 1010 communem
1032 946 1228 1014 Callianactis
1253 956 1446 1038 progeniem:
1477 980 1547 1024 cum

529 1062 725 1127 ldratidarum
754 1064 875 1147 gaudiis
907 1065 999 1128 etiam
1030 1066 1180 1130 laetitiam
1215 1069 1307 1135 habet
1342 1073 1459 1140 civitas.
1508 1078 1548 1143 In

529 1204 621 1266 parva
645 1192 730 1267 parte
753 1184 898 1267 temporis
922 1184 997 1247 alias
1022 1184 1098 1249 aliae
1122 1196 1284 1254 moventur
1308 1214 1409 1257 aurae.

938 1461 1131 1470 --·——-——---

877 1658 1073 1724 OLYMPIA
1098 1662 1190 1729 VIII.

816 1919 1032 1963 ancrnuuounr
1057 1922 1251 1981 ,naumurum

898 2162 994 2220 puero
1016 2141 1165 2205 luctatori.

567 2375 594 2437 Ο
626 2384 722 2439 mater
753 2376 970 2452 certaminum,
1004 2398 1080 2459 quae
1113 2398 1238 2440 coronas
1275 2378 1389 2443 babent
1418 2402 1541 2458 aureas,

522 2493 683 2581 Olympia,
715 2495 839 2559 domina
870 2495 1023 2559 veritatis:
1055 2495 1107 2559 ubi
1138 2497 1292 2581 aruspices
1321 2497 1479 2578 hominm,
1504 2523 1541 2564 ex

522 2614 688 2679 immolatis
719 2597 851 2678 victimis
883 2613 1099 2700 conjicientes,
1133 2614 1301 2679 sollicitant
1331 2615 1440 2681 Iovem
1467 2640 1538 2683 cau-

523 2716 645 2798 dentem
668 2734 813 2811 fulminc,
839 2756 877 2798 an
902 2733 1038 2817 aliquam
1061 2755 1165 2797 curam
1189 2742 1274 2819 gerat
1298 2735 1459 2802 hominum
1476 2738 1540 2803 ani·

522 2875 573 2917 mo
605 2852 794 2937 cupientium
824 2874 967 2936 magnam
992 2874 1097 2937 capere
1121 2851 1243 2917 laudem
1267 2853 1472 2942 laborumque
1495 2879 1539 2921 rc·

447 2978 485 3039 10
521 2974 732 3059 spirationem,
765 2982 796 3037 et
826 2972 993 3037 satisfaciat
1022 2972 1157 3037 virorum
1181 2955 1322 3059 precibus
1346 2975 1377 3038 in
1405 2976 1537 3060 gratiam

520 3115 625 3157 eorum
655 3091 796 3179 pietatis:
829 3114 950 3173 verum,
984 3090 1114 3155 oPisae
1138 3091 1279 3177 pulcrum
1303 3101 1334 3157 et
1357 3092 1535 3159 umbrosum

520 3210 602 3297 apud
633 3211 788 3296 Alpheum
819 3232 944 3288 nemus,
975 3209 1057 3273 hunc
1081 3218 1205 3275 cantum
1230 3219 1260 3275 et
1283 3233 1413 3276 coronae
1436 3220 1535 3299 gesta-

522 3333 636 3397 tionem
659 3332 769 3416 recipc.
816 3330 931 3416 Magna
960 3352 1079 3415 semper
1109 3330 1206 3415 gloria
1235 3337 1298 3409 est,
1323 3331 1349 3395 si
1372 3332 1423 3395 cui
1445 3339 1537 3422 tuum

517 3452 671 3537 contingit
701 3452 818 3515 clarum
850 3450 1036 3535 praemium:
1068 3450 1128 3513 alia
1160 3449 1310 3514 bonorum
1344 3452 1473 3517 veniunt
1497 3452 1537 3518 ad

517 3572 627 3649 alium,
651 3570 828 3655 multaeque
851 3569 917 3633 viae
940 3592 1011 3633 cum
1034 3568 1104 3632 Diis
1127 3575 1201 3633 sunt
1224 3568 1388 3633 felicitatis.
1417 3569 1536 3636 Timos-

439 3693 481 3754 20
516 3691 642 3768 thenes,
667 3711 720 3753 vos
743 3688 853 3753 tribuit
876 3710 940 3751 sors
966 3688 1103 3772 proprios
1126 3686 1196 3750 Jovi
1217 3686 1366 3751 natalium
1382 3688 1532 3772 praesidi:

514 3812 568 3895 qui
597 3819 628 3874 te
658 3809 781 3894 quidem
805 3806 940 3873 Nemeae
965 3808 1100 3885 clarum,
1126 3807 1372 3872 Alcimedontem
1397 3829 1469 3872 vero
1495 3807 1533 3872 ad

516 3929 611 3994 Croni
635 3928 744 3994 collem
768 3929 841 3993 lecit
864 3926 1110 4013 Olympioniceu.
1152 3926 1227 3990 Erat
1248 3926 1394 4012 adspectu
1411 3925 1532 4012 pulcer,

514 4071 615 4134 neque
652 4069 742 4133 opere
773 4046 882 4111 fallens
914 4046 1043 4131 speciem
1077 4045 1173 4109 victor
1203 4044 1286 4109 luctb
1316 4046 1533 4129 pronunciavit

512 4168 658 4231 marinam
683 4167 833 4252 Aeginam
856 4165 1002 4250 patriam:
1028 4163 1083 4228 ubi
1107 4164 1253 4227 servatrix
1278 4163 1422 4242 Themis,
1448 4165 1531 4230 adsi·

434 4291 476 4352 30
512 4286 587 4351 dens
609 4286 680 4350 Jovi
703 4285 867 4371 hospitali,
892 4284 1006 4348 colitur
1029 4282 1193 4369 praecipue
1217 4283 1297 4347 iuter
1322 4283 1472 4349 homines.
1485 4322 1530 4334 -

510 4405 616 4487 Quum
640 4405 763 4471 difficile
787 4406 844 4483 sit,
871 4410 954 4468 recta
977 4410 1079 4467 mente
1103 4425 1166 4466 non
1190 4402 1364 4487 importune
1386 4402 1528 4469 dirimere

512 4525 607 4604 illud,
632 4525 714 4610 quod
738 4524 872 4589 multum
896 4531 927 4588 et
950 4521 1148 4586 multifariam
1172 4522 1286 4607 vergit,
1311 4522 1360 4587 lex
1377 4520 1527 4606 quaedam
