3767 5534
912 712 976 772 saa

433 942 451 982 a
474 916 612 982 Diodoro
634 914 671 981 L.
699 914 728 977 V
756 912 790 978 O.
821 915 879 978 ot:
909 913 963 976 sed
990 934 1052 977 non
1080 914 1113 977 in
1140 914 1282 978 omnibus
1310 923 1356 979 est
1383 937 1452 979 con-

433 1038 544 1102 sensio.

482 1159 555 1221 134.
591 1153 857 1233 παραδεξαμένους.
892 1153 921 1215 Α
952 1152 1108 1217 Minerva:
1139 1152 1257 1217 reditur
1279 1153 1317 1218 ad
1341 1176 1374 1217 vs
1398 1158 1452 1216 92.

436 1274 519 1339 Laus
542 1274 708 1359 sapientiae
732 1295 767 1336 ac
791 1271 1021 1355 disciplinarum
1043 1271 1181 1335 Heliadis
1199 1274 1290 1336 etiam
1307 1273 1453 1338 tribuitur

435 1417 454 1458 a
484 1392 639 1470 Diodoro,
672 1390 709 1453 L.
734 1389 762 1451 V
786 1390 820 1453 O.
847 1392 898 1453 58.
935 1389 1039 1474 Atque
1062 1389 1106 1454 ibi
1130 1391 1162 1454 in
1185 1391 1324 1455 maximis
1348 1413 1452 1456 eorum

433 1511 579 1576 laudibus
602 1515 761 1595 ponuntur
783 1508 846 1589 περὶ
870 1517 924 1583 τῆς
948 1509 1098 1580 ναυτιλίας
1110 1509 1225 1573 ratu:
1239 1530 1315 1594 quas
1330 1509 1453 1593 quidem

434 1632 460 1695 si
487 1630 597 1695 habuit
626 1627 762 1692 Palladis
794 1627 894 1692 cultor
927 1627 1078 1711 populus,
1113 1627 1241 1691 fortasse
1268 1629 1359 1693 etiam
1383 1629 1455 1693 hinc

436 1750 657 1814 confirmantur
683 1769 736 1825 ea,
760 1768 839 1829 quae
863 1745 901 1809 de
925 1745 1083 1810 Minervae
1108 1746 1194 1809 cultu
1219 1747 1300 1832 apud
1324 1746 1457 1812 Camari·

436 1888 531 1933 naeos
556 1867 732 1952 scripsimus
756 1864 795 1929 ad
818 1863 869 1929 Ol.
893 1863 922 1926 V
948 1866 1000 1928 20.

481 1988 555 2049 135.
591 1979 640 2055 εἷς.
676 1984 799 2047 Dicitur
823 1984 856 2047 in
881 1982 1006 2047 scholiis
1031 1980 1225 2067 Cercaphus,
1247 2005 1341 2047 uxore
1361 1984 1455 2049 ducta

436 2103 585 2189 Cydippe.
631 2101 719 2166 Idem
743 2110 788 2167 est
812 2101 894 2186 apud
918 2100 1111 2180 Diodorum,
1136 2124 1162 2166 c.
1189 2104 1240 2167 57.

483 2224 558 2285 136.
593 2220 809 2301 πρεσβύτατον.
846 2217 929 2299 Quia
945 2217 1101 2284 Camirum
1118 2220 1250 2304 primum
1266 2222 1453 2299 nominavit,

437 2339 541 2417 addit,
572 2338 710 2423 Jalysum
744 2338 838 2402 fuisse
869 2345 946 2402 natu
978 2338 1161 2401 maximum:
1194 2339 1321 2403 fortasse
1345 2340 1453 2417 etiarn,

437 2482 477 2523 ne
499 2458 650 2542 Diagorae
671 2458 770 2542 patria
793 2456 897 2521 debito
914 2456 1028 2519 honore
1057 2478 1158 2520 carere
1173 2457 1337 2522 videretur.
1363 2458 1455 2543 Apud

441 2576 612 2642 Diodorum
642 2582 851 2642 memorantur
886 2575 943 2638 hoc
982 2574 1105 2639 ordine:
1140 2573 1277 2654 Lindus,
1312 2575 1454 2661 Jalysus,

440 2694 590 2760 Camirus.

490 2816 562 2878 140.
598 2819 676 2894 σφα.
722 2812 853 2877 Dativus
876 2812 1023 2897 ponitur,
1049 2813 1122 2895 quia
1145 2813 1313 2877 nominatio
1338 2814 1375 2879 ad
1391 2815 1458 2880 illo·

442 2954 510 2995 rum
533 2931 680 2995 honorem
704 2931 886 3015 pertinebat.

491 3052 564 3115 141.
610 3049 660 3115 Ibi
683 3073 755 3135 ergo
777 3049 973 3134 Tlepolemus
991 3050 1108 3114 invenit
1125 3050 1311 3115 felicitatem.
1347 3052 1458 3132 Λύτρον

443 3170 565 3255 proprie
593 3175 640 3233 est
663 3168 796 3253 pretium
818 3167 987 3232 redimendi
1012 3168 1142 3253 captivi:
1167 3168 1219 3233 sed
1242 3168 1331 3232 facile
1355 3168 1393 3233 de
1417 3169 1459 3232 la·

443 3288 526 3353 boris
556 3287 691 3373 praemio
718 3286 765 3350 vel
787 3286 825 3349 de
848 3286 1099 3371 compensatione
1123 3287 1304 3351 calamitatis
1329 3288 1459 3364 dicitur,

444 3404 530 3469 velut
552 3404 589 3469 de
612 3405 789 3469 luctationis
813 3404 952 3469 mercede
970 3408 1097 3482 πυγμαῖς
1113 3404 1221 3469 ἄποινα
1238 3427 1270 3468 vs
1287 3407 1329 3469 30
1338 3454 1347 3483 ,
1365 3427 1462 3489 quum

445 3522 478 3586 id
501 3522 684 3618 pocabulum
704 3522 737 3586 in
752 3522 939 3587 redemtione
956 3529 1091 3607 ponatur
1109 3523 1147 3587 ab
1163 3523 1299 3587 Homero
1315 3523 1353 3587 Π.
1370 3523 1387 3586 Ι
1407 3525 1462 3587 13:

446 3638 578 3724 Chryses
601 3641 685 3705 venit

535 3758 692 3837 λυσόμενός
715 3784 749 3824 τε
772 3760 906 3841 θύγατρα
928 3759 1021 3841 Φέραα
1044 3764 1073 3826 τ’
1100 3761 1241 3842 ἀπερείσι’
1264 3759 1380 3828 ἄποινα.

446 3878 551 3943 Simile
580 3886 626 3942 est
649 3879 751 3963 ipsum
775 3878 958 3943 vocabulum
980 3880 1078 3955 πανήε
1103 3878 1187 3965 apud
1210 3879 1380 3943 Homerum
1402 3902 1464 3946 me-

447 4002 606 4061 morantur
627 3997 699 4079 equi
719 3997 989 4080 praestantissimi,
1011 3996 1176 4080 quosTroi
1192 3997 1309 4062 dederit
1324 3997 1461 4082 Jupiter,

447 4114 581 4199 pretium
604 4113 791 4197 Ganymedis
814 4114 911 4198 rapti:
935 4113 975 4177 Il.
1000 4113 1029 4175 V
1054 4116 1116 4177 265

824 4234 903 4313 Τρωί
925 4258 978 4314 περ
1000 4233 1126 4313 εὐρύοπα
1148 4236 1221 4305 Ζεὺς

434 4432 439 4440 Ι
714 4350 787 4430 δῶρί
810 4346 867 4423 υἷος
890 4354 988 4426 ποινὴν
1011 4352 1200 4429 Γανυμήδεος.

450 4466 491 4529 ut
514 4473 618 4530 noster
640 4466 719 4530 idem
748 4467 948 4545 vocabulum,
973 4469 1063 4552 plane
1078 4470 1183 4534 eodem
1195 4470 1286 4535 modo
1299 4479 1391 4557 atque
1403 4472 1461 4535 hoc
