3767 5534
1000 714 1066 777 894

524 918 573 976 cat
596 911 643 976 irat
664 912 699 977 τὸ
721 912 934 992 περιβλέπτους
958 908 1029 977 οἶνοι
1050 913 1114 985 τοὺς
1134 919 1269 984 νικῶντος
1290 913 1339 976 aa>
1359 913 1540 996 ἐτιχοέριτιις

524 1032 574 1097 aui
597 1032 762 1112 λνριτρούς.

554 1152 644 1241 Ι129.
679 1150 750 1213 Jam
772 1149 810 1213 de
833 1150 964 1213 Elatidis
989 1172 1023 1213 ac
1047 1150 1085 1214 de
1101 1151 1222 1235 Aepyto
1238 1156 1328 1213 antea
1342 1151 1538 1229 monuimus,

525 1275 555 1331 ot
596 1268 670 1331 satis
713 1274 855 1351 apparet,
892 1268 1046 1351 quomodo
1081 1269 1211 1352 Agesiae
1245 1270 1375 1333 materni
1407 1270 1539 1355 majorca

524 1383 712 1448 Mercurium
752 1383 926 1468 Cyllenium
958 1394 988 1448 et
1019 1384 1168 1449 Arcadiae
1198 1384 1372 1450 Praesidem
1403 1385 1541 1471 impense

524 1502 725 1567 adoraverint.
774 1502 873 1567 Simili
895 1502 987 1568 modo
1011 1502 1144 1566 Theroni
1168 1511 1292 1588 propter
1316 1503 1543 1576 Dioscurorum

525 1619 644 1684 cultum
668 1620 795 1684 victoria
817 1621 984 1698 tribuitur,
1009 1619 1060 1685 Ol.
1084 1619 1137 1684 ΠΙ
1162 1623 1214 1685 70.

572 1740 643 1801 132.
679 1745 777 1811 λιτοιῒς
801 1740 924 1811 νοτίοις.
960 1738 1051 1803 Prius
1083 1739 1142 1803 hoc
1168 1739 1235 1804 loco
1259 1747 1305 1803 est
1332 1738 1475 1825 adjectivi
1497 1740 1543 1803 in-

525 1861 604 1919 star:
630 1855 778 1919 sacrificia
800 1856 1012 1942 significantur
1036 1880 1104 1922 cum
1128 1857 1269 1943 precibus
1292 1857 1466 1942 conjuncta.
1498 1855 1543 1921 si·

528 1973 641 2037 militer
665 1974 718 2059 Py.
742 1974 789 2038 IV
813 1977 877 2038 385
901 1976 988 2047 λιτὰς
1012 1976 1161 2049 ἐτοιοιδοές.

576 2094 649 2156 134.
684 2082 713 2163 it
736 2094 854 2169 οἰνῶνας
873 2093 949 2174 ἔχει.
985 2095 1041 2159 Ist.
1065 2094 1082 2158 I
1108 2097 1147 2158 85

930 2210 974 2277 ἔτ’
997 2213 1118 2290 οέρώνιος
1142 2214 1254 2295 Ἑρμᾶς

774 2360 777 2365 ·
839 2331 976 2411 Ἡροδότῳ
999 2331 1096 2410 ἔπορεν
1119 2327 1226 2404 ἵττοις.

573 2448 647 2510 136.
682 2454 767 2531 τιμᾷ.
805 2447 921 2513 Eodem
944 2448 1036 2514 modo
1060 2448 1110 2513 Ol.
1136 2447 1165 2510 V
1189 2451 1231 2512 41
1255 2448 1379 2532 Jupiter

880 2571 972 2643 τιμῶν
995 2567 1023 2630 τ)
1046 2565 1178 2648 Ἀλφεὸν

883 2684 949 2765 εὐρὺ
973 2683 1071 2765 ῥέοντος
1094 2683 1182 2751 'Idai-

883 2803 912 2867 όν
934 2826 970 2867 τε
992 2801 1096 2880 σεμνὸν
1119 2798 1228 2881 ἄντρον.

574 2921 648 2984 141.
683 2920 877 3004 Adjectivum
900 2923 1024 3000 λιγνροῖς
1047 2920 1091 2984 ita
1115 2917 1239 3003 quidem
1256 2916 1295 2981 ad
1310 2918 1417 2986 οὶκονῖος
1434 2913 1539 2979 referri

527 3046 645 3124 potest,
676 3047 712 3103 ut
743 3038 855 3101 stridor
883 3038 1090 3122 significetur,
1125 3059 1231 3101 verum
1261 3034 1314 3100 ille
1338 3032 1454 3098 stridor
1478 3052 1540 3098 non

528 3164 629 3243 potest
651 3157 762 3223 habere
785 3155 951 3235 κολλιρόονς
975 3155 1072 3227 τνοοὲς.
1108 3154 1224 3219 Verum
1252 3164 1298 3218 est
1322 3151 1437 3237 duplex
1461 3170 1541 3214 com·

527 3275 662 3362 paratio:
695 3275 779 3359 prior
809 3274 904 3351 cotis,
937 3274 1033 3337 altera
1063 3275 1148 3337 soni:
1181 3272 1219 3341 ad
1251 3271 1319 3336 soni
1342 3266 1542 3352 comparatio·

528 3416 598 3458 nem
626 3393 780 3477 pertinent
802 3396 927 3473 λιγυρᾶς
951 3399 981 3455 et
1004 3398 1116 3463 τνοοιῖς.
1162 3389 1259 3453 Nulla
1282 3388 1377 3472 igitur
1401 3384 1541 3457 stridoris

528 3509 587 3575 hoc
617 3510 684 3575 loco
716 3509 899 3593 significatio
930 3519 986 3572 est.
1029 3510 1131 3585 Ἀκονιὶ
1168 3508 1268 3585 acuit,
1305 3506 1406 3581 θήγει,
1431 3502 1541 3568 acriter

528 3628 656 3692 excitat:
682 3625 732 3692 01.
758 3627 788 3691 X
812 3629 853 3691 23

794 3742 883 3820 θήξαις
905 3745 935 3809 δὲ
958 3744 1047 3827 Odor*
1070 3744 1163 3827 ἀρετᾷ
1185 3743 1250 3807 ποτὶ

793 3862 927 3941 πελώριον
950 3860 1067 3940 donare
1091 3860 1173 3931 κλέος
1197 3862 1233 3923 οξ-

861 3980 909 4059 νίιρ
932 3979 994 4043 θεοῦ
1019 3979 1070 4044 σὺν
1093 3977 1236 4060 τοιλοὶριρ.

527 4097 612 4161 Dicit
642 4096 754 4173 Poeta,
790 4118 822 4159 se
852 4095 964 4160 habere
995 4096 1212 4179 cogitationem
1244 4094 1322 4158 cotis
1352 4093 1385 4157 in
1416 4092 1540 4176 lingua,

527 4216 639 4280 habere
664 4237 696 4277 se
718 4236 841 4277 sensum
865 4215 942 4278 acris
967 4215 1174 4289 excitationis,
1197 4214 1322 4298 jamque
1339 4233 1400 4276 nou
1418 4217 1540 4295 pectore

527 4330 737 4408 reconditum,
762 4330 890 4395 sedere
915 4332 1186 4416 pronuntiandum.
1221 4330 1300 4394 Tum
1317 4330 1346 4393 ei
1362 4326 1539 4392 excitationi

529 4450 638 4516 tribuit
660 4470 771 4513 sonum
794 4447 978 4536 dulcemque
1002 4450 1126 4527 flatum,
1151 4472 1214 4534 quo
1237 4449 1342 4512 volens
1366 4444 1538 4516 attrahatur
