3767 5534
827 724 886 787 137

575 931 641 990 Τῶν
664 926 843 1009 Οὐλυμπίᾳ,

574 1045 721 1111 Ὠκεανοῦ
744 1044 891 1128 θύγατερ,

575 1165 684 1248 Καρλία
705 1173 832 1243 γελανεῖ
905 1187 909 1192 ·

575 1282 831 1361 ’Λααμαυτίποδίς
853 1283 880 1348 τ’
903 1286 1020 1360 οὶπήιας
1044 1284 1125 1350 δέκευ

576 1402 726 1481 Ψαύμιλίς
745 1428 780 1470 τε
802 1404 889 1482 δῶρα·

573 1522 631 1596 Ὃς
652 1525 708 1590 τίοι
730 1523 787 1589 odes
809 1524 894 1590 πόλιν
918 1522 1028 1601 αὔξων,

576 1643 744 1722 Καμαοίια,
765 1643 927 1726 λαοτρόφον

577 1764 692 1844 Βομοὺς
715 1760 748 1840 ἓξ
770 1762 843 1829 διδύ-

622 1907 692 1961 μους
715 1882 848 1965 ε’γίραρει
871 1885 928 1966 iop—
995 1873 1005 1894 ‘

621 2010 689 2075 ταῖς
711 2003 778 2067 θεῶν
800 2003 976 2086 μεγίστοις,

576 2121 649 2187 ’Ὑπὸ
671 2121 835 2200 βουθυσίαις
857 2123 966 2189 siddim
988 2148 1022 2188 τε
1044 2147 1120 2201 πεμ-

621 2241 778 2323 παμέροις
800 2242 945 2321 ἁμίλλαις

340 2538 427 2588 κοινῶς
451 2532 567 2595 λεγόμενοι
587 2529 719 2597 σχςδάμιου,
737 2529 749 2578 λ
765 2528 859 2596 exedisse
875 2530 943 2592 >byns
958 2532 1019 2580 ίοτίυ
1034 2529 1135 2597 diriores:
1153 2528 1271 2593 signifieat
1288 2529 1360 2594 vulgo

342 2627 474 2696 σχςδάριοι
491 2625 605 2691 sppellsri
621 2624 741 2685 codicem,
758 2624 797 2690 qui
816 2640 935 2675 sermones
952 2625 1124 2690 extemporales
1141 2625 1282 2675 contineret.
1317 2626 1364 2691 Igi-

342 2727 395 2773 tur
411 2737 468 2771 ssne
484 2721 541 2771 hose
558 2722 603 2771 odo
618 2721 714 2771 videtur
727 2720 753 2770 in
765 2721 939 2786 antiquioribus
950 2721 1048 2771 Pindari
1059 2721 1203 2771 editionibus
1215 2738 1262 2772 non
1276 2722 1361 2783 fuisse,

342 2818 395 2870 sed
416 2818 443 2867 in
466 2817 495 2866 iis
516 2821 610 2883 recepta
629 2833 694 2877 esse,
711 2821 837 2883 postquem
854 2816 973 2881 Didymus
995 2818 1020 2867 in
1041 2818 1219 2869 commentariis
1235 2834 1287 2868 eum
1303 2818 1361 2868 Pin·

344 2914 406 2964 dari
423 2929 474 2963 esse
489 2914 655 2963 sffirmaserst.

385 3010 482 3060 Divisio
500 3010 598 3059 metrica
618 3010 676 3060 olim
693 3009 830 3058 trititiam
844 3009 1012 3078 qtropharum,
1030 3010 1135 3059 interae
1152 3009 1279 3060 similium:
1299 3028 1362 3061 eam·

346 3122 401 3173 que
422 3106 530 3171 Hsynius
550 3106 636 3165 habet,
659 3111 684 3155 et
707 3122 750 3155 nos
771 3106 910 3156 retinemus.
942 3106 1115 3171 Mosehopulus
1132 3106 1203 3156 sliam
1219 3106 1361 3157 divisionem

346 3202 510 3267 exsufflavit,
535 3207 560 3252 et
581 3205 662 3252 ternas
684 3202 792 3267 strophss
816 3203 875 3252 feeit
896 3207 921 3252 et
937 3204 1112 3267 antistrophss,
1130 3202 1234 3267 singulas
1251 3219 1363 3253 versuum

346 3303 457 3365 notem:
474 3302 523 3349 tres
539 3300 611 3350 etiam
627 3298 729 3364 epodos,
747 3314 848 3363 quarum
867 3315 1021 3365 unaquaeque
1037 3299 1137 3350 heberet
1154 3315 1235 3349 versus
1246 3300 1363 3364 quinque:

346 3397 451 3463 ejusque
466 3396 605 3461 partitionis
620 3396 793 3445 demonstratio
810 3398 845 3445 est
863 3396 888 3445 iu
906 3396 973 3446 Uret.
991 3399 1011 3445 A
1029 3396 1054 3446 iu
1071 3396 1185 3463 margine.

388 3493 412 3542 8.
437 3496 562 3559 οὖλυμπίᾳ.
595 3492 646 3542 Pal.
666 3492 686 3542 C
704 3489 824 3558 Ὀλυμπία.

387 3589 411 3639 6.
439 3586 459 3640 τ’
477 3589 591 3639 omissum
610 3588 678 3638 Uret.
694 3589 734 3637 A:

387 3686 415 3735 6.
438 3690 531 3743 ἄψις.
563 3685 615 3734 Pul.
635 3684 655 3734 C
672 3690 765 3743 ἀπήνης.

385 3781 411 3835 7.
435 3783 559 3847 Ψοώμιδος.
594 3781 684 3831 Similis
701 3780 858 3845 discrepantia
874 3797 902 3829 so
918 3780 954 3829 IV
972 3797 998 3829 vs
1016 3782 1055 3830 18.

383 3878 409 3928 9.
434 3883 565 3949 senapis«.
598 3877 650 3927 Pal.
668 3877 688 3927 C
705 3880 730 3927 et
748 3876 817 3927 Urat.
834 3877 855 3925 B
872 3882 1014 3949 Καμαμὶναν.
1050 3877 1160 3943 Plerique
1177 3878 1270 3929 eodioes
1286 3878 1319 3926 its
1337 3880 1364 3925 nt

350 3973 473 4025 dedimus:
491 3988 554 4023 nnus
569 3973 661 4023 sltem
677 3978 814 4042 ιςμάριυα,
831 3974 895 4039 quod
912 3974 1003 4038 recepit
1018 3974 1161 4024 Boeekhius.

388 4070 427 4120 11.
453 4074 568 4140 dyrpapea.
601 4070 630 4118 Iu
655 4069 722 4119 eost.
746 4075 845 4139 γίραρευ
868 4085 919 4118 esse
944 4073 1045 4119 annotat
1069 4069 1190 4133 Heyuius:
1220 4068 1362 4127 credideris,

351 4167 417 4217 idem
432 4166 462 4214 ab
478 4165 522 4215 illo
538 4168 680 4215 annotatum
696 4180 746 4213 esse
764 4179 792 4213 ex
810 4163 862 4213 Pal.
879 4164 911 4213 C:
929 4164 971 4213 sed
987 4164 1021 4213 ibi
1037 4168 1074 4215 est
1090 4170 1206 4235 dytpoepo.

385 4262 425 4311 13.
450 4264 500 4312 ὑπὸ.
535 4262 652 4325 Ksyserus
673 4259 773 4324 ooujioit
797 4259 948 4310 scribendum
965 4276 1015 4309 esse
1032 4263 1077 4311 dut.
1112 4260 1157 4309 Sed
1174 4275 1230 4310 sane
1246 4261 1289 4311 ὑπὸ
1306 4258 1364 4309 rsti-

351 4358 458 4408 neudum
475 4361 519 4407 est.

387 4453 428 4504 14.
444 4459 623 4521 πεμπαμέροις
636 4453 752 4517 ἁμίλλαις.
773 4459 935 4522 πεμπαμέροις
950 4454 1057 4517 ἁμίλλαις
1073 4451 1143 4501 Uret·
1151 4453 1180 4501 A.
1197 4451 1277 4514 Atque
1289 4448 1365 4498 edidit

351 4556 516 4618 πεμπαμέροις
532 4546 740 4609 munaidedun,
757 4533 897 4613 oompsrans
912 4549 1066 4614 πιμποίβολα.
1100 4547 1202 4607 Temen,
1218 4561 1292 4611 quum
1309 4544 1366 4594 seri-
