3767 5534
842 709 903 772 027

374 915 468 981 cubito
497 914 614 979 velocia
638 913 700 977 tela
722 914 807 977 intus
832 920 904 975 sunt
928 911 960 974 in
984 910 1145 996 pharetra,
1171 910 1313 973 sonantia
1335 910 1378 972 in·
1416 913 1477 974 150

373 1033 595 1117 telligantibus:
628 1055 733 1098 verum
767 1031 801 1095 in
833 1030 945 1114 vulgus
977 1028 1118 1114 indigent
1150 1027 1377 1114 interpretibus.

373 1153 492 1239 Sapiens
528 1161 575 1217 est
609 1153 662 1237 qui
694 1151 793 1216 multa
823 1150 909 1214 novit
940 1149 1066 1215 natura:
1100 1149 1153 1233 qui
1185 1147 1378 1225 didicerunt,

372 1272 465 1359 rapidi
489 1270 669 1357 garrulitate
694 1270 779 1335 velut
802 1269 885 1333 corvi
900 1269 987 1333 irrita
1002 1268 1174 1353 loquuntur
1187 1269 1277 1353 juxta
1293 1266 1313 1329 J
1315 1267 1379 1331 ovis

373 1390 505 1457 divinum
537 1390 651 1456 alitem.
697 1388 830 1454 Intende
861 1410 945 1452 nunc
977 1409 1079 1452 arcum
1113 1387 1144 1451 in
1168 1386 1379 1472 propositum:
1419 1390 1479 1451 160

373 1532 422 1595 age
452 1510 571 1588 anime,
603 1531 694 1593 quem
726 1508 852 1573 ferimus
876 1530 893 1572 e
916 1506 1002 1572 dulci
1033 1529 1139 1571 rursus
1169 1512 1271 1570 mente
1299 1505 1380 1569 clara

372 1630 428 1693 tela
450 1626 632 1693 mittentes?
655 1629 687 1692 in
712 1628 915 1713 Agrigentum
939 1625 1103 1691 intendens
1127 1624 1225 1690 dicam
1247 1626 1380 1711 jurat-am

372 1749 551 1813 sententiam
573 1770 645 1813 vera
667 1756 787 1825 mente,
811 1747 930 1811 nullam
946 1752 1139 1831 peruentum
1157 1767 1254 1809 annos
1272 1744 1378 1809 urbem

373 1869 522 1955 peperisse
546 1869 645 1933 virum
668 1868 764 1953 magis
789 1868 894 1932 amicis
917 1874 1020 1931 mente
1041 1865 1208 1930 beneficum
1226 1887 1381 1950 manuque
1419 1866 1480 1928 170

371 1989 571 2054 liberaliorem
593 1987 743 2052 Therone.
791 1987 851 2052 Sed
875 1986 997 2051 laudem
1022 1986 1133 2051 invasit
1157 1985 1293 2064 invidia,
1317 2009 1378 2050 uon

369 2109 431 2193 jure
461 2108 570 2186 obvia,
603 2106 656 2170 sed
680 2130 698 2171 a
720 2106 808 2171 malis
838 2106 926 2182 viris,
953 2105 1111 2170 vociferari
1134 2105 1260 2190 cupiens
1284 2113 1315 2169 et
1338 2112 1380 2168 te-

371 2227 475 2292 nebras
499 2228 657 2312 imponere
682 2226 833 2291 bonorum
858 2225 973 2310 pulcris
997 2224 1194 2289 facinoribus.
1234 2223 1381 2304 Quando·

372 2346 491 2430 quidem
528 2370 620 2411 aroris
655 2368 815 2412 numerum
848 2347 946 2431 fugit:
979 2346 1032 2410 ille
1063 2355 1139 2429 quot
1168 2344 1282 2430 gaudia
1313 2344 1380 2407 aliis

371 2465 501 2544 dederit,
527 2467 597 2551 quis
620 2466 720 2530 dicere
744 2465 863 2551 possit?

776 2740 970 2749 -—--—

717 2938 914 3004 OLYMPIA
949 2938 1010 3003 III.

795 3198 943 3243 THERONI.

411 3415 596 3501 Tyndaridis
625 3416 830 3501 hospitalibus
862 3417 1073 3501 formosaeque
1101 3415 1237 3480 Helenae
1260 3426 1295 3480 ut
1320 3417 1382 3502 pla-

372 3556 455 3600 ceam
486 3558 609 3621 prccor,
642 3535 759 3600 clarum
793 3536 997 3621 Agrigentum
1031 3535 1201 3612 honorans,
1233 3535 1382 3600 Theronis

373 3663 497 3741 propter
527 3656 687 3720 victoriam
714 3655 890 3740 Olympiam
913 3678 1035 3720 carmen
1059 3655 1194 3740 crigens,
1219 3654 1383 3720 indefesso·

372 3797 439 3839 rum
464 3797 613 3859 equorum
638 3776 742 3839 decus.
789 3775 838 3838 Ita
861 3775 1009 3839 nimirum
1032 3775 1108 3839 mihi
1133 3774 1224 3838 Musa
1247 3772 1382 3852 adstitit,

371 3896 442 3958 novi
474 3894 647 3979 splendoris
678 3894 803 3959 modum
836 3896 975 3980 festoque
1006 3895 1121 3959 illustri
1152 3894 1382 3959 convenientem

370 4014 551 4098 reperienti,
580 4036 642 4098 quo
672 4036 776 4078 vocam
800 4014 897 4078 Dorio
921 4020 1057 4099 aptarem
1081 4013 1192 4078 calceo.
1240 4012 1385 4093 Quando·
1422 4018 1461 4079 10

371 4133 495 4217 quidem
518 4133 654 4198 crinibus
687 4134 849 4220 adjunctae
879 4156 1007 4199 coronae
1032 4157 1050 4198 a
1072 4156 1120 4197 me
1144 4133 1304 4219 postulant
1326 4133 1385 4198 hoc

370 4250 438 4315 Diis
469 4252 648 4317 auctoribus
680 4252 837 4330 debitum,
870 4262 907 4318 ut
937 4254 1074 4318 citharae
1098 4276 1188 4318 sonos
1211 4254 1311 4317 varios
1336 4275 1386 4315 vo·

371 4393 496 4457 comque
520 4371 667 4437 tibiarum
687 4381 717 4436 et
734 4374 903 4438 carminum
919 4373 1169 4458 compositionem
1188 4373 1385 4438 Aenesidami

369 4491 433 4555 filio
456 4492 600 4556 misceam
633 4492 790 4571 decenter,
822 4501 852 4556 et
875 4493 948 4557 Pisa
970 4501 1007 4558 ut
1030 4493 1175 4558 clamem:
1201 4516 1218 4557 a
1242 4515 1303 4577 qua
1326 4494 1385 4557 Dc-

1207 4613 1263 4670 15*
