3767 5534
901 737 965 797 365

436 936 525 1001 Certe
547 939 607 1003 alio
631 963 730 1031 senso
744 941 867 1025 Jupiter
889 962 959 1004 enm
982 939 1144 1004 honoravit
1169 946 1261 1024 atque
1276 939 1438 1006 Hercules:

436 1063 467 1120 et
496 1064 596 1123 tamen
627 1060 772 1124 sanctitas
803 1059 925 1144 angusti
957 1058 1065 1123 Fluvii*
1088 1068 1168 1123 certe
1191 1059 1222 1123 in
1247 1081 1338 1124 causa
1360 1059 1437 1138 fuit,

436 1197 489 1239 cur
511 1177 549 1242 ab
571 1178 647 1243 Jove
670 1202 757 1242 carus
780 1177 944 1243 haberetur
966 1199 1000 1241 ac
1023 1175 1212 1262 diligeretur.

480 1298 533 1359 42.
568 1297 673 1363 Ἰδαῖον.
706 1297 745 1366 In
776 1297 899 1361 scholiis
930 1296 1059 1361 refertur
1084 1296 1121 1360 ad
1142 1296 1233 1360 idam
1256 1295 1377 1383 Gpetae,
1404 1305 1438 1359 nt

436 1423 481 1478 est
503 1414 585 1500 apud
609 1415 849 1494 Callimachum,
874 1416 988 1501 Hymn.
1013 1416 1043 1479 in
1066 1416 1191 1493 Jovem,
1218 1418 1236 1478 6
1471 1413 1474 1423 ’

545 1540 602 1599 Ζεῦ
631 1536 663 1599 σέ
685 1536 738 1613 μὲν
761 1537 898 1600 Ἰδαίοισιν
920 1536 949 1599 ἕν
972 1534 1064 1611 ederet
1085 1542 1162 1615 Φαοι
1185 1535 1325 1612 γενέσθαι.

435 1652 478 1714 At
507 1674 604 1716 unum
632 1654 770 1718 scholion
801 1661 888 1718 vetus
917 1653 999 1738 apud
1023 1652 1213 1716 Boeckhium
1237 1674 1272 1716 ex
1297 1651 1382 1715 Urat.
1409 1656 1442 1728 A,

435 1792 579 1855 perquam
609 1773 804 1836 memorabile
835 1782 894 1837 est:
924 1774 1025 1837 Ἰδαῖον
1051 1770 1149 1852 ἄντρον
1163 1775 1200 1850 ,ἕν
1219 1771 1329 1838 ”Ηλιδ.
1379 1784 1438 1846 Διρ-

434 1890 549 1970 ροιὶτριος
571 1893 586 1956 o‘
607 1894 735 1972 Σκήψιος
758 1892 801 1976 (in
821 1891 899 1956 libro
918 1894 1058 1975 οκλῆψις)
1075 1890 1140 1955 νέων
1156 1890 1341 1974 (Boeolrhius
1359 1893 1437 1973 νεὼν,

414 2013 466 2110 ἐκ
481 2008 525 2071 ·in
553 2008 742 2074 Praefatione
772 2034 801 2096 p.
826 2010 922 2074 XXII
946 2010 1034 2074 aliter
1057 2009 1193 2094 disponit
1215 2018 1246 2073 et
1269 2008 1336 2073 vult
1359 2013 1439 2093 νεῶν)

434 2125 589 2204 διακόσμου
619 2130 688 2209 ἱερὸν
719 2135 797 2201 Διός.
831 2130 894 2196 ἔνιοι
916 2129 945 2193 δὲ
969 2128 1127 2209 νομίζοντες
1149 2130 1191 2206 μὴ
1213 2134 1269 2193 τῶν
1292 2130 1335 2213 (in
1359 2128 1436 2193 libro

434 2248 512 2329 ταῖς)
541 2247 570 2310 ἕν
589 2246 686 2316 Ἤλιδι
713 2250 822 2328 χωρίων
845 2248 932 2312 αὐτὸν
955 2249 1135 2330 μεμνῆσθαι,
1159 2248 1308 2325 ὑπέλαβον
1331 2272 1440 2324 μνκροο·

434 2363 521 2428 νεύειν
537 2364 615 2437 Ἴδης
637 2374 690 2440 τῆς
713 2367 742 2430 ἔν
764 2367 859 2447 Κρήτρ
880 2367 897 2442 ἢ
919 2375 972 2441 τῆς
991 2368 1020 2431 ἐν
1035 2366 1133 2449 Τροίρι.
1156 2365 1227 2436 οὕτω
1244 2367 1321 2431 Θέων
1336 2364 1436 2449 φησίν.

434 2480 505 2546 Νοι]
537 2483 610 2546 satis
641 2484 764 2567 quidem
792 2466 914 2569 singula
937 2484 1030 2570 hujus
1054 2484 1163 2548 scholii
1186 2484 1329 2549 videntur
1352 2506 1439 2569 posse

433 2600 580 2685 intelligi:
613 2602 658 2669 id,
676 2610 778 2667 tamen
810 2611 953 2688 apparet,
985 2604 1079 2667 fnisse
1111 2610 1262 2667 vetustam
1286 2604 1323 2667 de
1345 2602 1439 2667 Idaeo

391 2705 401 2721 ¹
434 2732 521 2784 antro
549 2720 679 2805 Jovique
710 2745 794 2786 sacro
818 2724 849 2786 in
873 2722 963 2787 Elide
978 2722 1190 2787 traditionem.
1209 2724 1233 2807 1)
1280 2725 1382 2806 Atque
1406 2724 1438 2786 id

434 2846 513 2903 certe
544 2841 685 2904 convenit
715 2842 787 2905 huic
818 2842 903 2920 loco,
936 2850 1006 2929 post
1037 2840 1143 2905 Cronii
1173 2840 1378 2906 laudationem
1408 2850 1439 2905 et

433 2956 555 3041 Alphei.
601 2958 658 3036 Et,
682 2980 866 3044 quamquam
890 2959 1042 3023 Pindarus
1065 2959 1189 3044 quidem
1210 2960 1435 3023 institutionem

434 3076 644 3161 Olympiorum
669 3050 779 3142 tribuit
801 3077 928 3143 Herculi
951 3077 1036 3141 Jovis
1060 3084 1091 3141 et
1106 3077 1268 3142 Alcmenae
1285 3078 1365 3156 filio,
1383 3072 1451 3163 ‹iui-

434 3194 484 3259 Ol.
515 3182 567 3259 ΙΠ
599 3199 640 3258 26
665 3196 936 3279 Ἀμφιτρυωνιάδας
960 3188 1148 3283 appellatur,
1173 3196 1222 3262 Ol.
1248 3196 1276 3259 X
1302 3200 1343 3260 52
1368 3183 1436 3268 Διὸς

434 3313 558 3391 ἄλκιμος
589 3316 664 3394 υἱὸς,
697 3325 797 3380 tamen
829 3339 975 3402 perquam
999 3316 1155 3401 probabile
1179 3317 1336 3394 existimo,
1367 3339 1437 3380 cum

432 3434 596 3497 traditione
630 3434 668 3498 de
702 3446 789 3499 antro
825 3458 909 3499 sacro
939 3436 1032 3505 Idaeo
1063 3437 1095 3500 in
1124 3436 1213 3500 Elide
1244 3438 1437 3522 conjunctam

433 3551 526 3614 fuisse
550 3574 616 3615 cam
638 3552 675 3615 de
699 3552 833 3617 Hercule
856 3553 949 3617 Idaeo
973 3555 1166 3648 memoriam,
1192 3576 1269 3637 quae
1292 3561 1338 3618 est
1355 3555 1437 3639 apud

433 3669 612 3735 Strabonem
642 3679 673 3734 et
702 3671 895 3736 Pausaniam.
942 3671 1021 3736 Nam
1052 3672 1133 3758 apud
1158 3672 1375 3758 Geographum
1397 3673 1437 3737 le·
1539 3697 1542 3702 ’

433 3789 551 3873 marna,
580 3788 617 3853 L.
641 3788 722 3853 VHI
749 3814 778 3874 p.
804 3793 885 3854 355:
910 3794 998 3856 ε’ἵιοαι
1021 3793 1079 3872 γαρ
1103 3793 1363 3875 defeneratum,
1388 3793 1437 3857 καὶ

370 3913 375 3921 ’
433 3909 496 3988 περὶ
519 3917 572 3983 τῆς
595 3909 713 3981 κτίσεως
736 3917 786 3975 τοῦ
810 3912 881 3990 ἱεροῦ
904 3899 959 3975 καῖ
978 3912 1040 3991 τερὶ
1061 3920 1112 3986 τῆς
1128 3910 1227 3983 θέσεως
1243 3918 1293 3976 τοῦ
1309 3913 1436 3989 ἀγῶνος·

433 4032 488 4091 τῶν
518 4027 571 4103 μὲν
593 4025 644 4090 ἕνα
666 4033 721 4091 τῶν
744 4028 853 4093 Ἰδαίων
876 4029 1026 4093 δακτύλων
1051 4031 1198 4110 Ἡρακλέα
1221 4029 1366 4105 λεγόντων
1388 4031 1436 4110 οὶρ-

432 4145 566 4224 χκγέτκν
588 4146 712 4221 τούτων,
736 4152 792 4211 τῶν
815 4148 844 4211 δὲ
866 4148 914 4211 τὸν
935 4150 1102 4225 Ἀλκμήνης
1117 4148 1166 4212 καὶ
1183 4148 1262 4214 Διό.
1297 4148 1338 4212 Et
1354 4148 1437 4233 apud
1525 4171 1527 4174 ·

470 4348 494 4407 l)
509 4346 659 4395 Demetrium
685 4347 807 4411 Scepsium
831 4361 900 4410 saepe
922 4339 1008 4395 Strabo
1033 4352 1159 4396 memorat:
1184 4348 1250 4397 velot
1266 4348 1292 4398 L.
1311 4348 1331 4396 X
1348 4363 1372 4411 p.
1389 4347 1438 4399 472

435 4440 486 4504 ejus
513 4442 542 4490 de
568 4442 609 4491 lda
634 4442 719 4491 Troica
744 4446 769 4490 et
792 4442 820 4490 de
846 4442 887 4491 lde
910 4442 1006 4491 Cretica
1022 4442 1181 4492 mentionem:
1199 4443 1225 4491 L.
1243 4444 1263 4492 X
1282 4459 1303 4507 p.
1323 4443 1371 4491 552
1388 4442 1439 4506 ejus

434 4542 529 4605 Τρωικὸν
545 4538 670 4602 διάκοσμον.
