3767 5534
927 707 967 763 te

434 906 498 969 sine
529 906 705 981 civitatum,
737 906 894 988 gentium,
927 904 1039 967 civium
1069 904 1211 980 caritate,
1237 905 1290 988 qui
1314 905 1452 987 aliquam

433 1046 535 1087 eorum
561 1022 674 1107 gloriae
698 1024 943 1087 communionem
968 1022 1007 1085 ad
1027 1045 1059 1085 se
1078 1023 1240 1087 referrent:
1263 1023 1337 1106 quin
1358 1024 1452 1087 etiam
1516 1070 1519 1074 -

432 1143 588 1226 originum
620 1142 847 1205 consecratione
876 1140 1113 1205 clarissimarum
1141 1142 1300 1206 civitatum
1324 1150 1354 1205 ot
1377 1164 1453 1226 gen·

433 1261 512 1323 tium
535 1261 617 1343 ipsos
641 1260 723 1322 Deos
746 1260 818 1323 fecit
843 1267 996 1337 auctores,
1022 1268 1072 1338 ut,
1094 1283 1172 1344 quos
1192 1261 1354 1325 adorarent
1372 1282 1453 1324 mor·

433 1379 526 1455 tales,
549 1379 671 1443 eosdem
695 1379 822 1442 caritate
845 1378 1129 1464 complecterentur.

479 1498 624 1562 Graeciae
655 1521 725 1561 vero
756 1520 818 1581 quo
849 1498 953 1562 studio
981 1498 1133 1561 Pindarus
1163 1498 1272 1575 fuerit,
1297 1506 1452 1563 testantur

434 1627 545 1680 cuncta
564 1619 629 1703 ejus
649 1619 783 1682 earmina
801 1619 834 1706 in
856 1618 1151 1702 praestantissimum
1172 1617 1284 1681 collata
1303 1615 1451 1682 Graeciae

434 1736 544 1799 decus:
577 1737 715 1801 oderitne
748 1737 892 1801 barbaros
924 1737 1042 1815 nescio,
1076 1737 1131 1820 qui
1162 1738 1193 1799 iu
1221 1728 1334 1799 odiosis
1356 1735 1451 1800 rebus

433 1854 494 1918 fere
525 1854 628 1919 siluit:
657 1855 710 1919 sed
738 1878 807 1938 eos,
837 1857 891 1939 qui
915 1878 970 1940 pro
994 1855 1140 1920 Graeciae
1163 1853 1304 1919 libertate
1327 1855 1450 1918 fortiter

433 1973 577 2039 adversus
601 1974 710 2038 Medos
733 1984 965 2059 pugnaverant,
992 1975 1144 2059 praeclare
1169 1973 1315 2037 laudavit.
1363 1972 1451 2037 Oete·

432 2116 500 2157 rum
524 2115 609 2157 suam
634 2094 698 2177 ipse
722 2093 830 2157 dilexit
854 2092 970 2157 urbem.
1007 2094 1205 2178 Accepimus,
1231 2091 1315 2155 haud
1337 2114 1448 2176 magna

432 2213 547 2296 ingenii
570 2213 651 2276 fama
673 2213 845 2296 antiquitus
869 2215 901 2278 in
925 2213 1051 2277 Graecis
1073 2213 1205 2278 Boeotos
1225 2213 1332 2277 fuisse:
1355 2233 1447 2295 quam

432 2332 631 2416 ignominiam
667 2332 739 2396 licet
773 2332 864 2396 lande
898 2356 955 2397 sua
986 2333 1076 2416 longe
1108 2332 1313 2417 superaverit,
1345 2340 1447 2394 tamen

354 2449 357 2453 ⁴
432 2472 520 2534 aegre
551 2450 624 2514 tulit
654 2459 684 2513 et
715 2450 886 2534 abstergere
918 2451 1029 2515 voluit.
1045 2453 1068 2535 1)
1115 2450 1308 2515 Herodotum
1331 2448 1449 2513 Theba-

432 2591 507 2633 num
531 2590 641 2631 canens
664 2568 791 2653 incipit:
816 2568 940 2645 „Mater
963 2592 1048 2647 mea,
1073 2570 1172 2634 clarae
1195 2568 1330 2645 Thebae,
1357 2582 1447 2631 tunm

432 2711 509 2773 opus
540 2688 664 2771 negotio
693 2687 784 2751 etiam
812 2689 953 2773 superius
982 2711 1110 2774 ponam:
1136 2688 1211 2773 quid
1234 2687 1322 2752 bonis
1346 2687 1446 2751 carius

434 2829 527 2891 quam
551 2807 656 2871 dilecti
680 2806 865 2892 parentes?''
878 2805 903 2892 2)
950 2808 1009 2873 Sed
1032 2808 1085 2872 ille
1108 2808 1140 2872 in
1161 2808 1283 2892 quasvis
1302 2806 1447 2871 Graeciae

433 2926 571 2991 civitates
594 2927 748 3011 praeclara
771 2925 932 2991 Musarum
957 2928 1018 2992 tela
1041 2928 1224 3013 conjiciens,
1249 2925 1340 2990 modo
1364 2925 1447 2988 ferti·

432 3047 549 3111 litatem
581 3045 721 3123 Siciliae,
735 3040 761 3128 3)
785 3046 876 3110 modo
901 3045 1036 3131 Cyrenae
1061 3047 1292 3124 amoenitatem,
1305 3047 1331 3128 4)
1354 3043 1446 3108 modo

431 3165 538 3230 laudes
569 3165 821 3241 Atheniensium,
835 3167 860 3248 ⁵)
890 3164 1059 3229 Locrorum
1090 3164 1302 3229 fortitudinem
1331 3161 1446 3248 justiti-

432 3307 542 3368 amque
576 3283 733 3361 laudavit,
746 3284 772 3366 6)
807 3283 926 3347 Aetnae
963 3283 1047 3348 urbis
1082 3282 1258 3347 felicitatem
1290 3279 1444 3346 laudando

432 3403 561 3482 extulit,
590 3403 673 3488 quod
697 3425 801 3466 reeens
825 3402 950 3466 condita
974 3402 1117 3467 Hieronis
1142 3402 1269 3467 victoria
1291 3401 1445 3465 illustrata

432 3531 528 3600 esset,
565 3522 619 3607 qui
654 3545 685 3585 se
721 3521 865 3585 victorem
900 3522 1049 3585 voluisset
1084 3523 1253 3585 Aetnaeum
1289 3518 1444 3601 voearizll

432 3641 649 3728 impletamque
684 3648 779 3704 totam
811 3664 884 3705 suae
915 3640 1081 3725 sapientiae
1104 3640 1196 3704 laude
1220 3639 1379 3703 Graeciam
1401 3661 1445 3701 re·

432 3784 500 3825 vera
525 3760 640 3846 optimo
665 3760 799 3823 caritatis
823 3759 947 3823 vinculo
971 3760 1136 3845 copulavit.

475 3883 595 3963 Atque,
631 3890 664 3943 ut
688 3903 705 3942 a
728 3880 836 3943 latiore
861 3880 979 3964 patriae
1002 3880 1128 3943 caritate
1152 3878 1328 3943 recedamus
1352 3887 1383 3941 et
1405 3875 1444 3940 ad

431 3998 624 4083 cognationis,
659 3998 870 4082 amicitiaeque
906 3997 1063 4061 vinculum
1100 3998 1274 4061 veniamus:
1307 3994 1445 4059 Chromii

432 4116 556 4181 laudem
586 4138 657 4179 oum
687 4117 793 4180 matris
821 4140 854 4180 ac
882 4116 1015 4180 duorum
1042 4116 1174 4180 filiorum
1203 4114 1295 4178 laude
1320 4114 1445 4196 conjun-

466 4424 490 4482 1)
510 4423 547 4473 01.
568 4424 610 4472 VI.
627 4422 685 4471 151.
749 4421 773 4482 2)
791 4421 852 4471 Isth.
871 4423 893 4470 I.
913 4422 935 4469 l.
1000 4420 1024 4481 3)
1043 4420 1080 4469 Ol.
1098 4420 1121 4467 I.
1141 4418 1179 4467 lt.
1238 4419 1263 4476 4)
1280 4416 1321 4480 Py
1340 4415 1385 4463 IX.
1405 4414 1443 4463 15.

464 4522 487 4578 5)
504 4520 545 4583 Py.
568 4518 626 4568 VH.
645 4517 666 4565 l.
743 4516 767 4574 d)
788 4516 824 4565 Ol.
842 4517 873 4566 X.
891 4516 931 4564 lo.
996 4513 1020 4576 7)
1038 4514 1179 4579 Pacta.
