3767 5534
912 756 974 817 alu

432 955 605 1020 minentem
637 947 897 1034 memoraverunt,
930 967 965 1022 ut
998 967 1126 1022 testatur·
1159 959 1237 1023 idom
1271 960 1451 1026 Scholiasta.

431 1074 475 1138 ut
500 1073 682 1160 Euripides,
707 1073 808 1141 Orest.
834 1081 854 1139 4

572 1194 667 1275 ὁγὰρ
690 1196 848 1276 μακοίριος,
873 1199 941 1261 κούκ
964 1196 1084 1278 ὀνειδίζω
1108 1199 1226 1279 τύχας,

572 1305 640 1387 Διὸς
663 1318 816 1399 πεφυκὼς,
840 1318 876 1389 ὥς
899 1315 1036 1394 λέγουσι,
1060 1316 1235 1394 Τοίνταλος,

571 1439 695 1515 κορυφῆς
719 1436 934 1514 ὑπερτέλλοντα
959 1436 1109 1514 δειμαίνειν
1133 1434 1234 1517 πέτρον

540 1555 542 1560 ’
572 1552 630 1632 alpi
654 1558 783 1619 ποτᾶται
806 1555 856 1619 καί
879 1553 948 1620 τίνει
975 1556 1086 1631 ταύτην
1110 1554 1204 1631 δίκην,

572 1674 608 1745 ὥς
631 1674 684 1750 μὲν
707 1675 859 1753 λέγουσιν,
886 1673 929 1741 ίτι
953 1677 1023 1748 ίεοῖς
1046 1674 1189 1754 οίνίριοπος
1213 1675 1248 1739 ὢν

571 1800 662 1867 κοινῆς
685 1794 830 1875 τραπέζης
853 1793 959 1871 ἀξίωμ’
982 1794 1059 1875 ἔχων
1082 1794 1141 1859 ίσον

570 1911 733 1977 ἀκόλαστον
756 1912 830 1995 ἔσχε
852 1919 1010 1998 γλῶσσαν,
1036 1914 1195 1995 αἰσχίστην
1219 1913 1303 1977 νόσον.

479 2028 524 2091 Et
554 2028 641 2094 Plato
673 2031 786 2117 Cratyl.
820 2036 883 2097 395
909 2034 938 2097 D
961 2035 1170 2110 τελευτήσαντι
1194 2034 1222 2097 ἐν
1246 2031 1315 2115 ρ’ίδον
1339 2035 1356 2109 ἦ
1381 2032 1449 2112 ὑπὲρ

426 2156 488 2222 τῆς
513 2156 647 2229 κεφαλῆς
671 2157 721 2217 τοῦ
745 2153 821 2217 λίίον
843 2153 1019 2219 τανταλεία.

481 2271 535 2332 94.
574 2270 751 2350 εὐφροσύνας
782 2273 906 2338 οὶλῖιται.
948 2271 1035 2352 Quae
1059 2279 1128 2357 post
1152 2272 1234 2335 huno
1259 2270 1383 2335 verbum
1408 2293 1454 2333 so-

431 2397 594 2470 quuntur,
615 2412 650 2452 ea
666 2413 738 2453 sane
754 2391 916 2456 infortunii
933 2413 1079 2476 magnum
1096 2390 1233 2455 dolorem
1251 2390 1324 2452 satis
1341 2389 1451 2452 aeriter

432 2507 628 2592 exprimunt:
653 2508 728 2573 liaeo
752 2533 822 2574 vero
847 2511 938 2576 verba
958 2512 1025 2596 ipsa
1045 2510 1141 2574 videri
1159 2511 1278 2595 possint
1297 2531 1357 2573 non
1379 2509 1452 2571 satis

432 2626 516 2689 tanti
540 2627 653 2691 doloris
676 2628 893 2713 significationi
916 2630 1088 2694 convenire.
1135 2627 1199 2709 Qui
1221 2635 1324 2693 tamen
1348 2650 1414 2691 mos
1435 2650 1452 2690 a

433 2744 624 2811 Graecorum
655 2770 793 2812 sermone
823 2771 885 2812 non
909 2748 1069 2813 abhorret:
1094 2748 1126 2811 of
1147 2747 1256 2812 Aesoh.
1286 2746 1380 2811 onos.
1406 2750 1447 2809 30

433 2865 616 2942 ἄνελοίστοις
639 2864 819 2949 ξυμφοραῖς,
845 2875 875 2931 et
898 2870 963 2931 448
984 2867 1150 2947 ἑτοιμότερα
1169 2867 1306 2945 νίλιοτος.
1340 2865 1448 2950 Eurip.

434 2983 507 3049 Tro.
533 2986 595 3049 635

616 3106 629 3170 ὅ
652 3106 677 3169 δ’
699 3106 869 3186 εὐτυχήσας
892 3109 921 3178 ἐς
946 3105 979 3171 τὸ
1002 3106 1147 3188 δυστυχὲς
1171 3106 1264 3171 πεσὼν

616 3226 719 3306 ψυχὴν
741 3226 857 3290 οίλοῖται
879 3235 932 3301 τῆς
957 3226 1065 3306 ποίροιί
1090 3224 1258 3307 εὐπραξίας.

485 3345 537 3407 95.
561 3342 745 3419 ὀίπιίλοιμον.
782 3343 829 3407 Cf.
854 3342 904 3409 Ol.
929 3344 974 3410 Π.
1002 3347 1074 3409 105.

475 3464 537 3561 ,9⁷·
576 3463 657 3539 μετα
686 3468 767 3542 τριῶν
790 3463 926 3544 τέταρτον
950 3463 1043 3529 πίνον.
1092 3462 1193 3527 Multa
1217 3463 1254 3526 de
1278 3462 1326 3525 his
1351 3462 1449 3527 verbis

435 3583 470 3646 in
502 3582 626 3646 scholiis
657 3582 826 3668 disputatio
858 3590 921 3661 est,
958 3606 1050 3668 quam
1074 3582 1195 3668 quidem
1221 3582 1363 3668 persequi
1387 3604 1449 3647 non
1545 3586 1548 3591 ’

436 3702 488 3765 hio
519 3700 640 3765 videtur
662 3703 875 3766 necessarium.
923 3701 1037 3766 Verum
1066 3702 1244 3766 Fredericus
1269 3702 1448 3767 Heimsootlr

435 3822 470 3884 in
502 3821 651 3906 opusculo
682 3821 846 3905 diligenter
881 3846 914 3886 ao
951 3821 1040 3885 docte
1072 3823 1203 3907 scripto:
1237 3820 1389 3885 addenda
1419 3828 1449 3885 et

435 3939 618 4025 corrigenda
646 3941 679 4004 in
710 3940 934 4004 commentariis
966 3939 1107 4004 Pindari:
1145 3964 1174 4027 p.
1211 3943 1248 4020 8,
1285 3940 1449 4004 ostendens

435 4056 519 4122 πίνον
542 4081 606 4122 esse
630 4059 851 4143 appositionem
877 4059 958 4122 vocis
981 4059 1063 4136 βίον,
1088 4060 1120 4123 in
1143 4065 1223 4140 τριῶν
1245 4059 1358 4145 pariter
1376 4060 1451 4123 vita-

433 4200 506 4242 rum
537 4178 787 4262 significationem
821 4201 884 4242 esse
916 4178 1086 4243 existimat:
1119 4202 1275 4265 quumque
1299 4179 1450 4244 Pindarus

434 4296 487 4361 01.
519 4296 554 4360 ΙΙ
586 4300 646 4361 123
679 4297 831 4383 triplicem
854 4297 948 4361 vitam
973 4307 1204 4377 commemoret,
1237 4306 1345 4383 quarto
1370 4300 1450 4363 vitae

433 4416 540 4482 labore
571 4426 718 4481 extremas
750 4439 910 4480 aerumnas
941 4416 1073 4480 Tantalo
1104 4418 1234 4483 inflictas
1266 4418 1448 4503 significari:

430 4536 495 4621 jam
527 4535 610 4599 huuc
642 4560 705 4599 esso
736 4536 827 4599 finem
858 4534 954 4598 totius
978 4535 1058 4599 vitae
1083 4536 1284 4621 laborumque
1307 4536 1446 4601 Tantalo.

1271 4671 1329 4731 18*
