3767 5534
910 731 974 791 299

479 934 531 998 88.
566 933 685 1003 νένειινές.
721 931 853 996 Dubitat
877 930 1034 1016 Heyuius,
1067 939 1170 995 utrum
1194 937 1314 1015 tempus
1337 930 1454 1014 signifi·

431 1057 535 1129 aetus,
559 1051 644 1115 velut
667 1049 717 1115 Ol.
740 1049 787 1114 IX
809 1054 828 1114 9
852 1047 967 1127 ένιιέεν,
994 1061 1063 1135 post
1083 1050 1211 1134 longum
1233 1048 1451 1125 intervallum,

432 1193 473 1236 au
503 1170 607 1248 locus,
636 1171 789 1251 εὐριινέέεν.
837 1169 954 1235 Verum
985 1192 1048 1235 non
1073 1169 1146 1233 satis
1170 1168 1303 1233 attendit
1326 1167 1364 1231 ad
1388 1166 1450 1231 dis-

432 1290 548 1354 crimen
572 1288 708 1354 adverbii
730 1290 799 1360 ἓκέις
823 1288 860 1353 ab
884 1289 937 1366 iis,
963 1310 1041 1372 quae
1066 1289 1099 1352 in
1122 1289 1166 1352 θεν
1189 1286 1352 1362 desinunt,
1377 1307 1451 1369 quo-

431 1429 502 1476 ram
533 1407 655 1492 propria
685 1408 868 1492 significatio
894 1415 941 1473 est
964 1415 1067 1472 motus
1091 1406 1129 1471 de
1153 1407 1237 1483 loco,
1262 1426 1340 1491 quae
1363 1405 1390 1468 si
1413 1404 1451 1468 ad

432 1534 554 1612 tempus
585 1527 784 1605 transfertur,
817 1525 917 1593 έκνιέεν
940 1526 1095 1612 signifieat
1117 1548 1155 1590 ex
1178 1525 1272 1610 longo
1294 1533 1449 1609 tempore:

433 1646 805 1731 quam'signifieationem
828 1655 910 1711 recte
934 1646 1044 1712 tribuit
1068 1647 1095 1710 ei
1116 1644 1265 1709 vocabulo
1286 1643 1336 1708 Ol.
1355 1642 1403 1707 IX
1420 1647 1450 1707 9.

433 1764 620 1828 Plutarchus
651 1765 682 1832 in
711 1763 829 1832 'Iheseo
862 1764 1009 1829 XXXIII
1041 1764 1074 1829 τὸ
1097 1765 1157 1844 γὰρ
1180 1762 1238 1829 ἄνει
1262 1764 1327 1833 τοὺς
1352 1765 1451 1828 Ἀππι·

433 1884 499 1955 noha
529 1882 636 1954 εὶνέιινις
668 1882 833 1965 ὀνομάζειν,
866 1882 916 1948 καὶ
940 1884 1077 1948 νὶνέιιιιέεν
1099 1882 1134 1947 πὸ
1157 1880 1270 1947 ἄνωθεν.
1320 1879 1382 1945 Ubi
1406 1902 1452 1944 ae-

434 2010 543 2073 eeutus
574 2002 699 2087 quidem
729 2002 817 2067 aliter
846 2003 972 2087 ponitur
995 2023 1030 2066 aa
1054 2011 1159 2066 nostro
1182 1999 1268 2078 loeo;
1292 2006 1324 2064 et
1346 2021 1453 2064 resisus

435 2121 621 2206 Apollonius
652 2120 879 2190 Alexandrinus
911 2120 1108 2187 scribendum
1138 2119 1264 2204 quidem
1289 2141 1353 2182 esse
1377 2116 1452 2182 dicit

435 2239 560 2323 ἀεικές,
596 2241 717 2306 Atticos
752 2261 822 2306 vero
855 2242 957 2308 miuus
989 2248 1071 2306 reete
1103 2240 1234 2308 seribere
1257 2236 1382 2309 ἄνεκιιεε
1416 2237 1455 2301 de

436 2358 603 2437 adverbiis,
628 2359 776 2424 anecdota
795 2359 914 2426 Graeca
932 2359 1023 2424 Imm.
1045 2358 1193 2436 Bekkeri,
1215 2358 1251 2423 Τ.
1273 2356 1309 2421 ΙΙ
1330 2380 1359 2442 p.
1379 2359 1454 2422 570.

436 2477 485 2544 Of.
505 2477 630 2546 Loheck
650 2478 689 2547 ad
706 2478 915 2563 Phrynichum
934 2502 964 2563 p.
983 2481 1058 2546 270.
1089 2478 1259 2563 Aeschylus
1277 2476 1372 2542 Choe.
1390 2478 1453 2542 427

433 2597 540 2669 ἄνωθεν
570 2596 716 2668 aalma.
764 2596 940 2664 Herodotus
973 2598 1006 2662 in
1033 2605 1170 2682 tempore
1194 2595 1395 2681 significando
1419 2595 1454 2660 ΙΙ

435 2719 480 2781 43
511 2715 701 2797 Ἀμφιτρύων
729 2717 778 2781 nat
802 2718 972 2799 Ἀλκμήνη,
1004 2717 1159 2795 γεγονότες
1182 2718 1216 2781 πὸ
1239 2715 1376 2781 ἀνέκνιέεν
1398 2716 1453 2779 ἀπ’

435 2834 602 2912 Αἰγύπτου.
646 2832 761 2901 Verum
785 2842 865 2900 certe
889 2834 974 2900 aliud
999 2841 1045 2899 est
1066 2836 1175 2907 νὶνεκίιε
1198 2834 1344 2916 πέμπειν,
1370 2833 1455 2897 aliud

433 2952 574 3017 νὶνέιινιέεν
607 2951 744 3030 πέμπειν.
791 2952 904 3021 Pollux
940 2952 1066 3035 quidem
1099 2951 1136 3016 L.
1169 2950 1218 3015 IX
1253 2955 1313 3017 107
1348 2951 1454 3016 seribit

434 3076 569 3152 πφνιΐριιν
599 3070 736 3148 πέμπειν.
783 3069 824 3133 Et
856 3077 988 3152 πφιιῖρνιν
1018 3072 1077 3135 ἄνει
1110 3069 1237 3147 πέμπειν
1266 3070 1341 3154 quid
1369 3069 1453 3134 aliud

435 3189 589 3275 siguificat
619 3190 681 3261 nisi
708 3190 803 3274 pilam
831 3190 864 3253 iu
887 3188 1020 3254 sublime
1043 3187 1186 3253 mittere?
1233 3188 1344 3253 Aeeeh.
1369 3188 1452 3253 Pers.

435 3307 502 3372 645
535 3306 567 3369 in
597 3305 752 3372 evocando
782 3306 895 3372 Dario:
927 3306 1064 3382 πέμπετε
1087 3303 1112 3367 δ’
1135 3303 1204 3368 ἄνω.
1251 3301 1346 3388 Soph.
1371 3301 1452 3367 Phil.

437 3428 524 3494 1162
559 3422 615 3491 tea
648 3428 759 3503 πέμπει
793 3425 925 3506 atteia
962 3421 1026 3490 μέν.
1073 3422 1187 3488 Noster
1194 3471 1204 3500 ,
1238 3421 1288 3485 Ol.
1323 3419 1388 3484 VII
1412 3423 1453 3484 23

434 3543 583 3614 Rhodum
605 3567 642 3608 ex
665 3545 741 3610 maii
764 3546 793 3617 ἐς
817 3544 916 3623 attiae
939 3545 1140 3625 πεμφθεῖσαν.
1181 3542 1249 3606 Hoc
1269 3541 1364 3626 igitur
1384 3539 1455 3604 Piu-

434 3662 504 3727 dari
536 3662 604 3728 loeo
639 3663 746 3735 ἀνεκὰς
781 3664 908 3740 πέμπειν
948 3662 1067 3727 videtur
1097 3662 1175 3726 mihi
1198 3660 1454 3746 significationem

434 3780 548 3848 habere
581 3781 613 3849 in
648 3781 745 3852 altum
778 3780 946 3858 evehendi‚
979 3780 1140 3845 efferendi:
1174 3780 1297 3864 copiose
1328 3777 1455 3843 additur

435 3899 622 3985 adjeetivum
654 3900 782 3981 ὑψιμένε
815 3923 937 3970 sursum
972 3900 1098 3965 evehere
1125 3898 1303 3965 felicitatem
1327 3919 1455 3981 eamque

436 4018 530 4082 altam
555 4018 680 4084 effieere.
715 4018 785 4083 Jam
808 4042 898 4083 versu
923 4022 966 4083 34
991 4019 1109 4083 dixerat
1133 4018 1244 4095 Poeta,
1270 4016 1454 4081 oblivionem

436 4137 588 4206 malorum
618 4138 684 4202 lieri
713 4138 838 4202 meliore
869 4137 1008 4201 fortuna:
1042 4159 1126 4201 nune
1159 4159 1249 4214 vero,
1281 4136 1347 4221 ipsa
1375 4134 1456 4198 male

437 4278 564 4340 prorsus
588 4256 696 4335 deleri,
721 4256 866 4321 felicitate
889 4256 921 4320 in
949 4256 1047 4320 altum
1071 4263 1182 4319 evecta.
1229 4254 1323 4318 Recte
1346 4253 1455 4318 seholi·

437 4381 504 4444 asta
531 4382 634 4442 vetus:
663 4372 733 4439 έπιιν
756 4379 773 4452 ἦ
796 4382 846 4442 ποῦ
870 4377 932 4442 teet
957 4383 1043 4455 μοῖραι
1066 4377 1115 4440 τὸν
1138 4374 1224 4453 tatius
1247 4372 1306 4438 ἄνω
1330 4370 1451 4453 αὐξήσει.

484 4495 537 4560 39.
572 4493 714 4588 εὐθρόνοις.
749 4493 918 4581 Epitheton
943 4496 1043 4582 regiae
1069 4494 1239 4582 diguitatis.
1282 4492 1452 4559 Scholiasta
