3767 5534
913 717 976 779 231

434 918 457 982 ii
489 918 607 983 civibus
638 919 729 983 etiam
761 920 914 1005 sapientes
938 941 1003 982 esse
1027 916 1182 981 videntur.
1229 916 1371 980 Servator
1395 919 1450 1002 qui

435 1037 466 1100 in
491 1036 617 1102 sublimi
641 1060 672 1101 es
695 1037 833 1123 Jupiter,
859 1036 1069 1120 Croniumque
1090 1036 1144 1119 qui
1160 1034 1280 1100 habitas
1298 1035 1452 1101 tumulum
1488 1041 1529 1100 40

434 1163 466 1219 et
487 1155 643 1241 Alpheum
663 1156 794 1221 honoras
814 1157 877 1222 late
893 1157 1058 1233 fluentem,
1076 1155 1267 1240 Idaeumque
1283 1165 1449 1240 augustum

433 1283 577 1353 antrum,
606 1276 738 1361 supplex
761 1284 836 1340 tuus
860 1276 967 1353 venio,
991 1274 1098 1360 Lydiis
1122 1295 1234 1338 sonans
1259 1274 1361 1351 tibiis,
1388 1297 1451 1359 prc-

432 1401 561 1459 caturus
577 1394 685 1459 urbem
700 1395 779 1459 hanc
796 1405 832 1459 ut
847 1394 1013 1459 virtutibus
1031 1394 1171 1478 gloriosis
1185 1393 1324 1458 decores:
1341 1402 1450 1472 tuone,

432 1513 533 1577 victor
567 1511 745 1598 Olympico,
782 1522 818 1578 ut
852 1513 1021 1599 Neptuniis
1053 1512 1223 1578 delectatus
1255 1513 1343 1598 equis
1374 1515 1452 1576 feras
1489 1516 1528 1576 50

433 1638 624 1695 senectutem
646 1631 727 1696 bono
747 1632 849 1696 animo
869 1632 907 1695 ad
928 1633 1037 1709 finem,
1059 1631 1147 1709 filiis,
1168 1631 1311 1709 Psaumi‚
1333 1630 1454 1695 adstan·
1573 1649 1578 1661 ·

432 1750 527 1816 tibus.
564 1750 724 1816 Valentem
754 1753 779 1816 si
809 1753 878 1837 quis
910 1753 990 1838 rigat
1017 1752 1190 1830 fortunam,
1215 1753 1315 1837 largas
1339 1753 1454 1817 habens

432 1893 508 1956 opes
531 1880 562 1935 et
586 1870 695 1935 bonam
721 1871 832 1935 famam
855 1871 1046 1958 adjungens,
1070 1894 1109 1936 ne
1133 1881 1259 1956 quaerat
1282 1872 1344 1937 fieri
1368 1872 1454 1937 deus.

806 2344 1005 2410 OLYMPIA
1030 2346 1087 2412 VI.

780 2603 913 2647 nolasmu
936 2603 1117 2648 SYRACUSIO.

885 2823 999 2886 Rhodo.

480 3061 596 3123 Aureus
631 3066 839 3145 supponentes
875 3059 1043 3144 parietibus
1078 3058 1189 3123 decoro
1224 3058 1335 3123 domus
1371 3062 1447 3123 atrio

375 3211 377 3216 v
434 3177 610 3256 columnas,
635 3188 670 3242 ut
694 3180 720 3243 si
744 3180 946 3263 conspicuum
966 3188 1100 3257 tectum,
1121 3201 1308 3263 pangemus:
1326 3202 1450 3244 nascen-

433 3297 474 3360 tis
504 3297 605 3382 operis
637 3298 769 3362 frontem
803 3307 925 3384 oportet
956 3299 1054 3362 facere
1085 3297 1176 3383 longe
1208 3297 1369 3363 lucentem.
1416 3298 1448 3361 Si

434 3418 533 3481 victor
563 3428 627 3481 erat
656 3417 834 3502 Olympiae,
860 3440 991 3502 araeque
1015 3417 1158 3483 fatidicae
1180 3418 1319 3483 minister
1343 3418 1448 3497 Pisae,

434 3545 466 3600 et
487 3535 681 3605 conditarum
705 3536 909 3621 gloriosarum
929 3536 1148 3621 Syracusarum
1168 3538 1285 3601 socius:
1308 3560 1371 3623 quo
1389 3560 1451 3602 oar-

432 3654 515 3718 mine
546 3665 661 3719 careret
692 3655 744 3719 ille
774 3657 820 3719 vir
848 3657 1027 3721 nanciscens
1051 3657 1161 3721 civium
1187 3678 1250 3720 uon
1273 3656 1448 3723 invidorum
1487 3662 1525 3722 10

432 3779 541 3837 cautus
570 3774 746 3859 jucundos?
791 3775 875 3839 Sciat
906 3776 989 3839 enim
1019 3776 1052 3840 in
1082 3776 1140 3840 hoc
1163 3775 1265 3841 calceo
1289 3799 1320 3840 se
1344 3776 1449 3841 divina

433 3902 515 3957 sorte
538 3893 647 3978 pedem
671 3893 782 3959 habere
806 3894 937 3958 Sostrati
961 3894 1052 3959 filius.
1088 3894 1160 3960 Sine
1184 3896 1323 3981 periculo
1342 3896 1448 3960 laudes

432 4034 531 4097 neque
562 4013 595 4076 in
627 4012 804 4077 hominibus
836 4036 935 4098 neque
967 4014 997 4077 in
1022 4014 1153 4079 navibus
1177 4015 1259 4079 cavis
1283 4014 1450 4079 honoratae

433 4138 523 4195 sunt:
555 4131 646 4196 multi
675 4155 745 4196 vero
777 4133 1001 4210 meminerunt,
1027 4134 1052 4197 si
1077 4156 1138 4218 qua
1160 4134 1229 4198 laus
1253 4156 1324 4197 cum
1346 4132 1450 4197 labore

435 4251 573 4334 quaesita
592 4260 646 4315 est.
680 4252 809 4335 Agesia,
831 4251 887 4316 tibi
907 4252 1103 4337 praeconium
1123 4259 1265 4338 paratum
1285 4261 1345 4331 est,
1365 4253 1448 4338 quod

431 4370 501 4455 jure
531 4379 671 4456 prompta
698 4370 807 4456 lingua
830 4371 997 4455 aliquando
1021 4372 1172 4437 Adrastus
1196 4373 1235 4437 in
1255 4384 1350 4437 vatem
1377 4375 1448 4437 Am·
1484 4376 1524 4436 20

435 4488 596 4584 phiaraum
618 4489 722 4554 Oeclei
745 4490 841 4556 filium
866 4490 963 4569 dixit,
987 4499 1151 4577 postquam
1175 4492 1276 4577 ipsum
1297 4501 1327 4556 et
1348 4492 1446 4577 splen-
