3767 5534
911 709 975 769 448

438 910 619 995 praecedens
646 931 740 993 regno
763 908 978 987 Doriensium,
1003 933 1059 974 nec
1082 911 1282 997 praecessisse
1307 914 1454 999 intelligi·

436 1040 504 1093 tur:
530 1052 634 1093 verum
659 1049 719 1111 quo
743 1035 877 1111 tempore
902 1029 1026 1093 initium
1050 1029 1115 1113 ejus
1138 1032 1226 1115 regui
1250 1033 1366 1097 iactum
1391 1035 1451 1111 sit,

435 1147 616 1212 declaratur.
664 1146 815 1210 Pindarus
847 1146 877 1209 h.
903 1146 922 1209 Ι.
948 1148 1096 1231 originem
1119 1148 1263 1215 Doricam
1286 1151 1449 1234 usquead

434 1267 536 1352 ipsum
561 1265 807 1330 laudatissimum
831 1265 931 1349 gentis
955 1266 1152 1350 Aegineticae
1176 1268 1367 1333 conditorem
1392 1272 1450 1333 Ae-

434 1406 521 1448 acum
544 1384 645 1448 refert.
680 1382 771 1447 Nem.
795 1382 848 1446 HI
874 1386 891 1445 5
917 1384 1052 1468 appellat
1075 1385 1190 1465 Δωρίδα
1206 1390 1291 1453 νᾶσον
1308 1386 1446 1465 Atyanas,

434 1513 464 1568 et
497 1506 556 1567 21:
587 1500 765 1582 Μυρμιδόνες
797 1498 844 1565 ἵνα
867 1503 993 1582 πρότερον
1017 1501 1139 1584 ᾤκησαν.
1186 1503 1253 1569 Nec
1278 1512 1381 1569 tamen
1405 1505 1448 1569 ibi

434 1622 581 1686 Doricum
604 1643 716 1685 nomen
739 1627 770 1683 et
794 1619 1003 1704 Myrmidonas
1027 1620 1071 1685 ita
1094 1621 1263 1707 significat,
1288 1632 1325 1687 ut
1349 1623 1382 1688 hi
1405 1646 1449 1687 se·

431 1742 532 1826 juncti
562 1739 600 1804 ab
631 1739 684 1802 illo
715 1760 779 1802 esse
803 1738 983 1817 debuerint,
1008 1738 1061 1803 sed
1084 1740 1209 1820 πρότερον
1232 1742 1447 1807 tantummodo

433 1860 560 1942 antiqua
589 1866 727 1941 tempora
757 1864 852 1920 notat.
899 1855 1058 1940 Significat
1087 1864 1189 1922 autem
1214 1858 1445 1943 Myrmidonum

432 1976 554 2040 nomine
578 1982 712 2039 vetustos
736 1974 895 2039 Aeacidas.
932 1973 1019 2054 Quos
1043 1998 1139 2059 quum
1163 1977 1195 2040 in
1219 1977 1273 2041 illo
1289 1976 1444 2043 Nemeaeo

430 2096 562 2159 carmine
585 2117 647 2158 non
672 2117 688 2157 e
711 2115 838 2157 numero
855 2092 1051 2158 Doriensium
1069 2095 1197 2172 eximat,
1215 2096 1273 2159 hoc
1289 2118 1361 2160 vero
1377 2096 1444 2160 loco

430 2213 542 2276 diserte
574 2212 606 2276 in
638 2234 708 2275 eum
739 2234 900 2275 numerum
931 2211 1058 2289 referat,
1090 2234 1202 2276 nomen
1232 2213 1382 2278 Doricum
1406 2213 1443 2277 ad

430 2332 603 2416 antiquiora
637 2338 774 2415 tempora
808 2330 913 2393 retulit
947 2338 978 2394 et
1024 2331 1062 2395 ad
1086 2353 1137 2410 ea,
1162 2331 1276 2415 quibus
1304 2332 1441 2397 nondum

432 2452 464 2515 iu
485 2450 604 2533 Aegina
619 2448 808 2513 invaluisset.
843 2448 959 2512 Verum
976 2471 1086 2514 nomeu
1103 2449 1199 2528 illud,
1217 2451 1300 2535 quod
1317 2452 1442 2516 omniuo

432 2569 584 2654 posterius
615 2568 646 2631 in
679 2566 803 2630 Graecis
837 2567 986 2644 invaluit,
1019 2568 1126 2632 retulit
1157 2568 1194 2631 ad
1218 2570 1324 2653 priora
1346 2569 1445 2653 gentis

432 2695 586 2771 tempora,
611 2691 641 2748 et
666 2684 808 2748 Doricam
824 2691 945 2769 gentem
963 2685 1129 2771 appellavit
1146 2708 1229 2763 eam,
1248 2710 1326 2771 quae
1342 2695 1446 2772 postea

431 2804 544 2868 Dorica
566 2803 724 2867 nominata
747 2809 803 2866 cst.
839 2801 878 2866 In
902 2802 1041 2888 catalogo
1065 2802 1252 2868 Graecorum
1276 2804 1360 2889 apud
1383 2803 1444 2868 Ho-

432 2945 548 2987 merum
580 2922 773 2985 Doriensium
803 2944 914 2985 nomen
937 2930 1086 2998 nonest,
1110 2922 1265 3005 nequeiu
1290 2930 1356 2986 toto
1380 2920 1441 2986 Ho-

432 3064 532 3120 mero,
557 3041 583 3104 si
606 3039 683 3104 bene
706 3040 849 3118 memini,
874 3048 1087 3125 praeterquam
1104 3039 1187 3122 quod
1203 3037 1263 3103 Od.
1281 3039 1360 3104 XIX
1382 3041 1441 3105 177

433 3167 632 3225 numerantur
655 3159 687 3221 iu
711 3156 818 3221 Cretae
841 3157 961 3221 incolis.
996 3156 1191 3235 Herodotus,
1213 3156 1305 3236 156,
1322 3166 1442 3242 gentem

433 3279 576 3344 Doricam
605 3279 667 3362 jam
701 3276 899 3340 Deucalionis
930 3284 1067 3360 tempore
1090 3275 1122 3339 in
1146 3274 1327 3340 Phthiotide
1351 3276 1443 3340 fuisse

431 3398 542 3476 tradit,
577 3418 611 3460 ac
643 3403 708 3459 tum
741 3394 866 3458 demum
889 3394 1032 3457 Doricam
1056 3416 1122 3458 eam
1145 3393 1334 3457 nominatam
1359 3416 1439 3471 esse,

431 3539 526 3600 quum
544 3522 613 3601 post
630 3514 742 3578 multas
754 3513 950 3597 migrationes
963 3511 1207 3597 Peloponnesum
1222 3511 1440 3597 occupavisset.

432 3636 535 3717 Atque
571 3655 667 3719 quum
702 3639 790 3695 antea
816 3630 1018 3694 Achaeorum
1053 3651 1163 3693 nomen
1196 3629 1305 3694 fuisset
1337 3630 1442 3694 ceteris

431 3752 544 3836 majus,
575 3750 605 3815 id
639 3749 723 3834 quod
754 3748 889 3812 ostendit
920 3747 1089 3825 Homerus,
1122 3746 1177 3830 qui
1206 3768 1296 3831 saepe
1324 3769 1442 3811 omnem

432 3869 618 3934 Graecorum
649 3868 815 3933 exercitum
846 3866 904 3929 hoc
934 3866 1059 3931 nomine
1089 3864 1243 3941 declarat,
1276 3864 1439 3930 Pindarum

433 4011 502 4066 eos,
535 3988 588 4072 qui
620 3993 711 4051 antea
733 3985 849 4049 Achaei
871 3984 1003 4047 fuissent
1022 3984 1092 4068 jure
1115 4005 1171 4047 suo
1195 3983 1360 4068 appellati,
1386 3983 1442 4047 Do·

434 4107 581 4171 riensium
614 4105 737 4170 nomine
771 4102 964 4188 complexum
999 4124 1064 4166 esse
1099 4108 1185 4187 puto.
1233 4102 1270 4166 In
1307 4103 1442 4187 catalogo

434 4231 537 4287 autem
559 4246 593 4285 vs
619 4224 683 4285 684
706 4228 903 4285 recensentur
926 4219 1058 4284 Phthiae
1081 4218 1217 4296 incolae,

499 4341 677 4422 Μυρμιδόνες
701 4340 731 4403 δὲ
753 4345 895 4403 καλεῦντο
918 4337 967 4401 aal
988 4337 1133 4411 Ἕλληνες
1155 4337 1205 4400 aal
1230 4337 1372 4417 Ἀχαιοί·

433 4466 464 4522 et
488 4482 536 4522 vss
561 4459 624 4521 559
649 4478 724 4541 seqq
747 4457 854 4540 Argivi
879 4463 1086 4519 memorantur
1109 4453 1349 4539 Epidauriique,
