3767 5534
876 732 916 793 tl

429 933 526 1011 Satis,
551 934 583 997 ni
607 933 712 1011 fallor,
738 933 866 997 lectores
890 935 1001 998 horum
1023 935 1232 1021 exemplorum
1252 939 1400 1004 rationem

273 1071 275 1073 ·
379 1052 573 1137 intelligunt.
608 1051 718 1136 Neque
742 1052 822 1116 enim
848 1053 975 1116 sanein
1000 1076 1098 1138 poena
1117 1055 1278 1120 Coronidis
1299 1080 1400 1121 aman·

380 1182 446 1237 tem
470 1172 603 1257 aliquem
627 1173 795 1250 cernimus,
821 1194 912 1256 quem
936 1182 1038 1237 amata
1055 1175 1271 1252 oontemserit,
1293 1183 1329 1241 ut
1348 1177 1399 1241 ille

381 1294 431 1357 ira
459 1293 601 1356 incensus
628 1292 779 1377 supplicio
803 1314 869 1355 eam
893 1292 1043 1357 affecerit:
1070 1293 1123 1357 sed
1147 1294 1248 1359 Deum
1273 1296 1400 1387 suspici-

381 1435 471 1489 mus,
501 1433 564 1475 non
595 1433 719 1496 passum
752 1412 916 1475 humanam
949 1412 1216 1497 intemperantiam
1240 1438 1271 1478 se
1296 1415 1401 1479 efferre

336 1575 342 1586 ·
381 1531 618 1616 lasciviamque,
650 1532 857 1595 contemnenti
886 1531 1022 1596 divinam
1046 1533 1265 1617 praestantiam
1287 1535 1399 1600 iratum

381 1672 419 1714 ac
441 1649 619 1715 terribilem.
667 1650 869 1735 Aesculapius
894 1673 965 1715 vero
985 1652 1120 1738 sapiens:
1143 1652 1196 1717 sed
1218 1654 1399 1739 sapientiam

381 1791 507 1854 quoque
530 1771 666 1854 corrupit
689 1771 733 1834 vis
758 1781 788 1834 et
812 1771 973 1857 superbia:
999 1780 1127 1835 conatus
1152 1772 1247 1837 nimia
1269 1784 1399 1838 mortem

381 1889 511 1953 invenit.
559 1888 694 1953 Omnino
726 1890 756 1954 in
788 1891 930 1955 omnibus
963 1901 1106 1976 apparet,
1139 1899 1279 1976 oportere
1308 1894 1402 1957 vereri

381 2010 466 2073 Deos
490 2016 521 2073 et
544 2010 713 2073 humanum
737 2020 840 2074 tenere
864 2010 1008 2074 modum:
1034 2034 1096 2075 non
1119 2012 1213 2076 latere
1237 2035 1323 2091 eum,
1349 2014 1402 2097 qui

381 2128 575 2192 committere
595 2127 723 2206 audeat,
745 2138 779 2192 ut
800 2129 867 2192 Diis
887 2128 1063 2214 displiceat:
1085 2130 1161 2194 uam
1177 2153 1248 2195 vero
1263 2131 1401 2196 Deorum

382 2258 416 2311 et
436 2248 497 2311 vim
521 2270 586 2311 esse
606 2248 784 2325 maximam,
806 2270 905 2333 neque
925 2249 952 2311 ei
972 2271 1062 2335 posse
1081 2250 1195 2327 resisti,
1216 2272 1315 2334 neque
1335 2274 1400 2315 eam

384 2390 473 2452 posse
495 2367 596 2431 vitari.
644 2366 756 2431 Nobile
779 2389 891 2431 nomen
914 2367 1072 2453 Typhonis
1093 2369 1323 2454 Gigantumque
1342 2370 1404 2435 fuit

383 2495 415 2551 et
440 2486 518 2549 vires
542 2487 698 2571 ingentes:
723 2509 829 2550 verum

632 2606 688 2683 βίον
711 2607 739 2671 δὲ
762 2607 811 2671 aul
834 2607 1034 2687 μεγάλννχνν
1056 2608 1150 2689 ἔσφα-

631 2741 681 2789 λεν
703 2727 732 2790 ἕν
754 2726 856 2806 χρόνῳ·

382 2848 453 2924 „aaa
470 2846 558 2909 etiam
575 2848 726 2929 superbum
746 2846 886 2929 tabefacit
904 2850 1071 2930 aliquando.
1108 2846 1139 2910 Ν
1141 2870 1174 2911 ec
1194 2847 1302 2933 Typho
1319 2846 1400 2911 Cilix

383 2964 495 3050 effugit
525 2987 591 3028 eam
622 2987 678 3029 neo
701 2988 754 3029 rex
777 2965 964 3049 Gigantum:
981 2951 1098 3029 'domiti
1122 2973 1195 3030 sunt
1218 2965 1348 3030 fulmine
1372 2975 1402 3029 et

385 3083 543 3170 Apollinis
566 3083 670 3147 arcu.''
684 3083 708 3168 ¹)
754 3082 827 3146 Non
851 3084 973 3169 singula
996 3107 1068 3162 nos,
1094 3107 1172 3168 quae
1192 3084 1273 3170 apud
1295 3084 1404 3149 Pinda-

383 3224 456 3267 rum
487 3208 578 3280 sunt,
606 3204 834 3287 persequimur:
861 3203 934 3267 satis
959 3210 1004 3267 est
1029 3226 1064 3267 ea
1087 3225 1253 3289 exponere,
1278 3226 1313 3266 ex
1339 3204 1404 3287 qui-

384 3322 445 3386 bus
469 3322 536 3406 ejus
559 3322 711 3385 sententia
734 3321 935 3405 intelligatur.
976 3321 1035 3386 Sed
1059 3322 1235 3408 Typhonem
1257 3323 1316 3386 alio
1336 3322 1403 3387 loco

383 3442 547 3529 proposuit
577 3441 748 3527 copiosius,
781 3438 1040 3527 quemadmodum
1072 3444 1203 3507 Aetnam
1235 3443 1401 3520 sustineat,

383 3561 561 3626 mirandum
591 3562 659 3625 visu
691 3562 883 3647 prodigium,
915 3562 1026 3626 auditu
1057 3583 1181 3646 quoque
1212 3561 1402 3627 mirandum:

384 3682 440 3747 sed
464 3682 653 3747 convertitur
675 3704 694 3745 a
715 3689 807 3767 poeta
829 3681 951 3745 miratio
975 3682 1008 3745 in
1032 3681 1304 3767 supplicationem,
1326 3681 1404 3745 Deo·

384 3822 535 3886 rumque,
560 3824 691 3886 quorum
716 3808 802 3865 tanta
820 3800 957 3864 vindicta
977 3809 1036 3879 est,
1058 3823 1136 3886 quae
1156 3800 1331 3885 superbiam
1350 3824 1407 3885 pu·

385 3922 469 3997 nist,
498 3921 628 3984 maxime
656 3922 737 4006 piam
761 3920 1007 3997 venerationem,
1033 3928 1063 3983 et
1086 3921 1119 3983 in
1142 3919 1289 4005 adspectu
1314 3920 1404 4002 quasi

384 4041 443 4105 illo
466 4047 570 4105 monte
592 4041 693 4125 posito
717 4048 860 4124 precatur
882 4040 1007 4103 Jovem:

658 4152 716 4235 ἐἴν
740 4165 816 4235 Ζεῦ,
839 4159 884 4223 τὶν
907 4158 949 4232 εἴη
973 4157 1110 4223 ἁνδάνειν·

387 4278 536 4359 continpat
559 4266 648 4355 ruiti,
672 4280 807 4361 fimiter,
832 4280 982 4359 coutinput
1004 4277 1076 4341 milri
1094 4279 1213 4359 placere
1235 4275 1299 4339 utu
1314 4275 1337 4357 ²)

426 4459 451 4518 1)
468 4458 510 4523 Py.
531 4458 606 4506 VIII.
625 4456 730 4505 19-24.
748 4456 826 4521 Ipsius
844 4454 930 4520 proelii
948 4454 1061 4504 adversus
1075 4453 1188 4519 Gigantea
1203 4450 1309 4501 instituti
1324 4450 1403 4499 brevis

385 4553 487 4617 Diisque
503 4552 576 4616 digua
592 4552 683 4602 mentio
700 4556 737 4601 eet
754 4553 819 4602 Nera.
837 4553 860 4601 I.
879 4551 935 4601 100.

421 4649 446 4712 2)
463 4650 504 4715 Py.
521 4650 543 4699 I.
555 4648 595 4699 tc.
607 4648 694 4715 'l'ityos
709 4649 844 4717 exemplum
858 4648 913 4698 vide
926 4652 970 4713 Py.
985 4650 1031 4698 IV.
1045 4647 1100 4697 160.
1112 4647 1218 4697 Atlantia
1230 4647 1270 4713 Pp.
1285 4646 1303 4693 I
1305 4646 1330 4695 V.
1344 4644 1401 4695 515.
