3767 5534
830 724 892 786 3111

406 925 501 991 Nobis
532 927 638 990 harum
668 948 768 989 rerum
797 925 873 988 nihil
897 947 933 988 ex
957 924 1088 988 carmine
1111 925 1178 1007 ipso
1201 923 1362 1008 apparuit:

359 1053 390 1110 et
423 1045 653 1110 scholiastarum
687 1044 862 1109 testimonia
896 1044 980 1128 parvi
1011 1042 1168 1119 ducimus,
1200 1051 1361 1126 propterea

360 1165 441 1250 quod
468 1172 571 1228 carent
595 1164 790 1240 auctoritate,
819 1186 914 1247 quum
936 1163 994 1248 ipsi
1018 1163 1055 1227 ab
1079 1162 1140 1225 illis
1164 1162 1360 1247 opinionibus

362 1284 521 1348 dissentire
544 1283 647 1347 dicant
671 1281 882 1346 Aristarchum
905 1292 935 1345 et
959 1281 1152 1367 Didymums
1171 1281 1259 1345 illum
1282 1282 1363 1345 enim

362 1404 531 1488 scripsisse,
563 1403 728 1466 Dioscuros
758 1400 827 1465 ideo
851 1425 869 1464 a
891 1400 986 1465 Poeta
1009 1402 1162 1465 invocatos
1187 1423 1267 1479 esse,
1292 1400 1366 1484 quia

363 1523 409 1585 his
432 1522 581 1586 Hercules
604 1521 776 1585 certaminis
799 1519 992 1584 moderamen
1015 1518 1204 1583 tradidisset:
1227 1526 1258 1582 et
1272 1520 1365 1583 luisse

363 1642 526 1705 Dioscuros
550 1642 711 1726 Agrigenti
733 1642 764 1705 in
788 1640 917 1704 bonore:
950 1640 1119 1704 consentire
1143 1660 1212 1703 cnm
1237 1640 1367 1702 Aristar·

363 1762 420 1825 cho
443 1760 628 1845 Didymum,
653 1768 683 1824 et
706 1759 875 1833 addidisse,
901 1782 995 1844 quum
1018 1758 1117 1823 'Pharo
1141 1761 1225 1843 Argo
1242 1758 1366 1822 duceret

364 1879 528 1963 originem,
553 1878 657 1963 ibique
681 1901 776 1963 quum
799 1878 942 1942 Dioscuri
965 1878 1042 1942 culti
1065 1878 1212 1955 fuissent,
1235 1899 1368 1941 servasse

365 2004 484 2084 gentem
520 1997 766 2062 Emmenidarum
803 1997 890 2061 illurn
926 1997 1054 2069 cultum.
1111 1996 1157 2061 De
1192 1996 1245 2059 illa
1279 2002 1368 2081 gente

366 2116 457 2200 Argis
481 2115 611 2179 oriunda
633 2114 701 2179 vide
725 2115 774 2178 Ol.
799 2114 843 2179 ΙΙ.
870 2119 910 2177 82

331 2271 335 2280 ·
408 2233 565 2298 Assentior
589 2234 765 2297 Aristarcho
789 2242 818 2297 et
841 2233 988 2319 Didymo,
1013 2233 1108 2297 fretus
1131 2234 1197 2317 ipso
1221 2232 1362 2296 carmine.

362 2351 496 2416 Pertinet
531 2352 569 2415 ad
603 2353 758 2416 victoriam
795 2350 967 2436 Olympiam
1001 2350 1227 2427 celebrandam,
1262 2330 1361 2434 neque

362 2472 421 2535 alio
451 2471 592 2556 pertinet.
638 2470 755 2534 Sumsit
785 2493 820 2534 ex
844 2471 910 2556 ipsa
932 2469 1068 2555 Olympii
1091 2470 1262 2535 certaminis
1286 2470 1361 2533 anti·

361 2592 477 2677 quitate
500 2592 655 2656 materiem
677 2592 785 2670 Poeta,
809 2592 962 2675 quomodo
986 2590 1035 2655 Ol.
1060 2591 1077 2655 1
1096 2591 1133 2656 de
1152 2591 1264 2676 Pelope
1284 2592 1362 2655 anti·

361 2711 507 2795 quissimo
538 2712 668 2788 victore,
701 2709 804 2774 Ol.X
834 2710 872 2775 de
902 2712 969 2797 ipsa
997 2710 1139 2777 Herculis
1166 2711 1359 2775 institutione

362 2830 534 2894 certaminis
557 2830 683 2894 cecinit:
708 2830 751 2894 sic
774 2830 831 2894 hoc
854 2831 988 2895 carmine
1011 2831 1108 2895 olivae
1128 2829 1288 2917 Olympiae
1308 2832 1364 2895 ori·

362 2948 463 3033 ginem
486 2948 524 3013 ab
546 2948 679 3038 Hercule
702 2949 803 3013 datam
827 2951 982 3035 exposuit,
1004 2952 1166 3036 conjuncta
1180 2951 1271 3016 laude
1286 2950 1364 3035 'l'yn-

363 3067 551 3146 daridarum,
576 3091 652 3153 quos
675 3068 727 3132 ille
749 3069 780 3132 in
805 3069 924 3134 coelum
949 3069 1052 3134 abiens
1076 3071 1134 3135 sibi
1153 3070 1185 3134 in
1202 3071 1365 3134 certamine

360 3186 493 3270 regendo
517 3186 676 3252 succedere
700 3187 861 3252 voluisset:
891 3210 968 3273 qnos
992 3196 1023 3253 et
1045 3188 1133 3253 initio
1157 3189 1297 3253 carminis
1322 3189 1366 3253 in·

361 3314 449 3370 vocat
473 3314 503 3370 et
524 3307 679 3371 victoriam
703 3307 836 3372 Theroni
855 3307 975 3372 dedisse
995 3308 1136 3386 affirmat,
1161 3332 1194 3371 vs
1216 3311 1271 3387 70,
1294 3310 1365 3393 quia

363 3425 550 3491 alberonis
573 3434 665 3511 gente
688 3428 823 3513 impense
846 3428 1027 3493 colerentur.

407 3545 453 3609 De
487 3546 697 3611 comissatione
732 3570 817 3611 suam
848 3548 1023 3612 Boeclrbius
1051 3548 1231 3612 sententiam
1255 3549 1365 3633 repetit

363 3687 398 3729 ex
422 3664 570 3729 vocabulo
591 3666 787 3743 ἀγλαόκωμον
812 3690 844 3730 vs
873 3670 927 3744 lo,
953 3676 983 3731 et
999 3667 1036 3731 de
1052 3689 1179 3731 coronae
1194 3668 1364 3752 portatione

363 3806 380 3847 e
409 3806 442 3846 rs
472 3786 524 3846 23.
577 3784 782 3869 Disputantur
813 3808 848 3848 ea
877 3786 968 3850 nimis
1002 3793 1117 3871 argute.
1169 3785 1254 3866 Quid
1284 3787 1363 3850 enim

362 3902 530 3987 simplicius
553 3902 672 3987 ipsique
695 3904 739 3967 rei
759 3912 790 3967 et
805 3910 932 3968 naturae
949 3905 1044 3989 magis
1060 3905 1254 3982 conveniens,
1272 3928 1363 3989 quam

362 4021 393 4085 in
415 4020 550 4106 Olympii
573 4024 744 4087 certaminis
769 4024 894 4087 victoria
913 4023 1092 4088 celebranda
1111 4046 1253 4088 coronam
1268 4023 1363 4088 olivae

363 4140 500 4221 laudari?
535 4141 575 4204 nt
598 4142 650 4206 ille
672 4142 773 4222 τρόπος
796 4144 992 4221 ἀγλαόκωμος
1017 4144 1091 4229 quid
1111 4143 1194 4209 aliud
1214 4145 1365 4229 significat

363 4260 423 4323 nisi
445 4261 546 4344 ipsum
570 4260 692 4325 modurn
717 4264 872 4345 carminis,
898 4263 982 4347 quod
1005 4262 1044 4327 ad
1067 4264 1174 4327 festam
1193 4263 1364 4347 laetamque

365 4378 534 4442 certaminis
566 4379 644 4443 felici
677 4389 786 4445 eventu
817 4384 931 4466 peracti
954 4382 1160 4447 laudationem
1184 4382 1365 4468 pertineret?

367 4499 469 4581 Agite,
496 4505 526 4560 et
549 4498 662 4575 videte,
688 4500 762 4583 quid
786 4501 850 4585 ipse
874 4502 1024 4566 Pindarus
1047 4503 1079 4565 in
1103 4501 1236 4565 victoriis
1260 4524 1366 4566 ornan-

1207 4624 1242 4677 21
