3767 5534
904 688 968 749 529

475 888 599 973 Sisyphi
628 888 752 973 quidem
784 896 815 953 et
847 886 975 953 Medeae
989 905 992 911 ·
1008 887 1088 950 fama
1117 908 1179 949 non
1204 886 1241 949 ab
1265 885 1349 949 omni
1372 884 1442 949 tabe

433 1005 516 1090 apud
543 1007 706 1092 scriptores
738 1014 784 1095 et
799 1014 905 1091 poetas
938 1006 1079 1088 antiquos
1111 1004 1256 1068 immunis
1283 1004 1362 1081 fuit,
1387 1024 1442 1066 nee

433 1132 567 1188 extrema
594 1124 657 1187 iata
677 1122 935 1208 Bellerophontae
959 1123 1121 1207 praeclaris
1145 1122 1357 1185 convenientia
1380 1122 1444 1184 lue-

432 1248 506 1305 runt
535 1239 648 1305 initiis:
677 1258 781 1303 verum
812 1241 856 1303 ita
887 1239 945 1303 hoe
968 1260 1089 1303 carmen
1112 1239 1145 1303 in
1168 1238 1357 1302 celebrandis
1379 1238 1445 1302 lan·

433 1357 525 1421 dibus
555 1358 645 1423 unice
675 1358 811 1442 positum
843 1366 906 1434 est,
942 1364 978 1421 ut
1001 1357 1111 1420 horum
1135 1378 1258 1441 quoque
1282 1357 1443 1441 praeconia
1521 1422 1524 1427 ,

432 1474 606 1539 contineat:
640 1476 737 1539 totins
772 1474 915 1538 carminis
949 1475 1027 1537 ratio
1062 1474 1148 1558 quasi
1181 1473 1362 1557 proponitur
1396 1472 1444 1534 his
1485 1544 1489 1549 ,

433 1591 551 1668 verbis,
575 1613 610 1655 vs
635 1595 694 1669 14,

744 1709 806 1788 ἔχω
828 1709 912 1773 catal
933 1733 968 1774 τε
991 1707 1115 1790 φράσαι.

483 1946 511 2008 l.
546 1937 939 2025 naturamnaturaim,
963 1941 1078 2023 ἅμερον.
1114 1940 1225 2006 Tribus
1249 1940 1445 2025 conspicuam

435 2061 570 2124 victoriis
593 2058 746 2145 Olympiis
766 2059 891 2124 domum
908 2060 1059 2145 appellat,
1076 2059 1292 2145 Xenophontis
1308 2060 1444 2134 duabus,

435 2198 498 2242 una
520 2178 618 2262 patris
639 2179 715 2261 ejus.
762 2176 872 2241 Mitem
894 2176 1013 2240 civibus
1037 2176 1184 2261 appellari
1208 2177 1352 2242 nonnulli
1371 2176 1446 2239 exis-

434 2294 562 2371 timant,
583 2294 657 2377 quia
671 2315 763 2377 penes
778 2293 940 2377 optimates
957 2299 1091 2376 potestas
1107 2290 1248 2356 Corinthi
1265 2292 1373 2369 fuerit,
1391 2291 1446 2355 illa

436 2411 540 2474 anterii
554 2432 629 2494 gens
644 2410 858 2495 Xenophontis
874 2432 911 2473 ex
927 2396 1126 2494 optimatib'ue
1140 2408 1263 2493 quidem
1276 2413 1448 2474 nee'tamen

410 2528 414 2534 ’
437 2526 568 2611 superba
590 2513 662 2611 erga
683 2526 844 2611 populum.
880 2524 997 2590 Verum
1019 2533 1051 2590 et
1072 2547 1184 2590 nomen
1204 2526 1317 2590 civium
1334 2532 1365 2588 et
1381 2525 1448 2589 lans

437 2644 589 2707 comitatis
612 2643 704 2706 latius
728 2650 831 2728 patere
853 2644 930 2706 mihi
950 2642 1087 2720 videtur,
1109 2650 1139 2706 et
1155 2642 1319 2728 significari
1335 2641 1449 2705 domus

437 2761 651 2847 Xenophontis
683 2784 788 2825 amans
815 2763 931 2846 patriae
956 2762 1130 2845 civiumque
1154 2762 1321 2826 commodis
1344 2761 1449 2826 dedita

437 2888 469 2943 et
491 2879 631 2943 studiosa
653 2879 843 2944 concordiae.

484 3001 514 3062 3.
548 2998 719 3079 tardema.
755 2998 828 3063 Non
859 3021 931 3062 sane
961 2997 1097 3062 servilem
1123 2998 1277 3082 quandam
1300 2996 1450 3081 significa-

436 3114 552 3179 tionem
576 3114 686 3192 habet,
710 3115 764 3179 sed
788 3116 938 3180 amicitiae
962 3123 994 3179 et
1016 3114 1140 3179 auxilii:
1158 3122 1250 3197 atque
1267 3114 1342 3177 haec
1358 3114 1450 3177 etiam

441 3231 523 3316 apud
554 3230 724 3297 Homerum
755 3233 938 3317 significatio
963 3241 1026 3310 est,
1052 3232 1105 3297 nbi
1127 3232 1171 3310 is,
1196 3232 1252 3315 qui
1274 3239 1321 3295 est
1343 3230 1450 3297 fidissi·

439 3372 509 3413 mus
539 3351 639 3413 socius
670 3351 704 3414 in
734 3351 843 3427 armis,
876 3350 935 3414 hoc
959 3351 1083 3414 nomine
1105 3349 1276 3414 indicatur:
1301 3349 1386 3413 velut
1409 3347 1447 3411 Il.

438 3466 516 3531 XVI
539 3469 605 3530 464
627 3467 808 3544 ἀγακλειτὸν
830 3469 1043 3547 Θιιισνμήλιν,

572 3581 601 3657 ὅς
624 3587 647 3665 ῥ’
669 3584 720 3659 tire
742 3585 870 3664 θεράπων
893 3584 1074 3664 Σιιριιήῦιννι
1098 3582 1145 3661 ἦεν
1167 3582 1302 3654 ἄνοικτος.

438 3700 552 3765 Similis
592 3708 692 3765 autem
728 3707 775 3765 est
809 3723 933 3785 prorsus
970 3702 998 3764 ci
1032 3700 1135 3778 laudi,
1171 3722 1262 3784 quam
1297 3698 1448 3763 Pindarus

440 3817 640 3901 Xenophonti
673 3818 801 3896 tribuit,
837 3818 907 3895 illa,
943 3839 1021 3901 quae
1051 3818 1110 3902 ipsi
1140 3816 1273 3881 Pindaro
1303 3816 1449 3881 tribuitur
1514 3817 1516 3823 ’

442 3934 568 3998 Anthol.
593 3933 659 3997 VII
682 3936 723 3997 35

524 4052 666 4131 Ἄρμεννς
690 4046 723 4123 ἦν
745 4050 872 4126 ξείνοισιν
895 4053 964 4133 ἀνὴρ
988 4052 1036 4117 ὅδε
1058 4052 1108 4117 ccl
1131 4053 1218 4135 Φίλος
1240 4054 1371 4130 νὶστιῑς,Ἰ

618 4169 774 4247 Πίνδαρος,
798 4171 931 4251 εὐφώνων
954 4169 1086 4249 Πιεριῗιιν
1109 4169 1261 4251 πρόπολοι.

486 4289 516 4349 3.
551 4287 713 4363 γνώσομαι.
748 4285 919 4350 Scholiasta
943 4295 1030 4351 vetus
1055 4287 1185 4372 explicat
1208 4289 1236 4358 ἐς
1259 4293 1368 4365 γνῶσιν
1386 4287 1446 4365 ἄξω

439 4402 489 4467 καὶ
514 4404 652 4479 ὑμνήσω,
668 4402 811 4487 'Eamque
836 4403 1116 4488 interpretationem
1137 4402 1276 4488 Heynius
1293 4406 1447 4490 sequitur,
1525 4392 1527 4396 Α
1554 4399 1556 4405 ’

1286 4528 1323 4580 34
