3767 5534
907 717 973 779 534

430 919 476 984 ita
498 919 632 1004 positum
655 922 795 1001 putasse,
822 922 857 980 nt
879 913 930 978 Ol.
954 913 1001 977 IV
1026 917 1044 977 3
1070 913 1137 987 Διὸς
1161 908 1228 992 ὧραι
1249 913 1446 991 ἑλισσόμεναι.

434 1049 441 1060 ”
478 1038 531 1098 20.
568 1034 785 1115 ὑπερελθόντων.
820 1031 992 1097 Scholiasta
1014 1038 1118 1096 vetus:
1143 1030 1255 1112 σχῆμα
1272 1032 1355 1098 ,ἐστιν
1376 1033 1451 1100 αντὶ·

307 1221 308 1224 ,
433 1160 484 1220 τοῦ
515 1153 723 1232 ὑπερειινῦνιν.
770 1149 837 1215 Nee
871 1172 970 1235 pauca
1002 1140 1181 1235 hujusmodi
1211 1148 1450 1216 constructioni

434 1269 574 1354 exempla
606 1269 819 1353 reperiantur,
854 1266 940 1334 runt
974 1266 1116 1352 Xenoph.
1154 1265 1252 1332 Anab.
1286 1264 1324 1332 L.
1349 1264 1379 1327 V
1409 1264 1445 1330 O.

434 1387 517 1452 VIII
549 1390 589 1451 13
621 1381 661 1458 οἷς
691 1385 830 1467 σώζεσθαι
860 1385 915 1463 μὲν
944 1384 1021 1465 ἤρκει
1052 1387 1081 1451 ἐν
1112 1382 1196 1460 ratker
1222 1409 1257 1449 τε
1275 1382 1377 1449 «ἰόντων
1398 1384 1449 1454 καὶ

433 1506 623 1587 μαχομένων.
659 1503 878 1573 Verumtamen
912 1503 1002 1570 aliter
1035 1502 1194 1580 existImo,
1229 1525 1286 1567 nec
1316 1481 1362 1567 ita
1392 1502 1450 1568 boe

434 1623 559 1689 verbnm
582 1621 620 1686 ad
645 1621 738 1700 ὔμμιν
760 1620 955 1686 referendum
979 1642 1059 1698 asae,
1084 1620 1212 1706 pariata
1234 1642 1269 1684 aa
1293 1620 1320 1683 si
1338 1642 1448 1692 omnes

433 1740 588 1808 Corinthii
602 1740 744 1804 victorias
758 1745 978 1824 reportassent:
996 1738 1147 1804 dividitur
1161 1738 1207 1803 ita
1222 1737 1395 1813 sententia,
1413 1744 1450 1802 nt

435 1860 469 1923 in
497 1857 601 1922 dativo
624 1856 717 1935 ὔμμιν
739 1856 808 1922 laus
830 1863 1022 1942 proponatur
1044 1856 1117 1923 data
1137 1854 1328 1932 Corinthiis,
1353 1876 1447 1940 qnnaa

435 1978 526 2042 multi
556 1998 662 2042 eorum
691 1977 725 2044 in
752 1976 971 2041 certaminibus
994 1976 1157 2052 vicissent,
1181 1974 1273 2042 multi
1296 1973 1451 2058 praeclara

436 2094 587 2179 sapienter
620 2094 818 2160 invenissent.
853 2092 970 2158 Verum
1005 2114 1060 2177 pro
1091 2091 1249 2176 tripartita
1279 2090 1449 2165 sententia,

436 2212 535 2296 prima
556 2211 715 2287 universa,
740 2209 836 2275 altera
857 2210 959 2275 landis
982 2209 1136 2287 ludicrae,
1158 2209 1249 2273 tertia
1264 2208 1451 2292 sapientias,

437 2327 615 2414 bipartitam
637 2326 733 2391 Poeta
753 2328 800 2392 ita
821 2327 940 2411 posuit,
966 2333 1002 2390 ut
1017 2326 1116 2412 prima
1132 2326 1268 2411 genitivo
1285 2325 1452 2405 ὑπερελθόν-

439 2470 495 2511 τιιν
517 2444 715 2512 divideretur.

483 2565 536 2627 ιι.
571 2558 655 2630 ἅπαν
677 2559 701 2627 δ’
723 2559 847 2641 εὑρόντος
878 2560 970 2641 ἔργον.
1005 2559 1150 2645 eujusvis
1181 2560 1256 2625 artis
1279 2566 1311 2624 et
1335 2561 1451 2645 operis,

438 2678 577 2763 quamvis
601 2700 677 2742 usus
699 2677 793 2742 latius
817 2678 918 2762 patuit
941 2683 973 2741 et
995 2676 1035 2743 ad
1055 2676 1132 2742 alios
1148 2698 1272 2761 quoque
1288 2677 1452 2761 partinaIt,

438 2805 542 2862 tamen
565 2795 634 2863 laus
657 2795 809 2861 inventori
832 2795 930 2879 primo
953 2793 1118 2861 tribuenda
1141 2801 1196 2860 ast.

484 2916 537 2980 25.
565 2912 808 2997 Dithyrambum
824 2912 907 2996 apud
924 2911 1102 2980 (brintbios
1113 2911 1246 2996 primam
1260 2891 1453 2997 apparuisse,

437 3031 524 3099 testis
556 3029 724 3099 multorum
751 3031 848 3099 instar
878 3037 925 3094 est
948 3028 1127 3094 Herodotus
1149 3027 1186 3096 L.
1211 3028 1313 3106 128,
1338 3029 1452 3109 Ἀρίονα

438 3150 487 3212 τὸν
516 3148 723 3224 Μηθυμναῖον,
754 3145 839 3213 ἐόντα
871 3145 1019 3227 κιθαρῳδὸν
1048 3151 1104 3211 τῶν
1128 3145 1198 3211 τότε
1220 3145 1323 3214 ἐόντων
1345 3146 1453 3219 οὐδενὸς

439 3265 582 3343 δεύτερον,
609 3263 658 3328 καὶ
686 3263 860 3345 διθύραμβον
883 3269 991 3344 πρῶτον
1013 3263 1165 3343 ἀνθρώπων
1186 3268 1243 3328 τῶν
1266 3267 1351 3341 ἡμεῖς
1369 3260 1453 3341 ἴδιαι

394 3395 397 3400 “
439 3381 602 3459 ποιήσαντα
630 3407 664 3448 τε
694 3382 745 3447 καὶ
779 3382 967 3461 bawaros
999 3382 1048 3450 aa>
1078 3380 1240 3458 διδάξαντα
1269 3384 1297 3447 ἐν
1323 3382 1450 3463 Κορίνθῳ.

438 3501 514 3569 Post
543 3501 691 3567 Arionem
722 3498 909 3583 dithyrambi
939 3506 1095 3567 auctorem
1122 3498 1216 3566 trisse
1238 3497 1352 3568 Laanm
1376 3500 1453 3570 Har·

439 3618 627 3687 mionensem
650 3615 726 3680 dicit
748 3614 912 3679 scholiasta
935 3622 1033 3682 vetus
1069 3615 1219 3683 Memoria
1241 3616 1333 3684 etiam
1357 3624 1405 3684 sat
1419 3617 1453 3686 in

439 3734 564 3802 scholiis
594 3732 767 3809 veteribus,
798 3730 966 3800 Pindarum
994 3754 1057 3802 non
1078 3739 1219 3801 constare
1241 3732 1319 3811 sibi,
1342 3733 1453 3826 sedin

440 3849 738 3935 Hyporahematibus
768 3848 956 3933 dithyrambi
987 3849 1137 3933 originem
1166 3848 1312 3916 tribuisse
1343 3849 1453 3929 Nam

440 3974 471 4030 et
493 3967 526 4031 in
549 3988 675 4030 suornm
698 3965 962 4050 dithyramborum
986 3967 1084 4050 primo
1107 3966 1230 4032 Thebis.

485 4086 537 4147 26.
573 4082 705 4161 Χάριτες.
735 4082 924 4169 Scripsimns
958 4106 1027 4169 pag.
1064 4086 1147 4161 358,
1184 4085 1223 4148 ad
1253 4082 1304 4148 Ol.
1328 4082 1358 4143 V
1391 4087 1452 4163 10,

440 4208 580 4285 quartam
610 4222 691 4264 aram
717 4197 881 4284 Olympiae
902 4200 998 4267 fuisse
1013 4200 1134 4268 Baccho
1150 4207 1182 4265 et
1197 4200 1322 4268 Gratiis.
1358 4200 1454 4281 Quod

440 4326 542 4382 tamen
573 4316 635 4385 huo
665 4339 728 4380 non
750 4316 945 4382 referendum
968 4340 1033 4382 esse
1057 4317 1206 4386 existimo.
1254 4318 1349 4386 Haud
1371 4320 1453 4386 male

440 4435 619 4523 scholiasta:
636 4435 669 4500 rt
684 4434 911 4507 catabatmon
928 4442 984 4502 τῶν
999 4436 1137 4503 Διονύσον
1152 4436 1343 4517 διθυράμβων.
1374 4436 1452 4501 Gra-
