3767 5534
867 744 929 807 537

331 1000 353 1033 ,
388 947 602 1013 moderamine.
650 945 755 1009 Potest
790 942 881 1007 etiam
910 940 1028 1004 dictum
1060 938 1224 1003 existimari
1257 936 1295 1000 de
1327 941 1398 1018 apta

388 1088 532 1130 curruum
555 1070 718 1129 structura.
742 1061 858 1127 Verum
876 1061 909 1124 in
926 1058 1050 1124 scholiis
1066 1057 1127 1122 alia
1146 1061 1400 1121 commemoratur

388 1191 542 1268 praeterea
572 1182 751 1267 explicatio,
784 1201 862 1264 qnae
885 1178 979 1243 fuerit
1001 1175 1144 1262 Didymi:
1169 1182 1267 1239 rotam
1283 1195 1399 1257 nempe

388 1301 547 1386 figulinam
569 1298 749 1385 significari:
774 1306 864 1363 etex
887 1296 1092 1381 Theophrasti
1114 1293 1209 1359 Libro
1230 1294 1269 1357 de
1288 1290 1398 1356 Inven-

388 1419 526 1485 tio'nibns
549 1419 674 1484 affertm
696 1416 846 1503 Hyperbii
869 1415 1024 1480 Corinthii
1046 1413 1207 1492 memoria,
1231 1410 1399 1477 inventoris

388 1546 473 1603 rotae
506 1536 661 1623 figulinae.
708 1535 844 1612 Plinius,
881 1534 964 1599 Hist.
999 1531 1073 1598 Nat.
1105 1531 1142 1596 L.
1173 1530 1239 1595 VII
1270 1529 1305 1594 Ο.
1339 1531 1399 1594 57:

389 1655 548 1739 „Figlinas
581 1656 699 1719 invenit
731 1652 882 1719 Coroebes
914 1650 1128 1729 Atheniensis,
1160 1650 1192 1715 in
1223 1649 1262 1713 iis
1294 1647 1398 1713 orbem

390 1773 574 1837 Anacharsis
596 1770 741 1857 Scythes,
763 1778 800 1835 ut
822 1764 893 1847 alii,
917 1769 1094 1855 Hyperbius
1114 1766 1325 1833 Corinthius.”
1360 1766 1402 1830 Lt

390 1913 462 1955 vasa
477 1889 638 1955 Corinthia
651 1890 776 1955 omnino
793 1890 960 1954 clarissima
975 1889 1068 1954 fnisse
1084 1894 1191 1952 notum
1209 1894 1264 1951 est.
1301 1885 1400 1971 Ergo,

392 2029 577 2091 quamquam
607 2007 683 2073 mihi
714 2007 806 2092 hujus
836 2005 897 2071 loci
926 2006 1088 2090 explicatio
1119 2005 1240 2069 videtur
1267 2006 1400 2082 incerta,

392 2132 493 2190 tamen
524 2125 647 2209 Didymi
670 2124 903 2209 explicationem
926 2146 989 2188 non
1012 2123 1265 2205 contemnendam
1290 2129 1320 2186 et
1344 2122 1402 2186 for·

393 2250 472 2307 tasse
494 2240 680 2326 probandam
705 2243 855 2307 existimo.
890 2242 992 2306 Etiam
1011 2249 1119 2327 postea
1133 2240 1259 2306 laudata
1275 2240 1402 2304 fuerunt

392 2358 551 2424 Thericlea
579 2360 706 2444 pocula,
737 2359 886 2425 Thericlia
918 2358 1072 2424 Corinthii
1100 2359 1232 2445 primum
1255 2380 1347 2443 opera
1370 2365 1401 2422 et

393 2476 431 2540 de
455 2478 519 2561 ejus
542 2477 667 2542 nomine
689 2478 862 2542 nominata:
887 2478 1002 2542 Athen.
1025 2476 1063 2542 L.
1087 2462 1137 2542 ΧῘ
1158 2499 1189 2561 p.
1214 2477 1290 2541 470.

438 2596 491 2657 80.
522 2594 659 2671 βασιλῆα
680 2594 801 2672 δίδυμον.
823 2595 961 2660 Tertium
979 2593 1210 2670 Corinthiorum
1223 2570 1399 2674 inventum,

393 2711 498 2795 aquila
531 2710 646 2796 duplex
679 2711 712 2777 in
748 2712 931 2797 templorum
965 2713 1105 2799 fastigiis.
1152 2710 1287 2777 Omnino
1321 2711 1400 2777 αἰετοὶ

381 2819 476 2893 'dicta
499 2835 545 2892 est
567 2828 715 2912 quaedam
738 2851 808 2914 pars
831 2830 1025 2915 fastigiorum
1047 2831 1080 2896 in
1103 2830 1243 2915 templist
1267 2829 1400 2894 Pansan.

392 2943 430 3008 L.
462 2943 497 3007 H
526 2943 561 3008 G.
586 2942 651 3007 VII
681 2947 701 3007 8
733 2953 880 3011 memorat
910 2946 1043 3031 sepulcri
1073 2948 1203 3024 ἐπίθνμνν
1233 2946 1315 3012 κατὰ
1336 2946 1403 3017 τοὺς

395 3062 499 3132 ἀετοὺς
520 3062 658 3139 μάλιστα
678 3063 745 3134 seht
766 3064 797 3128 ἕν
817 3070 878 3134 τοῖς
901 3070 995 3135 vach:
1017 3070 1048 3129 et
1063 3062 1098 3129 Ο.
1115 3064 1165 3128 XI
1181 3067 1216 3142 8,
1233 3063 1271 3127 de
1287 3064 1403 3149 templo

395 3179 571 3264 Aesculapii
592 3179 720 3245 'litante
742 3202 837 3266 prope
859 3180 1036 3265 Sicyonem:
1061 3183 1102 3247 cd
1126 3181 1155 3246 δὲ
1177 3182 1207 3246 ἕν
1228 3189 1288 3254 τοῖς
1308 3182 1402 3253 ἀετοῖς

393 3298 540 3374 Ἡρακλῆς
563 3297 612 3361 ml
635 3304 726 3362 Νῖκννν
748 3298 817 3378 πρὸς
838 3306 899 3371 τοῖς
921 3299 1042 3378 riparia
1064 3300 1143 3365 εἰσιν.
1179 3298 1302 3362 Suidas:
1317 3298 1403 3370 ἀετὸς

394 3413 644 3497 οἰκοδομημάτων,
666 3415 701 3479 τὸ
723 3415 804 3480 κατὰ
825 3414 874 3480 τὸν
896 3414 1012 3499 ὄροφον,
1035 3413 1143 3489 driven
1158 3416 1282 3493 ἄένωμνν
1296 3422 1403 3481 aemi-

394 3556 454 3596 ees:
487 3538 534 3595 et:
558 3532 744 3610 ἆετώμννννν,
767 3533 808 3598 rd
831 3539 886 3598 τῶν
908 3534 985 3613 ἱερῶν
1008 3533 1229 3617 στεγάσματα,
1254 3534 1403 3614 πτέρυγας

395 3648 446 3713 καὶ
476 3650 579 3721 ἀετοὺς
610 3654 757 3716 καλοῦσιν.
802 3649 921 3715 Similia
951 3658 1025 3716 sunt
1056 3652 1087 3715 in
1111 3651 1235 3716 scholiis
1259 3652 1404 3717 adhunc

394 3765 514 3843 locum,
546 3773 578 3830 et
607 3766 775 3852 Didymum
802 3767 939 3853 duplicia
960 3775 1112 3838 aetomata
1134 3769 1299 3855 explicasse
1322 3777 1404 3835 ante·

394 3883 474 3947 riora
504 3890 535 3947 et
566 3884 743 3968 posteriora.
787 3884 924 3950 Omnino
956 3886 1039 3951 facili
1069 3888 1193 3971 negotio
1224 3888 1314 3973 plura
1337 3888 1404 3952 loca

395 4000 513 4065 adferre
535 4008 679 4086 potuero:
703 4024 809 4066 verum
832 4024 911 4086 qnae
926 4004 1021 4068 fuerit
1036 4004 1159 4089 propria
1173 4002 1401 4069 Corinthiorum

394 4116 427 4180 in
457 4116 515 4181 hac
546 4117 723 4182 inventione
744 4117 830 4197 lans,
855 4119 995 4185 nondum
1018 4121 1063 4185 ita
1083 4122 1160 4186 mihi
1183 4121 1342 4206 apparuit,
1366 4128 1403 4185 nt

396 4255 462 4297 eam
485 4233 644 4298 ostendere
667 4243 697 4299 et
720 4236 869 4300 concinne
891 4237 1100 4303 demonstrare
1122 4240 1245 4324 possim.
1277 4238 1404 4303 Univer-

395 4373 460 4416 sam
482 4358 585 4415 antem
609 4342 712 4416 eorum
736 4352 858 4418 laudem
883 4356 1066 4439 significavit
1088 4356 1196 4421 Strabo
1219 4356 1352 4421 LVIII
1370 4380 1402 4442 p.

396 4470 476 4544 382,
508 4466 590 4531 Alm.
624 4470 702 4533 586:
727 4472 744 4544 ἧ
767 4471 852 4543 πόλις
883 4478 938 4537 τῶν
969 4472 1111 4553 Κορινθίων
1141 4472 1264 4560 μεγάλη
1293 4498 1328 4539 τε
1351 4475 1401 4539 nal
