3767 5534
902 713 965 776 017

433 891 625 981 conviciandi
656 914 838 1000 significatio
868 923 931 991 est,
956 913 1009 977 sed
1031 919 1151 977 tantum
1175 909 1303 975 canendi
1325 909 1373 974 vel
1395 907 1437 972 lo·

432 1034 565 1119 quendi,
600 1033 683 1097 101111
717 1032 767 1097 Ol.
799 1033 870 1097 15.
917 1031 1026 1116 Neque
1061 1029 1244 1116 praepositio
1279 1028 1345 1105 πρός
1380 1027 1438 1091 hoc

432 1154 503 1219 looo
525 1153 646 1218 videtur
668 1153 743 1216 mihi
766 1152 943 1217 inimicitiae
963 1151 1077 1216 habere
1093 1148 1360 1234 significationem,
1385 1147 1437 1211 sed

432 1272 684 1357 comparationis:
720 1271 860 1335 similiter
894 1269 1008 1334 Herod.
1044 1268 1096 1332 HI
1131 1271 1172 1332 34
1206 1267 1279 1339 κοῖός
1302 1292 1345 1339 τις
1368 1268 1437 1345 ἀνὴρ

433 1392 503 1475 πρὸς
532 1391 580 1455 τὸν
610 1391 725 1469 πατέρα
754 1395 858 1473 Kapsa:
891 1388 991 1473 qualis
1014 1389 1076 1465 vir,
1102 1388 1128 1450 si
1152 1394 1344 1471 comparetur
1366 1408 1435 1450 cum

433 1518 521 1597 patre
544 1509 639 1595 Cyro:
663 1508 756 1595 Soph.
781 1510 855 1572 Ant.
883 1510 966 1573 1170

700 1626 791 1693 τᾶλλ’
814 1629 872 1704 ἐγὼ
894 1633 1005 1693 καπνοῦ
1029 1630 1113 1698 σκιαῖς

490 1750 495 1755 ’
611 1750 661 1813 οὐκ
683 1746 720 1813 ἂν
742 1749 880 1825 πριαίμην
902 1747 978 1828 ἀνδρὶ
1003 1746 1070 1828 πρὸς
1093 1747 1144 1820 τὴν
1168 1744 1273 1821 ἡδονήν.

435 1865 603 1945 Aristoles,
633 1866 724 1951 Phys.
756 1864 792 1930 L.
823 1865 897 1930 IC.
934 1869 949 1929 l
980 1866 1100 1931 πέπονθε
1128 1865 1157 1928 δὲ
1180 1862 1271 1929 ταύτὸ
1292 1868 1376 1928 τοῦτο
1398 1863 1439 1927 τὰ

433 1984 567 2062 ὀνόματα
588 1983 655 2066 πρὸς
674 1984 723 2049 τὸν
745 1984 842 2062 λόγον.

485 2106 556 2168 100.
594 2104 664 2168 Jam
687 2112 849 2189 postquam
872 2126 906 2166 vs
932 2105 994 2166 102
1019 2101 1056 2167 ab
1080 2102 1189 2167 eximia
1211 2100 1300 2165 laude
1323 2109 1354 2164 et
1378 2100 1441 2165 feli-

435 2222 528 2287 citate
550 2221 698 2287 Theronis
720 2223 809 2286 initia
831 2222 911 2307 cepit
933 2220 1028 2285 Poeta
1043 2220 1237 2306 praedicandi
1252 2220 1356 2283 futura
1371 2226 1441 2305 post

436 2350 565 2430 mortem
596 2342 718 2406 virtutis
748 2341 895 2426 praemia,
931 2363 1023 2426 seque
1046 2340 1183 2405 cohibuit
1206 2340 1244 2405 ab
1268 2340 1441 2425 importuna

437 2462 470 2525 in
493 2462 584 2528 rebus
614 2462 708 2525 tantis
731 2460 918 2526 celebrandis
946 2460 1148 2545 loquacitate,
1173 2460 1251 2524 redit
1273 2459 1312 2524 ad
1335 2481 1443 2545 propo-

439 2582 533 2645 situm
563 2580 710 2645 laudandi
740 2579 898 2667 Theronis.
945 2579 985 2642 Et
1008 2579 1117 2664 partim
1140 2580 1172 2644 in
1196 2579 1300 2644 eadem
1323 2578 1443 2642 dicendi

439 2699 537 2783 figura
564 2706 682 2775 manet,
714 2720 804 2782 quam
837 2698 939 2782 attigit
970 2721 1002 2760 vs
1035 2699 1116 2777 150,
1145 2720 1241 2781 quum
1264 2698 1390 2782 sagittas
1414 2704 1445 2760 et

441 2817 613 2902 pharetram
646 2824 908 2881 commemoraret:
938 2817 1050 2900 partim
1080 2816 1159 2881 redit
1186 2816 1222 2881 ad
1247 2817 1374 2901 figuram
1400 2816 1445 2879 in·

407 2955 411 2966 ·
440 2937 671 3021 terrogationis,
696 2959 757 3021 qua
778 2933 852 3000 usus
876 2937 975 2999 estin
998 2936 1087 3000 initio
1110 2937 1260 3000 carminis.

488 3059 560 3120 166.
596 3054 762 3132 αὐδάσομαι
804 3054 921 3118 Pariter
945 3055 1019 3119 haee
1043 3054 1143 3119 media
1165 3054 1262 3119 forma
1285 3062 1377 3138 atque
1399 3076 1445 3118 ae·

441 3174 507 3238 tiva
536 3175 669 3258 ponitur.
721 3173 814 3237 Velut
844 3174 897 3257 Py.
929 3173 975 3237 IV
1007 3176 1069 3236 lla
1104 3174 1300 3246 αὐδάσανταςε
1334 3172 1443 3237 Aesch.

442 3293 531 3357 Eum.
557 3295 619 3356 380
644 3292 744 3373 ἀχλὺν
770 3292 896 3357 αὐδᾶται
918 3292 1021 3374 φάτις.

487 3412 634 3491 halama.
659 3410 705 3476 Of.
730 3409 924 3475 0111131.

492 3534 564 3595 168.
587 3533 698 3596 ἑκατόν.
722 3530 891 3595 Scholiasta
906 3541 993 3595 vetus
1006 3530 1187 3617 Olympiade
1202 3531 1228 3595 L
1242 3534 1443 3617 Agrigentum

445 3650 601 3715 conditum
633 3673 697 3714 esse
727 3650 819 3728 dicit,
842 3650 1011 3715 Theronem
1036 3652 1141 3716 vicisse
1164 3651 1213 3716 Ol.
1238 3651 1375 3715 LXXVI
1400 3653 1444 3716 vel

446 3769 614 3834 LXXVII:
640 3793 710 3855 ergo
734 3778 856 3834 centum
879 3777 1011 3854 quatuor
1035 3794 1129 3835 annos
1153 3772 1325 3835 interfuisse
1350 3796 1367 3835 a
1389 3774 1448 3857 pri·

447 3891 571 3958 mordiis
602 3892 666 3975 ejus
697 3890 781 3955 urbis
813 3890 849 3955 ad
879 3907 999 3975 tempus
1023 3914 1180 3976 praesens,
1205 3892 1257 3956 sed
1281 3891 1448 3956 Pindarum

448 4011 584 4095 posuisse
615 4033 772 4075 numerum
803 4011 970 4077 rotundum
997 4012 1211 4076 centenarium.
1258 4011 1450 4091 (1110001011-

447 4138 510 4199 tem
532 4129 658 4193 victoria
681 4129 828 4193 Theronis
850 4130 910 4193 fuit
933 4129 982 4195 Ol.
1004 4129 1174 4195 LXXVII:
1199 4153 1343 4195 numerus
1359 4151 1450 4194 anno-

449 4270 517 4312 rum
547 4248 702 4312 invenitur
732 4255 854 4312 centum
885 4257 916 4313 et
945 4256 1022 4312 0010.
1070 4250 1170 4333 Attigi
1196 4248 1274 4313 hanc
1297 4256 1452 4333 eomputa-

446 4366 562 4430 tionem
587 4367 619 4429 in
643 4366 771 4430 introitu
795 4368 993 4431 enarrationis
1009 4368 1101 4452 hujus
1118 4369 1271 4445 carminis,
1289 4391 1356 4452 pag.
1376 4369 1450 4429 289.

452 4484 566 4549 Verum
597 4486 634 4549 ad
662 4488 756 4572 ipsam
787 4486 880 4571 hujus
910 4488 970 4552 loci
994 4488 1225 4574 intelligentiam
1250 4489 1322 4553 haec
1345 4510 1451 4573 parum
