3767 5534
976 817 978 822 ,
997 734 1060 791 aar

523 929 725 1012 telligendum
753 939 782 994 et
806 940 885 994 recte
910 931 1131 995 aestimandum
1156 932 1299 996 eximium
1323 953 1444 996 carmen
1468 932 1530 995 hoc

525 1047 665 1127 Pindari,
700 1050 781 1133 quod
805 1052 890 1133 quasi
914 1052 1067 1135 quandam
1091 1052 1224 1116 Graecae
1249 1053 1371 1145 pietatis
1395 1052 1529 1136 speciem

526 1169 648 1234 exhibet
676 1175 837 1254 totumque
868 1171 1046 1255 religionem
1073 1174 1185 1256 spirat,
1211 1171 1381 1235 invocando
1405 1183 1435 1234 et
1459 1170 1532 1234 ado·

525 1289 620 1354 rande
644 1290 780 1353 numina.

571 1408 692 1472 Etenim
715 1409 806 1473 etiam
830 1431 862 1471 vs
888 1411 927 1472 27
954 1410 996 1471 ita
1019 1408 1165 1493 Hipparis
1189 1410 1299 1473 fluvius
1323 1416 1528 1484 memoratur,

521 1535 614 1592 uteo
638 1528 760 1592 nomine
784 1529 869 1592 Deus
891 1528 1023 1591 fluvialis
1047 1529 1253 1612 significetur,
1279 1530 1367 1613 cujus
1391 1529 1450 1591 rivi
1467 1528 1530 1592 siut

519 1653 632 1724 σεμνοὶ,
656 1649 779 1732 augusti
804 1655 833 1711 et
857 1648 1057 1712 venerabiles:
1083 1649 1134 1711 cui
1158 1648 1288 1711 maxime
1311 1647 1463 1712 debentur
1480 1647 1530 1712 be·

519 1766 644 1842 neficia,
676 1767 824 1830 domuum
847 1766 1035 1842 aedificatio,
1061 1774 1090 1829 et
1112 1789 1184 1830 vero
1208 1766 1316 1830 salutis
1340 1789 1356 1830 e
1379 1753 1527 1850 gravibus
1555 1798 1558 1804 ·

519 1886 752 1950 difficultatibus
783 1886 845 1949 lux.
895 1888 996 1967 Atque
1024 1888 1086 1969 jam
1119 1886 1227 1963 modo,
1253 1908 1348 1969 quum
1371 1886 1408 1950 de
1434 1885 1528 1971 Nym·

520 2005 588 2089 phis
620 2015 681 2068 erat
714 2005 881 2089 disputatio
904 2013 1026 2080 nostra,
1050 2004 1175 2068 Fluvios
1200 2026 1322 2090 quoque
1346 2006 1524 2089 attigimus:

520 2148 676 2209 quumque
708 2132 828 2208 propter
859 2122 1044 2187 Graecorum
1075 2125 1179 2208 poesin
1211 2132 1241 2187 et
1272 2125 1434 2208 pietatem,
1463 2146 1526 2188 orn·

519 2245 569 2307 nia
600 2243 637 2305 ad
668 2243 749 2306 Deos
779 2243 989 2320 referentium,
1016 2243 1122 2326 quovis
1149 2242 1216 2305 loeo
1243 2241 1366 2307 Numen
1396 2243 1525 2327 aliquod-

519 2363 623 2427 adesse
654 2362 761 2426 tuendi
791 2370 822 2425 et
845 2362 1008 2446 adjuvandi
1033 2384 1138 2425 caussa
1162 2363 1354 2445 putantium,
1379 2363 1524 2448 copiosis·

519 2482 595 2545 sima
626 2481 700 2544 haec
731 2483 770 2544 sit
798 2480 970 2565 explicandi
997 2481 1140 2557 materia,
1165 2488 1265 2544 tamen
1289 2481 1415 2545 modum
1439 2480 1527 2545 adhi-

520 2600 676 2677 bebimus,
705 2624 817 2684 pauca,
843 2623 920 2684 quae
944 2600 1005 2663 huc
1028 2601 1217 2685 pertineant,
1242 2607 1523 2665 commemorantes.

562 2719 685 2783 Etenim
716 2727 819 2783 narrat
849 2718 998 2782 Pindarus
1031 2718 1081 2782 Ol.
1115 2718 1145 2781 X
1178 2721 1218 2781 58
1249 2719 1281 2782 in
1310 2718 1526 2782 constituendo

518 2861 636 2902 summo
659 2838 743 2901 Jovis
767 2838 844 2901 festo
864 2837 1026 2901 Herculem
1046 2837 1199 2921 Alpheum
1216 2838 1342 2901 fluvium
1359 2837 1525 2901 honorasse

518 2957 549 3020 in
580 2980 706 3021 numero
737 2956 897 3020 duodecim
930 2956 1065 3020 Deorum
1098 2956 1287 3041 principum:
1312 2964 1342 3020 et
1366 2980 1444 3041 quae
1468 2957 1528 3021 hoc

515 3077 582 3161 ipso
607 3076 756 3158 carmine,
780 3076 813 3139 in
837 3097 898 3160 quo
921 3097 1003 3138 nunc
1018 3097 1191 3155 versamur,
1208 3098 1241 3138 vs
1262 3078 1300 3139 10
1317 3083 1527 3141 memorantur

517 3217 568 3258 sex
596 3195 733 3279 geminae
757 3216 841 3271 arae,
867 3216 971 3257 earum
995 3194 1102 3278 quinta
1125 3193 1184 3257 fuit
1207 3194 1323 3258 Dianae
1348 3202 1378 3259 et
1401 3194 1524 3280 Alphei.

516 3313 565 3377 Sic
595 3314 642 3378 illi
673 3313 782 3379 Fluvio
812 3312 935 3377 habitus
966 3319 1012 3376 est
1035 3312 1133 3376 honos
1157 3323 1332 3397 perpetuus,
1377 3313 1419 3377 Et
1441 3314 1524 3399 apud

516 3432 701 3509 Homerum,
734 3432 772 3495 Il.
804 3431 852 3496 XI
887 3434 968 3509 728,
993 3430 1106 3496 Nestor
1130 3439 1249 3510 narrat,
1274 3432 1427 3518 quomodo
1451 3434 1523 3497 olinr

515 3572 585 3615 cum
618 3550 712 3635 Pyliis
741 3552 873 3615 venisset
904 3552 940 3615 ad
973 3559 1111 3616 sanetum
1142 3552 1270 3616 fluvium
1294 3553 1467 3637 Alpheum,
1493 3561 1524 3616 et

516 3670 666 3753 proelium
696 3670 806 3734 facturi
838 3693 921 3733 sacra
951 3670 1093 3735 fecissent
1124 3692 1265 3755 supremo
1292 3670 1378 3751 Jovi,
1402 3671 1523 3757 ipsique

516 3788 635 3872 Alpheo
659 3794 690 3851 et
713 3786 859 3873 Neptuno
880 3796 971 3873 atque
986 3788 1150 3852 Minervae.
1187 3791 1290 3875 Atque
1305 3790 1379 3853 haec
1395 3790 1521 3873 quidem

516 3906 554 3969 ad
585 3906 730 3984 honorem
761 3905 938 3970 Fluviorum
964 3908 1128 3994 pertinent.
1174 3906 1233 3971 Sed
1258 3916 1411 3993 practerea
1434 3909 1523 3973 intel-

515 4024 658 4109 ligimus,
681 4025 751 4089 illos
774 4047 836 4089 nou
860 4025 1024 4090 honoratos
1048 4024 1186 4103 tanturn,
1208 4028 1419 4119 verumetiam
1436 4050 1522 4093 caros

514 4142 704 4229 dilectosque
728 4142 914 4207 Graecorum
937 4144 1046 4207 animis
1062 4143 1174 4220 fuisse,
1192 4149 1223 4207 et
1237 4151 1300 4208 tam
1317 4166 1400 4230 spem
1419 4167 1520 4211 rerum

514 4260 662 4324 bonarum
685 4261 715 4324 in
740 4261 778 4324 iis
795 4262 923 4347 positam
940 4283 1030 4344 quam
1052 4262 1179 4345 gratiam
1195 4260 1303 4325 iisdem
1319 4262 1368 4347 pie
1384 4262 1520 4328 habitam

498 4377 669 4442 ⁸felicitatis
698 4378 858 4465 ipsiusque
888 4380 977 4444 vitae.
1023 4379 1129 4443 Jamus
1152 4381 1184 4443 in
1208 4380 1360 4464 Alpheum
1385 4381 1518 4445 medium

514 4496 689 4577 descendit,
717 4505 753 4561 ut
776 4498 819 4562 ibi
843 4498 881 4563 ab
905 4521 960 4584 aro
984 4497 1132 4584 Neptuno
1156 4505 1185 4561 et
1208 4506 1291 4584 patre
1316 4499 1461 4584 Apolline
1480 4501 1495 4564 f
1508 4539 1520 4550 ·
