3767 5534
904 726 944 787 -ll

451 926 535 990 didisse
561 927 686 1004 ceteris,
716 937 751 989 ut
777 926 895 1010 optimo
923 946 1077 1008 quemque
1101 924 1228 988 consilio
1252 923 1291 986 ad
1314 930 1429 987 metum

451 1044 555 1109 Deorum
586 1053 715 1108 vocaret.
756 1043 851 1107 Velut
882 1044 921 1106 ad
952 1042 1138 1119 Hieronem,
1171 1064 1266 1125 quum
1294 1043 1320 1105 is
1348 1040 1431 1104 haud

451 1163 505 1225 satis
528 1163 679 1227 rideretur
709 1164 772 1225 suis
800 1162 890 1226 rebus
920 1184 984 1226 esse
1008 1167 1188 1236 contentus,
1213 1160 1334 1224 scribit:
1359 1158 1434 1237 „ad-

450 1301 527 1343 versos
551 1282 649 1345 Deum
679 1304 741 1344 non
763 1288 878 1344 certare
902 1289 1039 1365 oportet:
1065 1281 1141 1344 ferre
1166 1279 1273 1342 leviter
1295 1285 1431 1341 sumtum

449 1397 473 1459 in
493 1398 559 1462 colla
581 1400 693 1483 jugum
715 1400 820 1483 juvat:
845 1398 992 1462 adversus
1017 1398 1175 1461 stimulum
1201 1396 1356 1460 calcitrare
1380 1396 1434 1458 im-

450 1522 515 1595 petus
543 1516 731 1602 periculosus
761 1517 838 1579 est.”
853 1519 875 1600 ¹)
922 1517 973 1580 Sic
1002 1516 1127 1600 quidem
1152 1517 1230 1579 vitae
1254 1536 1435 1597 morumque

450 1644 582 1721 praecepta
606 1658 676 1700 oum
702 1658 805 1699 rerum
828 1636 1001 1700 divinarum
1027 1634 1290 1699 commendatione
1310 1634 1435 1717 conjun-

447 1751 488 1817 xit.
526 1756 683 1820 Praeclara
715 1779 785 1819 vero
812 1765 903 1833 sunt,
933 1778 1010 1840 quae
1038 1756 1159 1840 scripsit
1187 1753 1226 1819 ad
1249 1753 1435 1832 Arcesilam,

447 1873 533 1952 quiin
555 1875 676 1960 Pythiis
699 1875 858 1938 victoriam
882 1881 1105 1959 reportaverat,
1130 1895 1256 1937 monens
1277 1894 1363 1949 eum,
1387 1879 1435 1949 ut,

447 1985 490 2054 hac
513 2001 597 2057 tanta
624 2000 749 2078 accepta
777 1993 890 2077 gloria,
920 2014 1011 2077 porro
1038 2016 1076 2056 ne
1100 1991 1331 2056 oblivisceretur
1354 1991 1437 2054 omni

448 2109 479 2171 rei
498 2111 592 2176 Deum
617 2120 772 2175 auctorem
797 2133 992 2196 praeponere.
1005 2114 1031 2194 2)
1065 2110 1214 2175 Videmus
1238 2110 1363 2174 Poetam
1389 2132 1436 2173 vo·

447 2225 519 2296 luisse
549 2255 673 2309 eorum,
706 2232 760 2315 qui
791 2230 934 2294 certando
963 2231 1044 2294 Deos
1073 2240 1248 2308 ornassent,
1277 2235 1438 2313 essentque

447 2352 565 2427 praemiis
598 2352 697 2415 ornati
725 2374 742 2413 a
769 2351 855 2426 Diis,
885 2353 948 2434 jam
980 2357 1073 2413 totam
1100 2351 1193 2413 vitam
1218 2350 1331 2433 pietate
1355 2350 1437 2413 cerni

446 2471 630 2553 conspicuam.

899 2712 915 2792 s
939 2713 968 2771 s.

815 2948 857 3009 De
879 2947 1059 3009 caritatibus.

477 3184 643 3271 Conjungit
663 3186 745 3271 apud
764 3186 930 3250 Pindarum
953 3186 1068 3249 Chiron
1089 3202 1204 3250 metum
1225 3186 1336 3250 summi
1358 3185 1443 3249 Jovis

436 3324 501 3367 cum
524 3313 687 3388 parentum
712 3288 830 3382 amore,
857 3305 967 3389 hisque
990 3306 1130 3370 sensibus
1154 3304 1305 3369 Achillem
1331 3305 1443 3390 pariter

435 3421 578 3486 ambobus
599 3423 718 3487 imbuit.
735 3421 759 3505 ³)
794 3423 915 3503 Quodsi
935 3432 1036 3487 autem
1061 3422 1211 3487 Pindarus
1232 3424 1362 3509 epinicia
1382 3446 1443 3487 car-

432 3542 513 3605 mina
528 3564 583 3605 sua
599 3543 753 3607 continere
770 3543 921 3627 egregiam
937 3542 1037 3605 voluit
1054 3543 1174 3626 pietatis
1187 3565 1258 3626 erga
1271 3542 1351 3606 Deos
1364 3564 1443 3607 com-

432 3659 664 3736 mendationem,
682 3661 812 3725 eundem
829 3660 991 3724 maximam
1004 3660 1132 3724 laudum
1146 3661 1361 3744 praestantiam
1373 3683 1442 3725 oon-

432 3779 538 3842 tulisse
562 3780 592 3842 in
618 3801 686 3857 cos,
711 3780 765 3863 qni
789 3779 943 3863 quendam
967 3789 1126 3864 pareutum
1153 3780 1252 3843 locum
1276 3780 1441 3845 haberent‘

432 3918 533 3960 nonne
555 3920 590 3961 ex
610 3898 648 3960 iis
665 3898 728 3982 jam
749 3898 882 3981 intelligi
903 3906 1021 3983 potest,
1043 3920 1121 3981 quae-
1141 3904 1229 3961 antea
1246 3898 1442 3983 scripsimus?

432 4012 511 4077 Nam
532 4036 593 4097 quo
612 4015 733 4079 valebat
753 4015 821 4079 laus
842 4016 1058 4094 Aeacidarum,
1082 4017 1139 4080 nisi
1160 4025 1196 4080 ut
1212 4017 1347 4101 Aeginae
1364 4018 1443 4080 cives

432 4133 525 4195 tantis
549 4134 715 4219 majoribus
739 4133 964 4198 delectarentur
988 4157 1153 4219 eorumque
1173 4135 1264 4199 laude
1283 4136 1445 4200 incitaren-

431 4251 503 4315 tur?
537 4250 579 4314 m
598 4252 786 4335 reliquorum
807 4253 935 4317 heroum
956 4254 1089 4337 insignia
1109 4254 1192 4318 fuere
1208 4254 1368 4338 praeconia
1384 4277 1444 4318 non

471 4538 491 4598 n
512 4538 550 4603 ιγ.
568 4539 607 4587 rr.
626 4539 689 4596 ras,
710 4538 764 4590 ru.
867 4540 892 4599 a)
908 4542 949 4606 rs.
973 4542 999 4590 r.
1017 4542 1056 4591 aa.
1159 4542 1182 4600 a)
1200 4542 1241 4607 Pp.
1264 4541 1304 4590 rr.
1323 4540 1363 4591 aa.
