3767 5534
920 712 961 773 58

433 911 531 989 „baec
554 913 678 997 quidem
701 912 790 977 stulti
813 935 883 977 cum
907 913 1015 987 decors
1038 916 1115 987 ferre
1140 937 1202 982 nou
1222 923 1369 1001 possunt,
1391 916 1446 992 sed

432 1031 522 1109 boni,
553 1033 660 1118 pulcra
687 1039 838 1097 vedentes
865 1034 982 1098 extra.'’
995 1034 1019 1119 l)
1064 1034 1103 1099 In
1126 1036 1200 1121 ipsis
1223 1035 1311 1108 malis
1334 1034 1443 1111 κόσμον

431 1153 640 1231 commendat,
675 1153 830 1231 decorem,
864 1153 917 1237 qui
948 1154 992 1217 ita
1020 1155 1187 1240 sapientiae
1210 1155 1353 1241 proprius
1376 1161 1443 1231 est,

433 1278 469 1335 ut
491 1293 561 1335 eum
584 1270 762 1356 insipientes
786 1273 907 1355 assequi
930 1281 1101 1357 nequeant:
1123 1281 1215 1357 atque
1234 1272 1293 1337 hoe
1312 1271 1445 1336 Hieroni

433 1390 562 1455 maxime
594 1390 766 1455 faciendum
798 1399 880 1469 erat,
911 1398 948 1454 ut
978 1392 1118 1456 decorem
1145 1400 1295 1469 servaret,
1323 1391 1388 1475 regi
1412 1391 1446 1455 in

432 1531 542 1594 magna
569 1507 715 1573 felicitate
733 1508 852 1594 posito:
876 1533 965 1588 nam,
989 1509 1113 1595 siquid
1137 1510 1217 1574 inter
1240 1509 1349 1594 populi
1372 1530 1442 1594 pro·

433 1651 514 1693 ceres
545 1636 576 1693 et
606 1630 725 1694 infimos
756 1630 901 1709 interest,
933 1631 991 1695 hoc
1022 1630 1167 1694 interesse
1198 1628 1307 1706 debet,
1338 1634 1374 1692 ut
1395 1626 1444 1691 illi

433 1748 512 1812 mala
531 1770 587 1813 sua
605 1750 723 1834 privata
740 1772 780 1813 ne
797 1750 829 1814 in
845 1750 996 1834 populum
1012 1748 1184 1813 redundare
1199 1748 1296 1813 velint
1311 1769 1387 1819 nove
1403 1745 1443 1810 ad

433 1867 540 1952 populi
565 1868 809 1933 communionem
837 1877 1032 1933 convertant:
1061 1866 1320 1952 quemadmodum
1344 1864 1445 1930 voluit

431 1985 578 2069 praeclari
617 1987 747 2071 scriptor
784 1986 926 2050 carminis
965 1986 1004 2049 ad
1037 1986 1157 2058 Liuiam
1192 1986 1368 2070 Augustam
1405 1981 1445 2047 de

433 2113 532 2169 morte
554 2104 666 2171 Drusi:

479 2223 551 2288 Non
574 2224 679 2289 eadem
703 2224 875 2309 vulgusque
897 2224 1007 2289 decent
1031 2229 1062 2288 et
1081 2224 1200 2288 lumina
1221 2243 1333 2286 rerum.
1347 2222 1372 2304 ⁹)

479 2342 519 2407 Et
535 2365 605 2408 vero
621 2344 697 2408 scire
713 2351 848 2430 oportet,
864 2366 1006 2428 magnam
1023 2343 1198 2407 felicitatem
1209 2341 1254 2405 ita
1265 2341 1385 2426 placere
1396 2339 1447 2404 de·

433 2462 518 2540 bere,
538 2470 589 2540 ut,
610 2463 636 2526 si
655 2463 730 2547 quid
747 2463 824 2527 forte
840 2463 933 2539 desit,
951 2463 1105 2528 hominem
1122 2470 1153 2525 te
1168 2482 1233 2525 esse
1249 2458 1442 2535 memineris,

434 2604 490 2647 nec
510 2580 605 2646 cladis
625 2592 777 2668 expertem
798 2605 862 2647 esse
881 2604 979 2667 posse.
1015 2556 1133 2647 Idcirco
1155 2580 1255 2666 pergit
1275 2578 1444 2644 Pindarus:

434 2708 488 2778 „te
506 2722 570 2764 sors
589 2700 744 2765 felicitatis
764 2701 917 2785 sequitur:
938 2699 1048 2786 populi
1065 2722 1182 2785 regem,
1198 2698 1225 2761 si
1240 2717 1331 2781 quem
1348 2695 1446 2760 homi·

436 2842 527 2896 num,
558 2842 670 2904 magna
698 2820 822 2885 fortuna
853 2820 1000 2905 adspicit:
1032 2818 1084 2882 sed
1113 2817 1219 2881 illaesa
1242 2816 1368 2882 fortuna
1390 2834 1447 2878 nec

435 2938 527 3003 Peleo
557 2961 613 3003 nec
645 2938 761 3003 (ladmo
789 2939 866 3015 fnit,
898 2937 953 3022 qni
975 2936 1150 3002 mortalium
1173 2934 1320 2998 dicuntur
1343 2949 1449 3016 supra·

436 3080 516 3122 mam
540 3056 683 3122 habuisse
705 3055 950 3139 felicitatem.”⁸)
983 3054 1039 3133 „Si
1059 3054 1128 3138 quis
1148 3050 1324 3117 mortalium
1344 3057 1448 3114 mente

436 3176 528 3240 habet
556 3176 692 3241 veritatis
722 3176 819 3253 riam,
853 3175 940 3239 decet
969 3176 1023 3251 iis,
1054 3195 1132 3257 quae
1161 3170 1199 3236 ab
1222 3168 1448 3236 immortalibus

437 3296 605 3379 acceperis,
637 3294 725 3360 bonis
756 3294 817 3358 frui
823 3319 832 3371 3
857 3294 932 3357 alias
956 3292 1033 3356 aliae
1056 3312 1147 3359 aurae
1170 3298 1332 3352 ventorum
1355 3293 1447 3356 sunt:

436 3436 547 3498 magna
579 3413 708 3477 felicitas
743 3433 805 3475 non
840 3412 919 3475 solet
952 3433 1017 3475 esse
1051 3409 1206 3472 dintuma.
1263 3404 1381 3467 Parvus
1414 3403 1449 3468 in

437 3534 555 3619 parvis,
587 3556 717 3618 magnus
747 3532 780 3596 in
810 3531 929 3615 magnis
961 3530 1051 3594 rebus
1082 3549 1150 3591 ero:
1183 3546 1266 3601 eam,
1295 3543 1374 3607 quac
1399 3543 1450 3586 me

437 3653 623 3731 circumdat,
655 3659 767 3716 sortem
797 3658 898 3715 mente
926 3670 1045 3732 semper
1068 3644 1229 3720 exercebo,
1255 3642 1358 3706 colens
1382 3661 1449 3713 eam

437 3774 481 3837 ita
503 3780 540 3835 ut
563 3777 679 3856 potero.
726 3768 847 3850 Quodsi
870 3767 948 3831 mihi
967 3764 1089 3832 divitias
1109 3763 1193 3827 Deus
1211 3759 1342 3835 dederit,
1364 3775 1450 3843 spem

438 3892 536 3956 habeo
559 3890 637 3967 fore,
662 3896 698 3953 ut
720 3910 863 3972 magnam
887 3885 1015 3970 gloriam
1038 3903 1129 3967 porro
1153 3879 1321 3954 inveniam,
1347 3897 1452 3960 quam·

439 4010 603 4076 admodum
631 4006 771 4071 Nestoris
796 4014 826 4069 et
848 4002 1030 4090 Sarpedonis
1054 3999 1178 4066 nomina
1201 3994 1387 4061 carminibus
1411 3992 1451 4056 ad

438 4153 495 4194 uos
526 4133 692 4214 propagata
723 4133 812 4189 sunt:
845 4145 899 4207 per
928 4120 1063 4206 gloriosa
1093 4116 1227 4182 carmina
1257 4120 1356 4177 exstat
1383 4111 1451 4175 laus

440 4248 619 4313 diuturna.”
634 4248 659 4331 ⁴)

475 4508 499 4568 1)
511 4506 551 4571 Pp
565 4506 618 4556 ΙΙΙ.
630 4502 687 4555 147.
761 4496 910 4561 arctat.
987 4491 1201 4564 3)l}t.ffl.150.
1274 4487 1445 4550 tumltu.
