3767 5534
918 745 980 808 517

601 946 679 1021 lima
702 944 850 1023 σέβοντοιο·
874 949 975 1009 τοῦτον
997 944 1056 1022 γὰρ
1080 940 1184 1018 ξυνόνθ’
1207 942 1278 1019 όμοῦ

509 1146 510 1151 ¹
602 1064 679 1137 νόκνν
702 1063 820 1128 illurn.

492 1186 522 1247 9.
557 1180 727 1259 σοομονόνενν.
761 1179 855 1245 Recte
881 1179 1044 1243 scholiasta
1069 1180 1219 1243 recentior
1242 1179 1374 1264 explicat
1396 1179 1457 1244 δονο-

446 1307 521 1378 κεῖν,
557 1321 662 1364 curare
693 1306 723 1361 01
750 1296 929 1382 gubernare.
977 1296 1083 1374 Plato,
1112 1295 1184 1381 Lys.
1215 1299 1278 1359 209
1309 1297 1398 1361 aren)
1422 1296 1456 1361 τό

446 1424 533 1495 σῶμοο
556 1415 648 1489 ἄλλος
671 1416 817 1493 ποιμαίνει
840 1415 888 1480 ani
911 1416 1075 1495 θεραπεύει,
1098 1415 1135 1480 σὺ
1157 1414 1187 1479 δὲ
1209 1414 1312 1498 ἄρχεις
1327 1416 1452 1486 οὐδενόςε

376 1581 378 1585 -
447 1535 502 1600 ubi
524 1533 684 1613 ποιμαίνειν
706 1532 769 1597 fere
791 1533 874 1596 idem
897 1541 944 1595 est
967 1540 1059 1616 atque
1082 1512 1192 1613 όορσξειν.

494 1656 544 1717 13.
580 1653 688 1729 κόσμον
711 1651 853 1726 όόυμελῆ.
890 1650 1020 1714 Carmen
1045 1650 1140 1713 Poeta
1163 1648 1240 1712 (licit
1262 1647 1383 1725 κόσμον,
1409 1670 1456 1711 or·

445 1778 631 1844 namentum,
648 1769 736 1854 quasi
755 1769 910 1855 quoddam
930 1767 1014 1853 quod
1034 1775 1176 1832 cernatur
1194 1767 1307 1845 oculis,
1326 1789 1455 1831 coronae

446 1889 602 1954 additum:
636 1894 666 1951 et
697 1887 854 1971 epitheton
885 1894 987 1950 tamen
1018 1885 1160 1970 adjungit
1191 1885 1338 1961 ἁδυμελῆ,
1370 1883 1453 1968 quod

445 2006 565 2091 proprie
588 2026 650 2068 non
673 2004 746 2068 huic
770 2008 948 2093 ornamento
972 2002 1026 2066 sed
1048 2003 1107 2086 ipsi
1130 2002 1258 2066 carmini
1277 2001 1453 2065 conveniat:

446 2129 493 2187 est
527 2122 676 2206 quaedam
711 2122 834 2206 copiosa
864 2120 1099 2204 comparationis
1130 2132 1160 2181 01
1190 2119 1233 2183 rei
1264 2127 1454 2203 comparatae

446 2240 645 2325 conjunctior
664 2238 840 2323 scripsimus
865 2237 902 2301 de
926 2260 961 2300 ea
984 2236 1023 2299 ad
1046 2234 1096 2299 Ol.
1120 2234 1355 2321 V1141,pag,
1378 2239 1453 2300 395.

493 2360 544 2420 14.
579 2356 739 2430 κελαδήσω.
774 2354 847 2419 Non
871 2354 910 2417 ad
928 2354 1024 2418 futuri
1043 2354 1185 2418 carminis
1203 2353 1453 2438 pollicitationem

446 2473 504 2539 hoc
527 2474 676 2559 pertinet,
693 2472 746 2536 sed
762 2472 801 2536 ad
818 2472 876 2535 hoe
893 2494 1034 2556 praesens
1051 2445 1236 2549 carmen,et
1250 2472 1331 2555 ipsas
1347 2471 1453 2535 Musas

444 2592 483 2655 ad
505 2592 576 2656 festi
599 2591 691 2677 hujus
715 2599 823 2655 cantus
847 2590 1022 2654 societatem
1044 2596 1146 2653 vocat:
1166 2589 1249 2653 haud
1266 2589 1454 2654 dissimiliter

443 2710 492 2774 Ol.
516 2709 564 2773 V]
595 2712 637 2773 36
669 2732 726 2773 000
750 2709 883 2773 carmina
906 2731 924 2771 a
947 2708 1046 2771 Musis
1069 2708 1189 2792 repetit.
1237 2707 1346 2772 Forma
1369 2709 1452 2773 verbi

442 2826 547 2891 futura
575 2826 619 2891 ibi
648 2827 763 2911 pariter
792 2826 825 2889 in
856 2847 888 2888 re
919 2824 1071 2909 praesenti
1098 2825 1238 2908 ponitur,
1263 2827 1450 2906 μορσνρόσωε

442 2944 533 3007 etiam
566 2942 616 3007 Ol.
648 2942 677 3005 X
710 2944 770 3019 96,
797 2945 870 3005 199.
916 2942 1068 3021 Κομόζεον
1091 2942 1172 3005 enim
1196 2948 1240 3004 001
1263 2942 1375 3005 festum
1399 2964 1452 3026 per

442 3068 566 3124 cantum
594 3083 699 3144 agere,
726 3059 809 3123 velut
831 3058 880 3121 Ol.
905 3057 953 3121 IX
978 3061 1014 3120 6:
1039 3055 1129 3121 Nem.
1154 3056 1189 3121 II
1214 3060 1255 3120 38
1280 3058 1450 3135 κωμόξοοσε.

489 3181 539 3243 17.
575 3202 633 3252 μιν.
669 3176 799 3241 Duobus
831 3175 1014 3240 modishoo
1041 3174 1184 3259 explicari
1208 3183 1325 3260 potest,
1351 3184 1387 3239 01
1410 3178 1451 3241 sit

441 3295 611 3381 subjectum
643 3295 726 3360 verbi
755 3293 930 3376 όφόξεσόοοο,
962 3293 992 3356 si
1018 3292 1148 3356 refertur
1180 3300 1235 3356 aut
1264 3293 1303 3356 ad
1326 3295 1448 3380 κόσμον,

440 3435 561 3477 carmen
592 3412 631 3477 ad
662 3411 776 3476 Locros
805 3417 1049 3495 perventurum,
1072 3416 1127 3473 aut
1150 3410 1189 3473 ad
1213 3411 1447 3495 Agesidamum‚

438 3522 473 3594 in*
493 3532 624 3616 patriam
646 3530 828 3594 rediturum.
863 3528 905 3591 Et
927 3528 986 3591 hoc
1009 3528 1133 3611 quidem
1157 3528 1256 3612 placet
1281 3529 1446 3596 Boechhio.

438 3647 553 3713 Verum
578 3624 750 3733 subjectum
774 3645 857 3710 verbi
879 3645 1039 3727 όφόξεσόοοο
1057 3645 1190 3730 intelligi
1210 3646 1350 3711 existimo
1365 3648 1447 3735 ipsas

438 3766 563 3844 Musas,
588 3789 664 3850 quas
688 3751 824 3843 invocat,
849 3773 880 3829 01
901 3790 952 3843 μον
975 3787 1039 3828 0000
1060 3764 1143 3829 verbi
1162 3765 1330 3849 objectum,
1352 3790 1454 3852 popu-.

436 3884 502 3947 lum
523 3884 709 3984 Loprorum,
737 3884 788 3948 cui
806 3885 870 3968 jam
893 3882 1000 3946 laudes
1023 3882 1141 3946 debitas
1166 3882 1368 3968 adjuncturus
1389 3892 1445 3949 001.

483 4002 533 4065 17.
569 4002 611 4076 μὲν
634 4000 795 4081 φυγόξενον
818 4026 845 4066 κ.
870 4025 895 4064 σ.
919 4015 947 4063 λ.
983 4000 1030 4062 Βο
1053 3996 1220 4064 Locrorum
1245 4000 1337 4066 laude
1357 4003 1446 4086 justi-

435 4118 513 4196 tiae,
545 4119 675 4195 artium,
705 4118 847 4194 militiae,
879 4117 1000 4201 scripsit
1023 4117 1115 4181 etiam
1138 4117 1235 4182 Poeta
1261 4117 1311 4183 Ol.
1336 4119 1366 4182 X
1393 4123 1443 4186 17.

434 4233 604 4299 Scholiasta
635 4243 722 4299 vetus
755 4235 793 4298 ad
820 4258 890 4299 eum
911 4234 1012 4298 locum
1037 4234 1145 4298 laudat
1167 4242 1288 4320 poetam
1311 4236 1443 4302 Locrum

433 4351 669 4441 Epizephyrium
693 4352 912 4429 Xenocritnm,
937 4359 969 4416 01
991 4350 1199 4432 harmoniam,
1224 4376 1302 4438 quae
1317 4355 1444 4421 Locrica
1475 4427 1480 4433 ⁴

433 4469 585 4555 appellata
608 4472 657 4535 sit.
