3767 5534
835 725 891 784 351

363 924 450 996 atria
473 926 486 990 ὁ
509 930 628 1001 *lature
652 925 748 996 πολιὸς
771 921 803 997 ἦν
825 923 874 987 καὶ
898 918 951 987 οἷον
971 922 1130 1001 προπόλιος.
1168 919 1261 1000 Quod
1277 921 1368 1003 longe

363 1064 447 1106 secus
479 1066 543 1107 esse
574 1044 722 1108 existimo.
771 1042 810 1106 llt
841 1041 937 1106 efficio
968 1040 1091 1124 quidem
1116 1040 1244 1103 maxime
1269 1061 1284 1101 e
1308 1060 1369 1101 car·

364 1161 454 1225 minis
478 1161 506 1222 V
530 1185 562 1225 vs
588 1164 645 1236 51,
670 1161 861 1226 l‘saumidem
885 1160 980 1224 fnisse
1000 1161 1063 1244 jam
1087 1166 1185 1221 aetate
1209 1135 1363 1241 proveeta:

365 1302 468 1343 verum
491 1281 523 1343 in
547 1302 582 1343 eo
605 1280 681 1344 nihil
705 1303 784 1357 esse,
809 1279 889 1363 quod
915 1278 960 1341 vel
985 1288 1063 1341 esset
1087 1277 1188 1361 ipsum
1211 1274 1365 1351 mirabile,

365 1398 412 1462 vel
446 1398 501 1461 hae
535 1398 573 1461 de
607 1397 721 1482 Ergino
755 1378 926 1461 narratione
958 1396 1169 1481 explicaretur.
1216 1391 1369 1457 Laudavit

365 1516 460 1581 Poeta
491 1517 662 1581 Paaumidis
692 1518 837 1581 virtutes:
871 1516 1048 1591 affirmavit,
1082 1537 1114 1578 se
1146 1535 1205 1577 non
1237 1512 1369 1576 mentiri.

366 1634 493 1719 Saepius
516 1635 667 1720 ejusmodi
689 1635 886 1699 affirmatione
911 1636 1027 1699 utitur:
1053 1632 1138 1697 velut
1160 1632 1210 1695 Ol.
1234 1631 1268 1695 ΙΙ
1292 1633 1369 1708 166,

367 1752 417 1817 Ol.
440 1754 486 1818 VI
510 1760 570 1832 34,
595 1754 644 1818 Ol.
669 1754 751 1818 XIII
777 1757 855 1818 140:
877 1754 990 1837 quibus
1008 1753 1083 1817 loeis
1103 1752 1150 1815 vel
1166 1749 1371 1836 jurisjurandi

367 1872 456 1937 fidem
483 1874 637 1959 proponit.
683 1873 751 1937 Hoc
775 1881 877 1937 antam
901 1872 967 1936 loeo
991 1873 1024 1936 in
1047 1871 1245 1935 affirmatione
1269 1869 1371 1933 lauda·

367 1992 458 2055 tionis
485 2002 629 2076 provocat
656 1991 693 2055 ad
723 1992 955 2077 experientiam,
984 1998 1119 2074 spectata
1142 1990 1228 2052 lactis
1252 1995 1283 2051 et
1306 2009 1373 2071 pro·

368 2110 438 2175 bata
464 2109 658 2174 Psanmidem
681 2111 904 2174 existimatione
927 2118 958 2173 et
981 2109 1061 2173 lama
1083 2109 1144 2172 lrui
1167 2106 1366 2172 contendens:

368 2236 398 2292 et
420 2228 524 2313 adjicit
547 2229 688 2294 festivum
712 2240 742 2292 et
765 2250 857 2292 suave
881 2227 988 2311 Ergini
1012 2227 1200 2312 exemplum,
1223 2232 1260 2289 ut
1274 2233 1373 2288 osten·

368 2347 436 2423 dat,
462 2371 525 2413 eam
549 2347 671 2413 laudem
695 2371 759 2412 esse
783 2356 894 2413 certam
919 2355 1011 2431 atque
1034 2353 1194 2422 testatam,
1224 2367 1303 2428 quae
1326 2366 1373 2407 ex-

368 2467 533 2550 perientiae
556 2467 614 2530 fide
637 2468 770 2543 nitatur,
795 2488 923 2550 easque,
949 2487 1025 2549 quas
1049 2464 1087 2528 de
1110 2462 1274 2527 Panumide
1291 2485 1374 2547 prae·

368 2584 493 2661 dicavit,
518 2593 580 2647 tam
603 2608 687 2648 veras
711 2608 775 2649 esse
796 2584 916 2661 laudes,
933 2606 1025 2668 quam
1041 2605 1142 2647 veram
1157 2582 1250 2646 fuisse
1267 2580 1373 2665 Ergini

368 2704 509 2767 virtutem
533 2726 623 2789 opere
646 2714 677 2768 et
699 2706 863 2769 certamino
886 2704 1037 2789 apparuit.
1070 2702 1229 2766 Contraria
1253 2700 1371 2785 Ulyssis

367 2823 519 2886 sententia
541 2830 587 2886 est
609 2823 690 2907 apud
714 2822 913 2908 Sophoclem,
937 2822 1068 2886 Philoct.
1092 2825 1151 2897 96,
1169 2818 1371 2904 Neoptolemo

368 2941 514 3005 dicentis:

501 3063 600 3126 ἐσθλοῦ
624 3063 732 3141 πατρὸς
755 3069 830 3135 ποεῖ,
855 3061 961 3133 καύτὸς
987 3061 1022 3124 ὢν
1046 3059 1103 3130 νέος
1127 3058 1196 3122 aori

501 3186 639 3255 γλῶσσαν
662 3183 715 3256 μὲν
736 3180 843 3259 ἀργὸν,
866 3187 954 3260 χεῖρα
976 3179 1001 3241 δ’
1024 3175 1103 3258 εἶχον
1126 3177 1261 3255 ἐργάτιν·

503 3306 549 3364 νῦν
572 3299 597 3362 δ’
621 3300 659 3368 εἰς
683 3297 809 3379 ἔλεγχον
832 3296 910 3373 ἐξιὼν
933 3298 982 3377 ὁρῶ
1004 3297 1115 3376 βροτοῖς

506 3419 557 3491 τὴν
579 3422 719 3494 γλῶσσαν
741 3418 808 3497 οὐχὶ
831 3418 932 3496 τᾶργα
956 3414 1038 3480 πάνθ’
1063 3414 1231 3491 ἡγουμένην.

370 3535 528 3601 Vocabnlo
552 3544 654 3600 autem
676 3537 803 3617 ἔλεγχος
828 3559 951 3620 prorsus
972 3534 1111 3598 similiter
1127 3532 1262 3596 Pindaro
1278 3532 1377 3596 utitur

371 3655 551 3740 Euripides,
576 3657 643 3719 Ala.
669 3658 732 3719 oto

345 3753 349 3763 ι
524 3774 658 3851 ,ἔδειξας
681 3778 720 3846 εἰς
744 3776 871 3855 ἔλεγχον
893 3774 1013 3850 ἐξελθὼν
1036 3771 1064 3845 ὃς
1088 3770 1122 3839 εἷ.

417 3896 469 3956 38.
504 3902 600 3973 χεῖρες
630 3895 660 3956 δὲ
689 3894 739 3957 καὶ
770 3889 835 3973 ἦτορ
866 3894 932 3960 ἴσον.
969 3892 1080 3956 Manus
1107 3913 1191 3955 meae
1215 3910 1377 3972 meumque

374 4027 478 4094 peetus
510 4020 582 4074 sunt
613 4010 724 4074 similia
748 4011 775 4075 ei
798 4010 910 4096 pedum
934 4010 1099 4087 celeritati,
1124 4030 1213 4092 quam
1239 4006 1376 4071 ostendi:

373 4137 522 4212 quantum
545 4128 676 4213 pedibus
699 4128 848 4192 currendo
872 4128 975 4205 valeo,
999 4137 1121 4193 tantum
1137 4127 1221 4190 valeo
1237 4123 1378 4189 manibus

375 4247 539 4330 pugnando
563 4257 593 4310 et
617 4258 737 4331 pectore
761 4248 911 4312 audendo.
