3767 5534
927 748 968 809 51

433 948 735 1032 consanguineorum
769 968 913 1012 amorem.
943 939 1013 1010 'Eu
1047 947 1194 1012 Mercurir
1228 946 1290 1010 filia
1325 944 1455 1030 Angelia

432 1066 567 1130 audiens
597 1066 710 1152 Iphion
743 1067 871 1130 nunciet
901 1065 1090 1131 Callimacho
1122 1067 1273 1131 illustrem
1304 1066 1452 1129 honorem

433 1182 617 1268 Olympiae,
646 1206 738 1267 quem
761 1206 864 1249 eorum
888 1185 974 1269 genti
996 1184 1119 1269 Jupiter
1144 1183 1283 1248 tribuit.''
1298 1184 1322 1267 ¹)
1370 1182 1456 1245 Dini-

432 1302 509 1366 dem
528 1303 723 1387 Aeginetam,
745 1301 970 1368 adolescentem
991 1301 1128 1367 Nemeac
1144 1302 1306 1378 victorem,
1325 1300 1456 1386 praecla-

432 1440 472 1485 ro
496 1419 623 1484 donavit
644 1422 792 1499 carmine,
817 1420 1014 1505 ejusdemque
1034 1428 1167 1506 patrem,
1188 1421 1214 1484 si
1233 1420 1299 1483 fieri
1318 1426 1454 1504 poterat,

434 1561 507 1603 eam
536 1538 661 1603 laudem
691 1535 826 1624 spectare
854 1540 1010 1617 voluerat,
1039 1538 1092 1603 sed
1116 1546 1219 1603 tamen
1242 1540 1308 1624 ejus
1332 1538 1454 1603 decorat

432 1656 633 1720 memoriam:
664 1657 812 1735 „tuam‚”
842 1658 963 1741 inquit,
991 1657 1123 1742 „Mega,
1154 1657 1286 1721 animam
1309 1655 1454 1720 reducere

434 1796 503 1839 non
526 1796 665 1859 possum:
690 1775 743 1840 sed
765 1777 850 1861 genti
873 1785 946 1840 tuae
969 1798 1116 1861 magnum
1140 1782 1294 1841 exstruere
1317 1774 1452 1861 lapidem

433 1892 666 1979 musicum.'’⁹)

484 2010 593 2075 Unum
623 2018 718 2077 restat
746 2019 781 2076 ut
807 2036 1004 2091 moneamus,
1033 2035 1095 2077 non
1122 2012 1381 2077 commendavisse
1408 2034 1454 2075 so-

434 2129 599 2196 lummodo
632 2130 800 2197 Pindarum
835 2132 939 2197 studia
974 2133 1154 2210 caritatum,
1193 2131 1245 2196 sed
1276 2153 1339 2196 nou
1371 2130 1455 2195 aliud

435 2248 627 2334 praeclarius
658 2272 724 2315 esse
755 2250 907 2316 amicitiae
937 2258 968 2316 et
997 2252 1132 2316 caritatis
1160 2250 1334 2336 exemplum
1361 2272 1454 2335 quam

438 2367 511 2451 ipsa
533 2366 656 2451 singula
678 2369 743 2452 ejus
766 2370 911 2435 carmina.
954 2368 1043 2448 Quae
1066 2392 1159 2453 qnam
1182 2377 1318 2433 amanter
1342 2369 1455 2454 scripta

439 2485 525 2562 sint,
553 2492 589 2549 ut
614 2508 661 2550 res
684 2488 769 2572 ejus,
794 2487 833 2552 ad
856 2510 948 2572 quem
971 2488 1101 2567 scribat,
1126 2489 1251 2553 omnino
1274 2487 1313 2552 ad
1336 2510 1368 2552 se
1393 2510 1458 2573 per·

438 2604 541 2668 tinere
559 2605 715 2684 ostendat,
733 2606 798 2691 jam
817 2608 921 2692 potnit
940 2630 977 2672 ex
996 2608 1034 2671 iis
1054 2608 1131 2686 fere,
1149 2629 1227 2691 quae
1243 2606 1455 2692 exposuimus,
1517 2688 1522 2708 Ι

437 2721 585 2807 intelligi.
631 2722 691 2789 Sed
722 2725 848 2790 fuerunt
878 2728 944 2813 ejus
976 2728 1111 2791 carmina
1140 2749 1268 2791 munera
1294 2747 1328 2790 ao
1356 2724 1455 2802 dona,

440 2840 557 2924 quibus
587 2842 772 2927 significaret
802 2867 836 2908 ac
864 2852 1026 2910 testaretur
1049 2869 1136 2910 snam
1160 2867 1232 2929 erga
1254 2845 1383 2908 victores
1407 2865 1457 2908 vo-

440 2958 610 3039 luntatem,
635 2962 830 3047 firmaretque
853 2971 884 3029 et
906 2965 1084 3030 conciliaret
1107 2964 1166 3029 sibi
1186 2985 1292 3028 eorum
1313 2984 1455 3027 amorem.

442 3076 610 3164 Comparat
640 3103 697 3145 sua
728 3083 864 3147 carmina
891 3084 1024 3162 nectari,
1052 3059 1136 3169 quod
1159 3082 1269 3147 fundat
1292 3082 1457 3165 mittatque

442 3196 666 3284 victoribusz³l
697 3209 855 3286 comparat
882 3224 992 3267 aureae
1019 3209 1156 3287 paterae,
1185 3223 1278 3285 quam
1302 3221 1387 3264 socer
1409 3221 1458 3284 ge·

442 3336 518 3379 nero
549 3316 666 3381 tribuat
696 3319 730 3382 in
760 3319 949 3405 sponsalium
980 3320 1199 3386 celebratione:
1217 3322 1243 3405 4)
1274 3318 1458 3404 inscriptum

443 3433 477 3497 in
505 3456 563 3499 sna
590 3443 692 3502 mente
721 3438 882 3517 victorem,
907 3439 959 3504 cui
982 3462 1103 3505 carmen
1126 3438 1252 3517 debeat,
1276 3437 1384 3515 habet,
1409 3437 1459 3501 de·

444 3554 607 3640 bitumque
632 3557 729 3643 solvit
759 3580 831 3622 cum
860 3558 1000 3623 foenore:
1019 3561 1043 3643 ⁵)
1074 3558 1199 3623 omnino
1231 3557 1291 3622 fuit
1321 3557 1459 3641 sapiens:

442 3671 496 3735 sed
519 3672 701 3758 sapientiam
724 3698 812 3741 suam
836 3684 865 3739 et
888 3676 955 3741 Deo
979 3700 1010 3742 se
1034 3676 1144 3741 debere
1167 3676 1322 3761 professus
1344 3682 1407 3752 est,
1427 3679 1459 3737 et

443 3789 581 3853 fructum
603 3793 670 3877 ejus
694 3792 732 3858 ad
756 3794 869 3859 amicos
893 3795 1046 3879 pertinere
1069 3794 1177 3859 voluit.
1191 3796 1216 3879 θ)

477 4082 503 4145 ι)
523 4081 560 4132 οι.
582 4083 656 4133 rrrr.
674 4083 714 4134 oa.
811 4084 837 4147 a)
853 4086 919 4135 nea.
941 4085 1016 4135 rrrr.
1035 4084 1077 4138 ra.
1178 4085 1203 4147 a)
1224 4084 1261 4135 or.
1282 4084 1341 4135 arr.
1360 4082 1401 4140 1³.

474 4178 500 4238 a)
520 4176 557 4227 or.
578 4178 637 4227 arr.
655 4178 679 4228 1.
812 4181 837 4243 a)
856 4178 893 4232 ot.
911 4180 941 4231 r.
961 4180 984 4230 1.
1178 4180 1203 4243 a)
1223 4180 1261 4231 or.
1278 4181 1324 4231 rr.
1343 4180 1385 4230 a·
