3767 5534
994 729 1058 789 404

518 935 696 1013 praecepto,
722 927 907 991 Graecorum
931 926 1092 992 fortissimi
1114 928 1172 991 viri
1195 928 1289 992 filiam
1312 929 1372 1013 ipsi
1396 951 1461 992 esse
1477 927 1533 992 du·

517 1047 660 1123 cendam,
694 1068 820 1110 uxorem
852 1046 976 1110 duxisse
1004 1046 1097 1110 filiam
1123 1047 1325 1111 Aristomenis
1349 1048 1429 1131 regis
1453 1047 1532 1111 Mes-

518 1167 595 1229 senii
627 1166 766 1244 tertiam,
793 1187 888 1249 quum
911 1165 1065 1229 nemiuem
1090 1165 1283 1229 Aristomene
1306 1165 1463 1229 fortiorem
1482 1166 1532 1250 ju·

517 1283 657 1347 dicasset.
705 1282 752 1345 Ex
782 1283 830 1346 his
861 1289 970 1346 natum
997 1305 1062 1346 esse
1085 1282 1250 1347 Doricum:
1275 1305 1310 1346 ex
1335 1283 1448 1346 Dorico
1472 1281 1532 1345 De·

516 1410 687 1484 magetum:
720 1424 756 1465 ex
784 1400 843 1463 hoc
868 1399 1049 1483 Diagoram:
1075 1423 1112 1463 ex
1136 1400 1270 1484 Diagora
1293 1399 1440 1463 oriundos
1464 1421 1530 1463 esse

516 1519 698 1603 Diagoridas
732 1518 878 1581 Rhodios.
918 1516 1033 1582 Verum
1069 1540 1139 1582 eum
1170 1518 1335 1601 Diagoram
1366 1517 1531 1602 quominus

516 1636 647 1700 eundem
671 1637 765 1701 inisse
790 1637 1015 1713 existimemus,
1041 1636 1094 1720 qui
1117 1636 1176 1700 hoc
1197 1636 1328 1700 carmine
1344 1634 1530 1712 celebratur,

516 1763 651 1819 aetatum
683 1755 872 1838 computatio
903 1761 1003 1817 vetat:
1036 1760 1102 1817 tum
1135 1754 1200 1837 ipse
1224 1753 1409 1831 Pausanias,
1434 1774 1531 1837 quum

515 1871 552 1936 L.
584 1871 630 1935 IV
662 1872 696 1935 Ο.
729 1870 837 1935 XXIV
871 1894 903 1934 se
933 1894 968 1934 ea
999 1871 1238 1955 praetermittere
1267 1871 1364 1949 dicat,
1389 1892 1468 1954 quae
1492 1870 1531 1933 ad

517 1989 699 2073 Diagoridas
731 1989 935 2073 pertinerent,
968 2010 1005 2052 ne
1029 1989 1060 2051 in
1085 1987 1175 2052 rebus
1199 1988 1422 2052 Messeniorum
1447 2009 1530 2052 enar·

516 2108 619 2171 randis
642 2130 660 2169 a
684 2107 839 2191 proposito
863 2106 1000 2170 aberrare
1025 2105 1182 2183 videatur,
1207 2112 1313 2190 postea
1335 2127 1406 2170 vero
1428 2104 1464 2169 L.
1482 2103 1530 2168 VI

409 2243 412 2248 ’
518 2225 553 2290 Ο.
585 2223 650 2287 VII
681 2224 712 2287 in
744 2223 912 2287 victoribus
936 2222 1104 2308 Olympicis
1127 2223 1332 2287 memorandis
1356 2224 1469 2287 diserte
1492 2223 1530 2287 de

519 2343 577 2406 hoc
600 2343 734 2426 Diagora
757 2343 883 2427 ejusque
907 2342 978 2405 filiis
1003 2348 1034 2405 et
1055 2341 1220 2424 nepotibus
1241 2348 1390 2425 exponat,
1408 2339 1531 2405 videtur

519 2462 683 2545 Diagoram
715 2468 868 2524 auctorem
900 2458 1137 2543 Diagoridarum
1169 2459 1206 2523 ab
1234 2459 1292 2523 hoc
1315 2458 1531 2545 Olympionica

519 2580 704 2643 distinxisse.
752 2577 872 2657 Quodsi
905 2579 1118 2655 statuerimus,
1150 2579 1244 2641 fuisse
1270 2578 1354 2643 illius
1378 2579 1531 2663 Diagorae

519 2696 616 2760 filium
640 2697 843 2779 Demagetum
864 2695 958 2779 hujus
982 2694 1133 2779 Diagorae
1148 2702 1282 2780 patrem,
1300 2703 1435 2760 aetatum
1451 2697 1531 2760 ratio

519 2814 680 2877 convenire
715 2813 903 2897 temporibus
938 2812 1101 2895 videbitur.
1148 2812 1229 2877 Nam
1261 2813 1334 2878 belli
1365 2814 1530 2892 Messenii,

456 2980 458 2982 »
520 2952 582 3015 quo
616 2932 824 2994 Aristomenes
859 2930 1020 3009 inclaruit,
1056 2931 1178 2995 initium
1215 2931 1274 2994 fuit
1309 2929 1359 2994 Ol.
1395 2930 1528 2995 XXIII:

519 3048 650 3112 Pausan.
674 3047 711 3112 L.
736 3048 782 3111 IV
806 3048 841 3113 Ο.
865 3047 926 3113 XV
953 3052 988 3112 l:
1014 3049 1163 3134 Diagoras
1187 3056 1309 3127 autem,
1333 3056 1370 3112 ut
1392 3049 1425 3113 in
1447 3050 1532 3113 scho-

519 3166 570 3231 liis
605 3168 752 3252 scriptum
788 3175 852 3246 est,
884 3166 1059 3253 Olympiam
1091 3168 1248 3232 victoriam
1281 3168 1449 3251 reportavit
1482 3167 1532 3232 01.

518 3285 729 3350 LXXVIHI:
755 3308 826 3370 ergo
849 3286 897 3349 illi
920 3288 1020 3371 spatio
1044 3286 1176 3351 duorum
1193 3285 1324 3371 amplius
1340 3285 1534 3351 saeculorum

518 3402 707 3488 computatio
732 3410 848 3487 sept-em
872 3404 934 3467 fere
958 3411 1094 3468 aetatum
1117 3403 1242 3468 omnino
1267 3403 1420 3487 congruit.

565 3520 605 3585 In
640 3520 765 3584 scholiis
797 3520 929 3584 traditur
961 3521 1110 3605 Diagoras
1141 3522 1261 3605 ingenti
1290 3520 1384 3584 fuisse
1416 3527 1536 3584 statura

520 3638 664 3722 corporis.
711 3637 890 3723 Reportarit
913 3638 995 3702 idem
1019 3646 1050 3703 et
1073 3638 1216 3724 Pythiam
1239 3646 1270 3701 et
1293 3637 1368 3701 alias
1391 3638 1535 3701 victorias

520 3754 686 3838 plurimas,
719 3777 797 3840 quae
828 3756 974 3839 singulae·
998 3757 1030 3819 in
1060 3756 1119 3819 hoc
1152 3756 1284 3821 carmine
1316 3763 1534 3820 memorantur.

520 3872 566 3934 Ac
599 3878 705 3954 postea
735 3878 797 3936 tres
828 3873 893 3957 ejus
917 3872 974 3936 filii
997 3879 1027 3936 et
1050 3872 1112 3937 duo
1137 3896 1153 3937 e
1176 3872 1298 3938 filiabus
1320 3880 1448 3958 nepotes
1472 3873 1536 3937 lue·

522 3993 597 4051 runt
620 3986 869 4073 Olympionicae:
888 3989 957 4053 vide
981 3989 1098 4053 scholia
1121 3996 1152 4053 et
1174 3989 1265 4056 Paua.
1290 3988 1327 4053 L.
1344 3988 1391 4054 VI
1406 3988 1442 4054 C.
1459 3988 1534 4055 VII.

520 4104 593 4169 Iihi
629 4107 693 4191 ejus
728 4105 961 4192 Olympionicas
992 4108 1117 4173 fuerunt
1146 4108 1351 4193 Demagetus,
1382 4106 1534 4185 Doricus,

520 4224 703 4288 Acusilaus:
728 4232 855 4308 nepotes
875 4248 912 4289 ex
927 4225 1049 4290 filiabus
1065 4225 1177 4290 Euclea
1192 4234 1223 4290 et
1238 4226 1319 4311 apud
1337 4225 1533 4291 scholiastam

520 4341 725 4421 Pisirrhotus,
750 4343 833 4428 apud
849 4343 1035 4409 Pausaniam
1051 4344 1222 4410 Pisirodus:
1241 4345 1391 4409 rhetorice
1406 4346 1534 4410 sortasse
1603 4433 1605 4437 Α

521 4461 618 4545 magis
643 4484 736 4546 quam
758 4461 903 4537 historice
927 4462 1112 4528 Plutarchus
1134 4472 1282 4529 memorat
1304 4463 1397 4538 υἱοὺς,
1421 4464 1535 4537 υἱωνοὺς
