3767 5534
910 743 974 803 491

434 943 472 1007 ad
497 946 633 1029 proxima
654 944 853 1030 respoudeat,
877 944 993 1008 ideireo
1014 942 1173 1027 posteriori
1198 940 1312 1026 protasi
1328 939 1447 1024 adjecta

434 1074 478 1127 eet
502 1064 743 1148 particularem,
767 1065 818 1128 111
841 1063 1008 1148 respondet
1031 1062 1173 1147 apodesie
1195 1066 1279 1125 τοῦτο
1304 1061 1343 1125 δέ.

477 1182 621 1247 Ceteram
647 1183 722 1247 alias
745 1184 810 1247 vias
833 1198 898 1247 eese
922 1167 990 1246 aliis
1014 1182 1135 1266 lougius
1160 1178 1363 1264 producentes
1386 1201 1449 1241 non

431 1302 500 1365 ideo
528 1302 603 1368 dicit
625 1302 794 1381 Pindarus,
820 1311 854 1367 ut
877 1304 995 1388 aliquas
1020 1301 1191 1387 deprimat,
1216 1300 1268 1363 sed
1293 1304 1451 1362 1111111-

433 1422 503 1500 dat,
527 1423 560 1488 in
581 1440 691 1507 magna
706 1444 805 1486 rerum
821 1422 1006 1506 optimarum
1023 1416 1206 1506 praestantia
1225 1419 1320 1482 alium
1337 1425 1448 1481 natura

432 1564 487 1605 sua
509 1541 548 1606 ad
572 1542 662 1605 aliem
686 1564 751 1606 esse
773 1542 903 1606 factum:
923 1548 1066 1626 potuerat
1081 1539 1181 1603 dicere
1197 1538 1334 1623 plenius,
1351 1535 1446 1601 denar

433 1660 486 1726 atat
509 1659 626 1744 ἄλλως,
651 1676 756 1725 rerum
771 1660 803 1724 id
819 1651 881 1724 non
898 1668 964 1724 erat
978 1658 1198 1736 necessarium,
1216 1678 1310 1742 quum
1328 1656 1451 1721 brevius

433 1778 544 1843 dietam
569 1780 752 1843 sententiam
775 1780 840 1864 ipse
865 1800 955 1863 porro
979 1778 1125 1862 explicet,
1151 1776 1209 1851 ,111
1232 1776 1257 1840 δ’
1280 1772 1449 1855 111411111-

435 1922 501 1969 rar.
548 1898 586 1962 In
611 1898 702 1963 verbo
729 1898 844 1980 τρέφειν
867 1897 1002 1982 aliquam
1026 1895 1172 1960 erehendi
1197 1894 1371 1979 gloriaeque
1395 1892 1451 1955 im-

434 2016 609 2101 pertiendae
640 2017 893 2101 significationem
925 2016 1023 2078 inesse
1055 2009 1211 2077 existimo:
1245 2012 1323 2076 eonl.
1357 2007 1406 2073 Ol.
1433 2010 1450 2073 I

437 2138 517 2214 180,
543 2135 573 2198 X
599 2137 672 2199 115.
696 2134 797 2199 Versu
826 2137 887 2197 160
911 2140 996 2199 τοῦτο
1020 2126 1106 2197 tna
1131 2132 1188 2195 hoe
1212 2133 1312 2217 ipsum
1329 2148 1449 2195 uermeu

434 2275 517 2331 esee,
542 2261 573 2319 et
595 2254 686 2317 verbu
710 2254 813 2334 ὤρυσαι
836 2252 963 2317 Poetam
987 2252 1143 2336 seipsum
1168 2249 1337 2335 appellare,
1363 2248 1450 2312 facile

435 2372 644 2456 intelligitur..

481 2489 617 2575 Rrepieit
641 2498 743 2555 tutem
766 2490 935 2566 Pindarus,
961 2489 999 2553 de
1023 2490 1112 2552 variis
1130 2489 1184 2552 viis
1201 2489 1316 2573 gloriae
1331 2487 1453 2566 dicent,

435 2631 499 2673 non
534 2610 630 2694 magis
665 2609 704 2673 ad
738 2608 976 2693 Epharmostum
1011 2628 1103 2691 quam
1138 2607 1174 2672 ad
1210 2623 1259 2686 se,
1292 2626 1386 2691 quum
1420 2607 1452 2669 in

434 2726 639 2812 Epharmosto
671 2725 794 2811 quidem
825 2725 918 2789 robur
949 2725 1166 2801 admiraretur,
1197 2726 1262 2819 ipse
1286 2734 1389 2789 autem
1413 2724 1453 2787 ad

435 2846 541 2930 poesin
561 2852 652 2909 natus
669 2854 762 2909 esset:
780 2851 886 2928 estque
901 2845 998 2909 totius
1014 2844 1074 2909 loei
1089 2846 1241 2908 sententia
1257 2843 1452 2929 hujusmodi:

432 2965 559 3049 juvante
593 2964 659 3027 Deo
689 2972 720 3027 et
750 2970 861 3027 nature
891 2963 989 3047 gloria
1022 2964 1158 3047 paritur,
1192 2969 1292 3027 eetera
1323 2962 1453 3027 debilia:

435 3082 549 3148 ideireo
572 3090 676 3147 tantae
698 3090 822 3166 tamque
838 3082 953 3146 multae
969 3060 1174 3166 lipharmosto
1191 3082 1276 3147 fuere
1293 3082 1452 3146 victoriae:

436 3219 541 3267 verum
571 3225 668 3287 quum
699 3202 776 3266 alius
808 3201 868 3265 alia
900 3200 1012 3265 virtute
1044 3201 1189 3277 excellat,
1219 3202 1313 3287 inque
1336 3201 1455 3264 artibus

436 3319 576 3413 gloriosis
607 3321 707 3404 poesie
736 3320 859 3403 quidem
882 3320 923 3383 sit
947 3319 1059 3397 ardna,
1085 3328 1121 3383 ut
1144 3320 1217 3383 haee
1242 3340 1365 3404 quoque
1388 3342 1457 3405 pro·

435 3438 515 3501 11111
547 3438 696 3503 divinitus
728 3440 905 3523 contingat:
938 3448 974 3503 tu
1006 3439 1148 3524 quidem,
1177 3440 1264 3525 eujus
1288 3439 1454 3502 fortissima

435 3556 497 3620 tela
520 3556 612 3621 Musa
635 3556 751 3634 nutrit,
775 3556 895 3621 fortiter
917 3569 973 3621 tua
997 3558 1058 3622 tela
1081 3559 1185 3635 mitte,
1211 3566 1241 3621 et
1261 3580 1382 3622 carmen
1398 3559 1456 3637 hoe

437 3674 569 3739 audente
597 3676 698 3739 auimo
722 3676 766 3739 fer
788 3675 861 3740 forti
885 3678 961 3741 viru.

483 3796 555 3858 161.
593 3796 704 3876 σοφίαι.
741 3794 810 3858 Hoe
833 3818 895 3859 uno
919 3795 988 3860 loeo
1012 3796 1126 3881 plurali
1141 3818 1269 3860 numero
1287 3796 1369 3881 apud
1385 3796 1457 3859 Pin·

435 3910 558 3975 darum:
584 3919 616 3975 at
638 3912 743 3993 τέχναι
768 3910 818 3976 01.
844 3913 908 3977 VII
932 3917 992 3992 65,
1017 3913 1106 3978 Nem.
1131 3914 1224 3978 136.
1269 3914 1363 3999 Apud
1386 3914 1455 3977 Pla-

433 4036 554 4107 tonem,
579 4029 722 4114 Epiuom.
747 4054 776 4114 p.
804 4034 866 4097 797
892 4031 912 4094 d
935 4033 992 4103 τὰς
1008 4032 1125 4112 πρόσθεν
1142 4035 1268 4115 σοφίας,
1288 4034 1455 4117 sapientiae

434 4147 481 4212 vel
505 4148 631 4232 peritiae
660 4170 783 4232 genera.

482 4269 554 4329 163.
590 4267 703 4348 ὤρυσαι.
740 4267 786 4330 De
817 4266 941 4331 fremitu
965 4268 1062 4331 leonis
1087 4268 1200 4332 dieitur
1223 4268 1326 4353 Apoll.
1352 4268 1455 4333 Rhod:

433 4384 549 4469 Argon.
581 4383 627 4447 lv
654 4388 756 4462 1339,
789 4385 887 4469 Epist.
920 4385 1005 4449 Petri
1037 4385 1054 4448 I
1087 4385 1166 4450 eV
1197 4389 1224 4450 8.
1273 4387 1320 4451 De
1344 4409 1454 4472 magno

433 4501 564 4565 clamore
594 4502 735 4566 flentium
767 4503 884 4567 Herod.
918 4502 972 4567 111
1006 4506 1087 4581 117,
1121 4503 1302 4568 laetantium
1329 4504 1376 4568 IV
1402 4508 1453 4572 75.
