<?xml version="1.0" encoding="UTF-8"?>
<!DOCTYPE html PUBLIC "-//W3C//DTD XHTML 1.0 Transitional//EN"
    "http://www.w3.org/TR/xhtml1/DTD/xhtml1-transitional.dtd">
<html xmlns="http://www.w3.org/1999/xhtml" xml:lang="en" lang="en">
 <head>
  <title>
</title>
<meta http-equiv="Content-Type" content="text/html;charset=utf-8" />
  <meta name='ocr-system' content='tesseract 3.04.00' />
  <meta name='ocr-capabilities' content='ocr_page ocr_carea ocr_par ocr_line ocrx_word'/>
</head>
<body>
  <div class='ocr_page' id='page_1' title='image "./pindaricarminao00pindgoog_0537.png"; bbox 0 0 3767 5534; ppageno 0'>
   <div class='ocr_carea' id='block_1_1' title="bbox 906 713 972 773">
    <p class='ocr_par' dir='ltr' id='par_1_1' title="bbox 906 713 972 773">
     <span class='ocr_line' id='line_1_1' title="bbox 906 713 972 773; baseline -0.03 0"><span class='ocrx_word' id='word_1_1' title='bbox 906 713 972 773; x_wconf 78' lang='lat'><strong>456</strong></span> 
     </span>
    </p>
   </div>
   <div class='ocr_carea' id='block_1_2' title="bbox 429 903 1450 1233">
    <p class='ocr_par' dir='ltr' id='par_1_2' title="bbox 429 903 1450 1233">
     <span class='ocr_line' id='line_1_2' title="bbox 432 903 1450 997; baseline 0.003 -23"><span class='ocrx_word' id='word_1_2' title='bbox 432 911 536 976; x_wconf 82' lang='lat' dir='ltr'><strong>uicum</strong></span> <span class='ocrx_word' id='word_1_3' title='bbox 549 907 755 995; x_wconf 86' lang='lat' dir='ltr'><strong>significatur,</strong></span> <span class='ocrx_word' id='word_1_4' title='bbox 766 911 829 995; x_wconf 91' lang='lat' dir='ltr'><strong>jam</strong></span> <span class='ocrx_word' id='word_1_5' title='bbox 842 910 984 996; x_wconf 79' lang='lat' dir='ltr'>deinceps</span> <span class='ocrx_word' id='word_1_6' title='bbox 1005 912 1042 976; x_wconf 86' lang='lat' dir='ltr'><strong>de</strong></span> <span class='ocrx_word' id='word_1_7' title='bbox 1059 906 1211 977; x_wconf 87' lang='lat' dir='ltr'><strong>sententia</strong></span> <span class='ocrx_word' id='word_1_8' title='bbox 1227 903 1450 997; x_wconf 84' lang='lat' dir='ltr'><strong>inquirendum</strong></span> 
     </span>
     <span class='ocr_line' id='line_1_3' title="bbox 432 1028 1449 1106; baseline 0.003 -14"><span class='ocrx_word' id='word_1_9' title='bbox 432 1037 488 1093; x_wconf 86' lang='lat' dir='ltr'><strong>cst.</strong></span> <span class='ocrx_word' id='word_1_10' title='bbox 524 1029 612 1093; x_wconf 80' lang='lat' dir='ltr'><strong>Dixit</strong></span> <span class='ocrx_word' id='word_1_11' title='bbox 632 1028 742 1106; x_wconf 89' lang='lat' dir='ltr'><strong>Poeta,</strong></span> <span class='ocrx_word' id='word_1_12' title='bbox 760 1052 792 1092; x_wconf 90' lang='lat' dir='ltr'><strong>se</strong></span> <span class='ocrx_word' id='word_1_13' title='bbox 808 1030 1033 1095; x_wconf 87' lang='lat' dir='ltr'><strong>celebraturum</strong></span> <span class='ocrx_word' id='word_1_14' title='bbox 1050 1053 1114 1095; x_wconf 89' lang='lat' dir='ltr'><strong>esse</strong></span> <span class='ocrx_word' id='word_1_15' title='bbox 1130 1029 1320 1097; x_wconf 82' lang='lat' dir='ltr'><strong>Nemeaeum</strong></span> <span class='ocrx_word' id='word_1_16' title='bbox 1336 1032 1449 1096; x_wconf 83' lang='lat' dir='ltr'><strong>decus:</strong></span> 
     </span>
     <span class='ocr_line' id='line_1_4' title="bbox 429 1147 1448 1233; baseline 0.004 -23"><span class='ocrx_word' id='word_1_17' title='bbox 429 1149 493 1233; x_wconf 92' lang='lat' dir='ltr'><strong>jam</strong></span> <span class='ocrx_word' id='word_1_18' title='bbox 516 1147 608 1225; x_wconf 86' lang='lat' dir='ltr'><strong>dicit,</strong></span> <span class='ocrx_word' id='word_1_19' title='bbox 633 1170 665 1211; x_wconf 91' lang='lat' dir='ltr'><strong>se</strong></span> <span class='ocrx_word' id='word_1_20' title='bbox 681 1156 787 1232; x_wconf 85' lang='lat' dir='ltr'><strong>postea</strong></span> <span class='ocrx_word' id='word_1_21' title='bbox 802 1148 1027 1213; x_wconf 86' lang='lat' dir='ltr'><strong>celebraturum</strong></span> <span class='ocrx_word' id='word_1_22' title='bbox 1045 1171 1109 1213; x_wconf 90' lang='lat' dir='ltr'><strong>esse</strong></span> <span class='ocrx_word' id='word_1_23' title='bbox 1125 1157 1279 1214; x_wconf 85' lang='lat' dir='ltr'><strong>certamen</strong></span> <span class='ocrx_word' id='word_1_24' title='bbox 1295 1150 1448 1214; x_wconf 83' lang='lat' dir='ltr'><strong>virorum:</strong></span> 
     </span>
    </p>
   </div>
   <div class='ocr_carea' id='block_1_3' title="bbox 432 1267 1448 1352">
    <p class='ocr_par' dir='ltr' id='par_1_3' title="bbox 432 1267 1448 1352">
     <span class='ocr_line' id='line_1_5' title="bbox 432 1267 1448 1352; baseline 0.001 -21"><span class='ocrx_word' id='word_1_25' title='bbox 432 1274 585 1331; x_wconf 85' lang='lat' dir='ltr'><strong>certamen</strong></span> <span class='ocrx_word' id='word_1_26' title='bbox 609 1274 730 1345; x_wconf 92' lang='lat' dir='ltr'><strong>autem,</strong></span> <span class='ocrx_word' id='word_1_27' title='bbox 755 1267 838 1352; x_wconf 88' lang='lat' dir='ltr'><strong>quod</strong></span> <span class='ocrx_word' id='word_1_28' title='bbox 862 1268 1052 1345; x_wconf 89' lang='lat' dir='ltr'><strong>celebratur,</strong></span> <span class='ocrx_word' id='word_1_29' title='bbox 1077 1290 1140 1333; x_wconf 90' lang='lat' dir='ltr'><strong>non</strong></span> <span class='ocrx_word' id='word_1_30' title='bbox 1165 1275 1211 1333; x_wconf 91' lang='lat' dir='ltr'><strong>est</strong></span> <span class='ocrx_word' id='word_1_31' title='bbox 1227 1270 1288 1333; x_wconf 86' lang='lat' dir='ltr'><strong>nisi</strong></span> <span class='ocrx_word' id='word_1_32' title='bbox 1304 1270 1448 1334; x_wconf 83' lang='lat' dir='ltr'><strong>victoria:</strong></span> 
     </span>
    </p>
   </div>
   <div class='ocr_carea' id='block_1_4' title="bbox 369 1386 1450 4549">
    <p class='ocr_par' dir='ltr' id='par_1_4' title="bbox 369 1386 1450 4312">
     <span class='ocr_line' id='line_1_6' title="bbox 432 1386 1449 1474; baseline 0.001 -23"><span class='ocrx_word' id='word_1_33' title='bbox 432 1409 504 1472; x_wconf 86' lang='lat' dir='ltr'><strong>ergo</strong></span> <span class='ocrx_word' id='word_1_34' title='bbox 538 1386 630 1451; x_wconf 87' lang='lat' dir='ltr'><strong>verbo</strong></span> <span class='ocrx_word' id='word_1_35' title='bbox 661 1387 725 1467; x_wconf 75' lang='grc' dir='ltr'><strong>ἐρέω</strong></span> <span class='ocrx_word' id='word_1_36' title='bbox 756 1386 896 1471; x_wconf 84' lang='lat' dir='ltr'><strong>expletur</strong></span> <span class='ocrx_word' id='word_1_37' title='bbox 918 1386 1059 1451; x_wconf 80' lang='lat' dir='ltr'>vocabuli</span> <span class='ocrx_word' id='word_1_38' title='bbox 1084 1386 1193 1467; x_wconf 61' lang='grc' dir='ltr'><em>μάχαν</em></span> <span class='ocrx_word' id='word_1_39' title='bbox 1219 1388 1307 1472; x_wconf 82' lang='lat' dir='ltr'>quasi</span> <span class='ocrx_word' id='word_1_40' title='bbox 1332 1388 1449 1474; x_wconf 86' lang='lat' dir='ltr'><strong>signifi·</strong></span> 
     </span>
     <span class='ocr_line' id='line_1_7' title="bbox 431 1504 1450 1592; baseline 0.002 -23"><span class='ocrx_word' id='word_1_41' title='bbox 431 1506 510 1569; x_wconf 91' lang='lat' dir='ltr'><strong>catio</strong></span> <span class='ocrx_word' id='word_1_42' title='bbox 534 1527 584 1582; x_wconf 88' lang='lat' dir='ltr'><strong>aa,</strong></span> <span class='ocrx_word' id='word_1_43' title='bbox 609 1511 645 1567; x_wconf 93' lang='lat' dir='ltr'><strong>ut</strong></span> <span class='ocrx_word' id='word_1_44' title='bbox 668 1504 709 1567; x_wconf 89' lang='lat' dir='ltr'><strong>sit</strong></span> <span class='ocrx_word' id='word_1_45' title='bbox 731 1504 793 1568; x_wconf 89' lang='lat' dir='ltr'><strong>fere</strong></span> <span class='ocrx_word' id='word_1_46' title='bbox 815 1526 1018 1588; x_wconf 83' lang='lat' dir='ltr'><strong>synonymum</strong></span> <span class='ocrx_word' id='word_1_47' title='bbox 1042 1506 1123 1590; x_wconf 91' lang='lat' dir='ltr'><strong>ejus,</strong></span> <span class='ocrx_word' id='word_1_48' title='bbox 1149 1504 1232 1590; x_wconf 90' lang='lat' dir='ltr'><strong>quod</strong></span> <span class='ocrx_word' id='word_1_49' title='bbox 1256 1506 1350 1570; x_wconf 92' lang='lat' dir='ltr'><strong>modo</strong></span> <span class='ocrx_word' id='word_1_50' title='bbox 1365 1507 1450 1592; x_wconf 91' lang='lat' dir='ltr'><strong>posi·</strong></span> 
     </span>
     <span class='ocr_line' id='line_1_8' title="bbox 369 1622 1450 1706; baseline 0.003 -20"><span class='ocrx_word' id='word_1_51' title='bbox 369 1653 374 1660; x_wconf 87' lang='grc'><strong><em>·</em></strong></span> <span class='ocrx_word' id='word_1_52' title='bbox 431 1632 498 1687; x_wconf 88' lang='lat' dir='ltr'><strong>tum</strong></span> <span class='ocrx_word' id='word_1_53' title='bbox 529 1622 606 1699; x_wconf 80' lang='lat' dir='ltr'><strong>luit,</strong></span> <span class='ocrx_word' id='word_1_54' title='bbox 637 1622 743 1703; x_wconf 64' lang='lat' dir='ltr'><strong>gripta:</strong></span> <span class='ocrx_word' id='word_1_55' title='bbox 768 1623 811 1686; x_wconf 90' lang='lat' dir='ltr'><strong>sic</strong></span> <span class='ocrx_word' id='word_1_56' title='bbox 834 1622 959 1706; x_wconf 88' lang='lat' dir='ltr'><strong>quidem</strong></span> <span class='ocrx_word' id='word_1_57' title='bbox 983 1629 1063 1687; x_wconf 88' lang='lat' dir='ltr'><strong>reete</strong></span> <span class='ocrx_word' id='word_1_58' title='bbox 1087 1623 1191 1687; x_wconf 87' lang='lat' dir='ltr'><strong>addita</strong></span> <span class='ocrx_word' id='word_1_59' title='bbox 1215 1630 1289 1688; x_wconf 91' lang='lat' dir='ltr'><strong>sunt</strong></span> <span class='ocrx_word' id='word_1_60' title='bbox 1311 1627 1344 1689; x_wconf 83' lang='grc' dir='ltr'><strong>ἐκ</strong></span> <span class='ocrx_word' id='word_1_61' title='bbox 1368 1647 1450 1704; x_wconf 71' lang='lat' dir='ltr'><strong>cray-</strong></span> 
     </span>
     <span class='ocr_line' id='line_1_9' title="bbox 431 1740 1445 1826; baseline 0 -20"><span class='ocrx_word' id='word_1_62' title='bbox 431 1740 565 1821; x_wconf 78' lang='lat' dir='ltr'><strong>aparlav:</strong></span> <span class='ocrx_word' id='word_1_63' title='bbox 598 1748 686 1825; x_wconf 87' lang='lat' dir='ltr'><strong>parta</strong></span> <span class='ocrx_word' id='word_1_64' title='bbox 708 1741 787 1805; x_wconf 86' lang='lat' dir='ltr'><strong>foret</strong></span> <span class='ocrx_word' id='word_1_65' title='bbox 809 1764 826 1804; x_wconf 91' lang='lat' dir='ltr'><strong>e</strong></span> <span class='ocrx_word' id='word_1_66' title='bbox 849 1740 1008 1826; x_wconf 83' lang='lat' dir='ltr'><strong>pancratio</strong></span> <span class='ocrx_word' id='word_1_67' title='bbox 1032 1741 1086 1806; x_wconf 94' lang='lat' dir='ltr'><strong>illa</strong></span> <span class='ocrx_word' id='word_1_68' title='bbox 1109 1741 1236 1806; x_wconf 88' lang='lat' dir='ltr'><strong>canendi</strong></span> <span class='ocrx_word' id='word_1_69' title='bbox 1260 1743 1389 1807; x_wconf 89' lang='lat' dir='ltr'><strong>materia</strong></span> <span class='ocrx_word' id='word_1_70' title='bbox 1411 1743 1445 1806; x_wconf 94' lang='lat' dir='ltr'><strong>in</strong></span> 
     </span>
     <span class='ocr_line' id='line_1_10' title="bbox 431 1858 1447 1945; baseline 0.004 -23"><span class='ocrx_word' id='word_1_71' title='bbox 431 1859 595 1923; x_wconf 76' lang='lat' dir='ltr'><strong>certamine</strong></span> <span class='ocrx_word' id='word_1_72' title='bbox 618 1859 700 1923; x_wconf 87' lang='lat' dir='ltr'><strong>virili</strong></span> <span class='ocrx_word' id='word_1_73' title='bbox 722 1860 831 1943; x_wconf 90' lang='lat' dir='ltr'><strong>posita.</strong></span> <span class='ocrx_word' id='word_1_74' title='bbox 879 1858 967 1939; x_wconf 79' lang='lat' dir='ltr'><strong>Quae</strong></span> <span class='ocrx_word' id='word_1_75' title='bbox 990 1860 1114 1944; x_wconf 85' lang='lat' dir='ltr'><strong>quidem</strong></span> <span class='ocrx_word' id='word_1_76' title='bbox 1139 1860 1301 1945; x_wconf 79' lang='lat' dir='ltr'><strong>explicatio</strong></span> <span class='ocrx_word' id='word_1_77' title='bbox 1325 1862 1353 1926; x_wconf 91' lang='lat' dir='ltr'><strong>si</strong></span> <span class='ocrx_word' id='word_1_78' title='bbox 1374 1882 1447 1926; x_wconf 83' lang='lat' dir='ltr'><strong>vera</strong></span> 
     </span>
     <span class='ocr_line' id='line_1_11' title="bbox 432 1977 1446 2063; baseline 0.003 -21"><span class='ocrx_word' id='word_1_79' title='bbox 432 1985 494 2055; x_wconf 91' lang='lat' dir='ltr'><strong>est,</strong></span> <span class='ocrx_word' id='word_1_80' title='bbox 527 1977 690 2042; x_wconf 83' lang='lat' dir='ltr'><strong>difficultas</strong></span> <span class='ocrx_word' id='word_1_81' title='bbox 722 2000 774 2056; x_wconf 91' lang='lat' dir='ltr'><strong>ea,</strong></span> <span class='ocrx_word' id='word_1_82' title='bbox 807 2000 885 2063; x_wconf 90' lang='lat' dir='ltr'><strong>quae</strong></span> <span class='ocrx_word' id='word_1_83' title='bbox 916 1977 1005 2042; x_wconf 88' lang='lat' dir='ltr'><strong>nobis</strong></span> <span class='ocrx_word' id='word_1_84' title='bbox 1030 1987 1075 2043; x_wconf 89' lang='lat' dir='ltr'><strong>est</strong></span> <span class='ocrx_word' id='word_1_85' title='bbox 1097 1979 1190 2063; x_wconf 90' lang='lat' dir='ltr'><strong>hujus</strong></span> <span class='ocrx_word' id='word_1_86' title='bbox 1214 1978 1293 2057; x_wconf 84' lang='lat' dir='ltr'><strong>loci,</strong></span> <span class='ocrx_word' id='word_1_87' title='bbox 1318 1979 1446 2045; x_wconf 81' lang='lat' dir='ltr'><strong>Graecia</strong></span> 
     </span>
     <span class='ocr_line' id='line_1_12' title="bbox 420 2095 1447 2183; baseline 0.001 -21"><span class='ocrx_word' id='word_1_88' title='bbox 420 2120 494 2162; x_wconf 90' lang='lat' dir='ltr'><strong>-non</strong></span> <span class='ocrx_word' id='word_1_89' title='bbox 517 2097 595 2174; x_wconf 85' lang='lat' dir='ltr'><strong>fuit,</strong></span> <span class='ocrx_word' id='word_1_90' title='bbox 620 2096 767 2161; x_wconf 87' lang='lat' dir='ltr'><strong>continuo</strong></span> <span class='ocrx_word' id='word_1_91' title='bbox 791 2095 904 2160; x_wconf 83' lang='lat' dir='ltr'><strong>Poetae</strong></span> <span class='ocrx_word' id='word_1_92' title='bbox 927 2096 977 2160; x_wconf 90' lang='lat' dir='ltr'><strong>sui</strong></span> <span class='ocrx_word' id='word_1_93' title='bbox 1000 2098 1183 2161; x_wconf 87' lang='lat' dir='ltr'><strong>sententiam</strong></span> <span class='ocrx_word' id='word_1_94' title='bbox 1204 2120 1269 2163; x_wconf 91' lang='lat' dir='ltr'><strong>eam</strong></span> <span class='ocrx_word' id='word_1_95' title='bbox 1286 2121 1447 2183; x_wconf 89' lang='lat' dir='ltr'><strong>assequen-</strong></span> 
     </span>
     <span class='ocr_line' id='line_1_13' title="bbox 432 2215 1443 2300; baseline 0.002 -21"><span class='ocrx_word' id='word_1_96' title='bbox 432 2217 533 2294; x_wconf 84' lang='lat' dir='ltr'><strong>tibus,</strong></span> <span class='ocrx_word' id='word_1_97' title='bbox 567 2224 603 2281; x_wconf 89' lang='lat' dir='ltr'><strong>ut</strong></span> <span class='ocrx_word' id='word_1_98' title='bbox 636 2223 774 2300; x_wconf 88' lang='lat' dir='ltr'><strong>optaret,</strong></span> <span class='ocrx_word' id='word_1_99' title='bbox 798 2215 1008 2293; x_wconf 78' lang='lat' dir='ltr'><strong>Timostheni,</strong></span> <span class='ocrx_word' id='word_1_100' title='bbox 1034 2238 1131 2299; x_wconf 92' lang='lat' dir='ltr'><strong>quum</strong></span> <span class='ocrx_word' id='word_1_101' title='bbox 1156 2216 1200 2279; x_wconf 92' lang='lat' dir='ltr'><strong>vir</strong></span> <span class='ocrx_word' id='word_1_102' title='bbox 1224 2216 1324 2281; x_wconf 82' lang='lat' dir='ltr'><strong>factus</strong></span> <span class='ocrx_word' id='word_1_103' title='bbox 1347 2217 1443 2296; x_wconf 88' lang='lat' dir='ltr'><strong>foret,</strong></span> 
     </span>
     <span class='ocr_line' id='line_1_14' title="bbox 431 2333 1442 2419; baseline 0.001 -21"><span class='ocrx_word' id='word_1_104' title='bbox 431 2342 552 2419; x_wconf 89' lang='lat' dir='ltr'><strong>partum</strong></span> <span class='ocrx_word' id='word_1_105' title='bbox 583 2334 621 2398; x_wconf 88' lang='lat' dir='ltr'><strong>iri</strong></span> <span class='ocrx_word' id='word_1_106' title='bbox 652 2334 802 2419; x_wconf 87' lang='lat' dir='ltr'><strong>pancratii</strong></span> <span class='ocrx_word' id='word_1_107' title='bbox 833 2333 1008 2398; x_wconf 87' lang='lat' dir='ltr'><strong>victoriam:</strong></span> <span class='ocrx_word' id='word_1_108' title='bbox 1034 2341 1064 2398; x_wconf 91' lang='lat' dir='ltr'><strong>et</strong></span> <span class='ocrx_word' id='word_1_109' title='bbox 1088 2341 1190 2398; x_wconf 89' lang='lat' dir='ltr'><strong>tamen</strong></span> <span class='ocrx_word' id='word_1_110' title='bbox 1214 2333 1276 2398; x_wconf 92' lang='lat' dir='ltr'><strong>illis</strong></span> <span class='ocrx_word' id='word_1_111' title='bbox 1301 2356 1442 2419; x_wconf 90' lang='lat' dir='ltr'><strong>qnoque,</strong></span> 
     </span>
     <span class='ocr_line' id='line_1_15' title="bbox 432 2452 1444 2539; baseline -0.001 -21"><span class='ocrx_word' id='word_1_112' title='bbox 432 2475 619 2539; x_wconf 89' lang='lat' dir='ltr'><strong>quamquam</strong></span> <span class='ocrx_word' id='word_1_113' title='bbox 650 2453 823 2517; x_wconf 85' lang='lat' dir='ltr'><strong>certaminis</strong></span> <span class='ocrx_word' id='word_1_114' title='bbox 854 2453 977 2517; x_wconf 91' lang='lat' dir='ltr'><strong>nomine</strong></span> <span class='ocrx_word' id='word_1_115' title='bbox 1001 2474 1083 2516; x_wconf 88' lang='lat' dir='ltr'><strong>nunc</strong></span> <span class='ocrx_word' id='word_1_116' title='bbox 1108 2453 1265 2516; x_wconf 87' lang='lat' dir='ltr'><strong>victoriam</strong></span> <span class='ocrx_word' id='word_1_117' title='bbox 1289 2452 1444 2537; x_wconf 87' lang='lat' dir='ltr'><strong>designari</strong></span> 
     </span>
     <span class='ocr_line' id='line_1_16' title="bbox 430 2570 1443 2656; baseline 0.001 -21"><span class='ocrx_word' id='word_1_118' title='bbox 430 2570 692 2655; x_wconf 83' lang='lat' dir='ltr'><strong>intelligentibus,</strong></span> <span class='ocrx_word' id='word_1_119' title='bbox 723 2580 875 2635; x_wconf 87' lang='lat' dir='ltr'><strong>certamen</strong></span> <span class='ocrx_word' id='word_1_120' title='bbox 908 2572 1029 2656; x_wconf 89' lang='lat' dir='ltr'><strong>proprie</strong></span> <span class='ocrx_word' id='word_1_121' title='bbox 1061 2593 1123 2635; x_wconf 91' lang='lat' dir='ltr'><strong>non</strong></span> <span class='ocrx_word' id='word_1_122' title='bbox 1146 2572 1229 2636; x_wconf 88' lang='lat' dir='ltr'><strong>idem</strong></span> <span class='ocrx_word' id='word_1_123' title='bbox 1253 2594 1318 2636; x_wconf 86' lang='lat' dir='ltr'><strong>esse</strong></span> <span class='ocrx_word' id='word_1_124' title='bbox 1343 2572 1443 2636; x_wconf 87' lang='lat' dir='ltr'><strong>visum</strong></span> 
     </span>
     <span class='ocr_line' id='line_1_17' title="bbox 431 2689 1441 2774; baseline 0.002 -21"><span class='ocrx_word' id='word_1_125' title='bbox 431 2697 477 2753; x_wconf 89' lang='lat' dir='ltr'><strong>est</strong></span> <span class='ocrx_word' id='word_1_126' title='bbox 508 2696 600 2774; x_wconf 85' lang='lat' dir='ltr'><strong>atque</strong></span> <span class='ocrx_word' id='word_1_127' title='bbox 632 2689 773 2752; x_wconf 88' lang='lat' dir='ltr'><strong>victoria:</strong></span> <span class='ocrx_word' id='word_1_128' title='bbox 807 2711 910 2753; x_wconf 88' lang='lat' dir='ltr'><strong>verum</strong></span> <span class='ocrx_word' id='word_1_129' title='bbox 935 2690 1014 2753; x_wconf 87' lang='lat' dir='ltr'><strong>hane</strong></span> <span class='ocrx_word' id='word_1_130' title='bbox 1038 2690 1125 2773; x_wconf 90' lang='lat' dir='ltr'><strong>quasi</strong></span> <span class='ocrx_word' id='word_1_131' title='bbox 1148 2690 1304 2773; x_wconf 89' lang='lat' dir='ltr'><strong>quandam</strong></span> <span class='ocrx_word' id='word_1_132' title='bbox 1327 2690 1441 2755; x_wconf 88' lang='lat' dir='ltr'><strong>nubem</strong></span> 
     </span>
     <span class='ocr_line' id='line_1_18' title="bbox 430 2807 1443 2894; baseline -0.001 -23"><span class='ocrx_word' id='word_1_133' title='bbox 430 2807 527 2872; x_wconf 85' lang='lat' dir='ltr'><strong>levem</strong></span> <span class='ocrx_word' id='word_1_134' title='bbox 558 2807 689 2871; x_wconf 89' lang='lat' dir='ltr'><strong>orationi</strong></span> <span class='ocrx_word' id='word_1_135' title='bbox 720 2807 815 2871; x_wconf 89' lang='lat' dir='ltr'><strong>Poeta</strong></span> <span class='ocrx_word' id='word_1_136' title='bbox 837 2807 1002 2892; x_wconf 88' lang='lat' dir='ltr'><strong>imposuit,</strong></span> <span class='ocrx_word' id='word_1_137' title='bbox 1028 2815 1063 2872; x_wconf 91' lang='lat' dir='ltr'><strong>ut</strong></span> <span class='ocrx_word' id='word_1_138' title='bbox 1085 2816 1205 2886; x_wconf 92' lang='lat' dir='ltr'><strong>tamen,</strong></span> <span class='ocrx_word' id='word_1_139' title='bbox 1231 2807 1307 2894; x_wconf 89' lang='lat' dir='ltr'><strong>quid</strong></span> <span class='ocrx_word' id='word_1_140' title='bbox 1331 2807 1443 2884; x_wconf 86' lang='lat' dir='ltr'><strong>vellet,</strong></span> 
     </span>
     <span class='ocr_line' id='line_1_19' title="bbox 431 2925 1443 3012; baseline -0.003 -21"><span class='ocrx_word' id='word_1_141' title='bbox 431 2935 607 3012; x_wconf 86' lang='lat' dir='ltr'><strong>appareret,</strong></span> <span class='ocrx_word' id='word_1_142' title='bbox 632 2931 793 3010; x_wconf 86' lang='lat' dir='ltr'><strong>propterea</strong></span> <span class='ocrx_word' id='word_1_143' title='bbox 816 2926 898 3010; x_wconf 88' lang='lat' dir='ltr'><strong>quod</strong></span> <span class='ocrx_word' id='word_1_144' title='bbox 922 2948 987 2990; x_wconf 89' lang='lat' dir='ltr'><strong>rem</strong></span> <span class='ocrx_word' id='word_1_145' title='bbox 1010 2926 1145 2989; x_wconf 79' lang='lat' dir='ltr'><strong>futuram</strong></span> <span class='ocrx_word' id='word_1_146' title='bbox 1170 2933 1274 3010; x_wconf 89' lang='lat' dir='ltr'><strong>optat:</strong></span> <span class='ocrx_word' id='word_1_147' title='bbox 1300 2932 1346 2989; x_wconf 90' lang='lat' dir='ltr'><strong>est</strong></span> <span class='ocrx_word' id='word_1_148' title='bbox 1362 2925 1443 2989; x_wconf 91' lang='lat' dir='ltr'><strong>enim</strong></span> 
     </span>
     <span class='ocr_line' id='line_1_20' title="bbox 431 3043 1443 3129; baseline -0.002 -21"><span class='ocrx_word' id='word_1_149' title='bbox 431 3068 449 3108; x_wconf 91' lang='lat' dir='ltr'><strong>a</strong></span> <span class='ocrx_word' id='word_1_150' title='bbox 471 3066 573 3109; x_wconf 88' lang='lat' dir='ltr'><strong>rernm</strong></span> <span class='ocrx_word' id='word_1_151' title='bbox 596 3044 770 3108; x_wconf 86' lang='lat' dir='ltr'><strong>futurarum</strong></span> <span class='ocrx_word' id='word_1_152' title='bbox 792 3044 905 3108; x_wconf 88' lang='lat' dir='ltr'><strong>fidncia</strong></span> <span class='ocrx_word' id='word_1_153' title='bbox 928 3044 1065 3122; x_wconf 90' lang='lat' dir='ltr'><strong>alienus,</strong></span> <span class='ocrx_word' id='word_1_154' title='bbox 1090 3044 1230 3127; x_wconf 81' lang='lat' dir='ltr'><strong>quamvis</strong></span> <span class='ocrx_word' id='word_1_155' title='bbox 1252 3044 1363 3129; x_wconf 89' lang='lat' dir='ltr'><strong>plenus</strong></span> <span class='ocrx_word' id='word_1_156' title='bbox 1380 3043 1443 3129; x_wconf 82' lang='lat' dir='ltr'><strong>rpei</strong></span> 
     </span>
     <span class='ocr_line' id='line_1_21' title="bbox 432 3161 1444 3248; baseline -0.002 -21"><span class='ocrx_word' id='word_1_157' title='bbox 432 3169 463 3227; x_wconf 86' lang='lat' dir='ltr'><strong>et</strong></span> <span class='ocrx_word' id='word_1_158' title='bbox 487 3184 605 3248; x_wconf 84' lang='lat' dir='ltr'><strong>semper</strong></span> <span class='ocrx_word' id='word_1_159' title='bbox 626 3163 776 3226; x_wconf 88' lang='lat' dir='ltr'><strong>incitans:</strong></span> <span class='ocrx_word' id='word_1_160' title='bbox 801 3162 856 3226; x_wconf 92' lang='lat' dir='ltr'><strong>illa</strong></span> <span class='ocrx_word' id='word_1_161' title='bbox 877 3161 973 3243; x_wconf 69' lang='grc' dir='ltr'><strong>μάχα</strong></span> <span class='ocrx_word' id='word_1_162' title='bbox 992 3162 1129 3226; x_wconf 88' lang='lat' dir='ltr'><strong>nondum</strong></span> <span class='ocrx_word' id='word_1_163' title='bbox 1146 3168 1209 3225; x_wconf 87' lang='lat' dir='ltr'><strong>erat</strong></span> <span class='ocrx_word' id='word_1_164' title='bbox 1224 3162 1328 3242; x_wconf 71' lang='grc' dir='ltr'><strong><em>χάρις,</em></strong></span> <span class='ocrx_word' id='word_1_165' title='bbox 1344 3182 1444 3245; x_wconf 84' lang='lat' dir='ltr'><strong>neque</strong></span> 
     </span>
     <span class='ocr_line' id='line_1_22' title="bbox 431 3280 1444 3367; baseline -0.005 -19"><span class='ocrx_word' id='word_1_166' title='bbox 431 3283 576 3348; x_wconf 85' lang='lat' dir='ltr'><strong>fidentius</strong></span> <span class='ocrx_word' id='word_1_167' title='bbox 600 3306 667 3347; x_wconf 93' lang='lat' dir='ltr'><strong>eam</strong></span> <span class='ocrx_word' id='word_1_168' title='bbox 689 3283 734 3346; x_wconf 83' lang='lat' dir='ltr'><strong>ita</strong></span> <span class='ocrx_word' id='word_1_169' title='bbox 753 3282 816 3367; x_wconf 89' lang='lat' dir='ltr'><strong>jam</strong></span> <span class='ocrx_word' id='word_1_170' title='bbox 842 3280 1009 3344; x_wconf 84' lang='lat' dir='ltr'><strong>vocandam</strong></span> <span class='ocrx_word' id='word_1_171' title='bbox 1032 3288 1140 3365; x_wconf 84' lang='lat' dir='ltr'><strong>putat,</strong></span> <span class='ocrx_word' id='word_1_172' title='bbox 1166 3286 1197 3343; x_wconf 88' lang='lat' dir='ltr'><strong>et</strong></span> <span class='ocrx_word' id='word_1_173' title='bbox 1220 3288 1322 3344; x_wconf 88' lang='lat' dir='ltr'><strong>tamen</strong></span> <span class='ocrx_word' id='word_1_174' title='bbox 1343 3286 1444 3345; x_wconf 88' lang='lat' dir='ltr'><strong>mente</strong></span> 
     </span>
     <span class='ocr_line' id='line_1_23' title="bbox 432 3397 1446 3485; baseline -0.007 -18"><span class='ocrx_word' id='word_1_175' title='bbox 432 3425 497 3467; x_wconf 91' lang='lat' dir='ltr'><strong>eam</strong></span> <span class='ocrx_word' id='word_1_176' title='bbox 529 3403 669 3466; x_wconf 86' lang='lat' dir='ltr'><strong>carminis</strong></span> <span class='ocrx_word' id='word_1_177' title='bbox 701 3400 859 3464; x_wconf 87' lang='lat' dir='ltr'><strong>materiem</strong></span> <span class='ocrx_word' id='word_1_178' title='bbox 882 3399 1042 3485; x_wconf 89' lang='lat' dir='ltr'><strong>praecipit.</strong></span> <span class='ocrx_word' id='word_1_179' title='bbox 1089 3397 1157 3461; x_wconf 88' lang='lat' dir='ltr'><strong>Neo</strong></span> <span class='ocrx_word' id='word_1_180' title='bbox 1179 3404 1282 3462; x_wconf 92' lang='lat' dir='ltr'><strong>tamen</strong></span> <span class='ocrx_word' id='word_1_181' title='bbox 1306 3397 1382 3461; x_wconf 92' lang='lat' dir='ltr'><strong>haec</strong></span> <span class='ocrx_word' id='word_1_182' title='bbox 1403 3397 1446 3461; x_wconf 88' lang='lat' dir='ltr'><strong>ita</strong></span> 
     </span>
     <span class='ocr_line' id='line_1_24' title="bbox 432 3514 1445 3605; baseline -0.004 -23"><span class='ocrx_word' id='word_1_183' title='bbox 432 3520 582 3605; x_wconf 86' lang='lat' dir='ltr'><strong>disput-ari</strong></span> <span class='ocrx_word' id='word_1_184' title='bbox 613 3519 699 3593; x_wconf 87' lang='lat' dir='ltr'><strong>volo,</strong></span> <span class='ocrx_word' id='word_1_185' title='bbox 734 3518 821 3602; x_wconf 86' lang='lat' dir='ltr'><strong>quasi</strong></span> <span class='ocrx_word' id='word_1_186' title='bbox 854 3517 949 3581; x_wconf 91' lang='lat' dir='ltr'><strong>Poeta</strong></span> <span class='ocrx_word' id='word_1_187' title='bbox 972 3524 1113 3580; x_wconf 89' lang='lat' dir='ltr'><strong>accurate</strong></span> <span class='ocrx_word' id='word_1_188' title='bbox 1137 3516 1331 3600; x_wconf 83' lang='lat' dir='ltr'><strong>cogitateque</strong></span> <span class='ocrx_word' id='word_1_189' title='bbox 1355 3514 1445 3579; x_wconf 87' lang='lat' dir='ltr'><strong>verba</strong></span> 
     </span>
     <span class='ocr_line' id='line_1_25' title="bbox 432 3634 1443 3722; baseline -0.003 -22"><span class='ocrx_word' id='word_1_190' title='bbox 432 3637 629 3721; x_wconf 85' lang='lat' dir='ltr'><strong>quaesiverit:</strong></span> <span class='ocrx_word' id='word_1_191' title='bbox 667 3637 769 3721; x_wconf 85' lang='lat' dir='ltr'><strong>potius</strong></span> <span class='ocrx_word' id='word_1_192' title='bbox 804 3644 921 3722; x_wconf 88' lang='lat' dir='ltr'><strong>partam</strong></span> <span class='ocrx_word' id='word_1_193' title='bbox 952 3635 1076 3719; x_wconf 92' lang='lat' dir='ltr'><strong>ingenio</strong></span> <span class='ocrx_word' id='word_1_194' title='bbox 1109 3643 1139 3697; x_wconf 92' lang='lat' dir='ltr'><strong>et</strong></span> <span class='ocrx_word' id='word_1_195' title='bbox 1170 3642 1297 3698; x_wconf 90' lang='lat' dir='ltr'><strong>naturae</strong></span> <span class='ocrx_word' id='word_1_196' title='bbox 1329 3634 1443 3719; x_wconf 89' lang='lat' dir='ltr'><strong>impetu</strong></span> 
     </span>
     <span class='ocr_line' id='line_1_26' title="bbox 432 3750 1444 3828; baseline -0.005 -9"><span class='ocrx_word' id='word_1_197' title='bbox 432 3756 613 3819; x_wconf 90' lang='lat' dir='ltr'><strong>sententiam</strong></span> <span class='ocrx_word' id='word_1_198' title='bbox 637 3756 729 3820; x_wconf 86' lang='lat' dir='ltr'><strong>verba</strong></span> <span class='ocrx_word' id='word_1_199' title='bbox 751 3777 813 3819; x_wconf 92' lang='lat' dir='ltr'><strong>non</strong></span> <span class='ocrx_word' id='word_1_200' title='bbox 837 3754 934 3817; x_wconf 85' lang='lat' dir='ltr'><strong>invita</strong></span> <span class='ocrx_word' id='word_1_201' title='bbox 957 3760 1062 3816; x_wconf 89' lang='lat' dir='ltr'><strong>secuta</strong></span> <span class='ocrx_word' id='word_1_202' title='bbox 1084 3759 1171 3815; x_wconf 86' lang='lat' dir='ltr'><strong>sunt:</strong></span> <span class='ocrx_word' id='word_1_203' title='bbox 1197 3751 1249 3816; x_wconf 88' lang='lat' dir='ltr'><strong>sed</strong></span> <span class='ocrx_word' id='word_1_204' title='bbox 1273 3750 1359 3815; x_wconf 89' lang='lat' dir='ltr'><strong>aliud</strong></span> <span class='ocrx_word' id='word_1_205' title='bbox 1383 3758 1444 3828; x_wconf 88' lang='lat' dir='ltr'><strong>eat,</strong></span> 
     </span>
     <span class='ocr_line' id='line_1_27' title="bbox 432 3866 1444 3957; baseline -0.007 -20"><span class='ocrx_word' id='word_1_206' title='bbox 432 3874 562 3957; x_wconf 86' lang='lat' dir='ltr'><strong>dirigere</strong></span> <span class='ocrx_word' id='word_1_207' title='bbox 590 3880 724 3937; x_wconf 90' lang='lat' dir='ltr'><strong>mentem</strong></span> <span class='ocrx_word' id='word_1_208' title='bbox 748 3879 779 3935; x_wconf 92' lang='lat' dir='ltr'><strong>et</strong></span> <span class='ocrx_word' id='word_1_209' title='bbox 801 3872 969 3957; x_wconf 85' lang='lat' dir='ltr'><strong>perfectum</strong></span> <span class='ocrx_word' id='word_1_210' title='bbox 993 3869 1123 3933; x_wconf 89' lang='lat' dir='ltr'><strong>condere</strong></span> <span class='ocrx_word' id='word_1_211' title='bbox 1147 3891 1242 3954; x_wconf 90' lang='lat' dir='ltr'><strong>opus:</strong></span> <span class='ocrx_word' id='word_1_212' title='bbox 1269 3868 1370 3949; x_wconf 92' lang='lat' dir='ltr'><strong>aliud,</strong></span> <span class='ocrx_word' id='word_1_213' title='bbox 1395 3866 1444 3931; x_wconf 84' lang='lat' dir='ltr'><strong>ad·</strong></span> 
     </span>
     <span class='ocr_line' id='line_1_28' title="bbox 434 3965 1442 4074; baseline -0.006 -19"><span class='ocrx_word' id='word_1_214' title='bbox 434 3992 537 4056; x_wconf 89' lang='lat' dir='ltr'><strong>hibere</strong></span> <span class='ocrx_word' id='word_1_215' title='bbox 568 3999 680 4068; x_wconf 90' lang='lat' dir='ltr'><strong>artem,</strong></span> <span class='ocrx_word' id='word_1_216' title='bbox 712 3998 748 4055; x_wconf 90' lang='lat' dir='ltr'><strong>ut</strong></span> <span class='ocrx_word' id='word_1_217' title='bbox 778 3992 810 4054; x_wconf 91' lang='lat' dir='ltr'><strong>in</strong></span> <span class='ocrx_word' id='word_1_218' title='bbox 842 3990 975 4074; x_wconf 84' lang='lat' dir='ltr'><strong>perfeeto</strong></span> <span class='ocrx_word' id='word_1_219' title='bbox 1007 4010 1097 4072; x_wconf 90' lang='lat' dir='ltr'><strong>opere</strong></span> <span class='ocrx_word' id='word_1_220' title='bbox 1128 3965 1318 4072; x_wconf 79' lang='lat' dir='ltr'><strong>praeclarum</strong></span> <span class='ocrx_word' id='word_1_221' title='bbox 1350 3985 1442 4050; x_wconf 85' lang='lat' dir='ltr'><strong>decus</strong></span> 
     </span>
     <span class='ocr_line' id='line_1_29' title="bbox 433 4103 1442 4194; baseline -0.009 -19"><span class='ocrx_word' id='word_1_222' title='bbox 433 4110 596 4194; x_wconf 88' lang='lat' dir='ltr'><strong>intelligas.</strong></span> <span class='ocrx_word' id='word_1_223' title='bbox 643 4108 791 4174; x_wconf 87' lang='lat' dir='ltr'><strong>Similiter</strong></span> <span class='ocrx_word' id='word_1_224' title='bbox 822 4109 869 4172; x_wconf 90' lang='lat' dir='ltr'><strong>IX</strong></span> <span class='ocrx_word' id='word_1_225' title='bbox 905 4111 966 4170; x_wconf 75' lang='lat'><strong>129</strong></span> <span class='ocrx_word' id='word_1_226' title='bbox 990 4106 1109 4187; x_wconf 66' lang='lat' dir='ltr'><strong>gripum</strong></span> <span class='ocrx_word' id='word_1_227' title='bbox 1133 4104 1257 4189; x_wconf 87' lang='lat' dir='ltr'><strong>quidem</strong></span> <span class='ocrx_word' id='word_1_228' title='bbox 1281 4103 1442 4179; x_wconf 88' lang='lat' dir='ltr'><strong>dicuntur,</strong></span> 
     </span>
     <span class='ocr_line' id='line_1_30' title="bbox 434 4226 999 4312; baseline -0.005 -21"><span class='ocrx_word' id='word_1_229' title='bbox 434 4228 486 4293; x_wconf 88' lang='lat' dir='ltr'><strong>sed</strong></span> <span class='ocrx_word' id='word_1_230' title='bbox 511 4228 677 4291; x_wconf 87' lang='lat' dir='ltr'><strong>landantur</strong></span> <span class='ocrx_word' id='word_1_231' title='bbox 700 4235 825 4312; x_wconf 87' lang='lat' dir='ltr'><strong>propter</strong></span> <span class='ocrx_word' id='word_1_232' title='bbox 848 4226 999 4290; x_wconf 87' lang='lat' dir='ltr'><strong>victorias.</strong></span> 
     </span>
    </p>

    <p class='ocr_par' dir='ltr' id='par_1_5' title="bbox 435 4341 1442 4549">
     <span class='ocr_line' id='line_1_31' title="bbox 482 4341 1442 4426; baseline -0.008 -15"><span class='ocrx_word' id='word_1_233' title='bbox 482 4350 532 4411; x_wconf 86' lang='grc'><strong>77.</strong></span> <span class='ocrx_word' id='word_1_234' title='bbox 569 4348 601 4410; x_wconf 83' lang='grc' dir='ltr'><strong>ἐκ</strong></span> <span class='ocrx_word' id='word_1_235' title='bbox 624 4347 817 4426; x_wconf 68' lang='grc' dir='ltr'><strong>παγκρατίου.</strong></span> <span class='ocrx_word' id='word_1_236' title='bbox 853 4344 1051 4409; x_wconf 89' lang='lat' dir='ltr'><strong>Pancratium</strong></span> <span class='ocrx_word' id='word_1_237' title='bbox 1074 4341 1135 4405; x_wconf 90' lang='lat' dir='ltr'><strong>fuit</strong></span> <span class='ocrx_word' id='word_1_238' title='bbox 1157 4363 1247 4425; x_wconf 85' lang='lat' dir='ltr'><strong>grave</strong></span> <span class='ocrx_word' id='word_1_239' title='bbox 1271 4347 1442 4415; x_wconf 61' lang='lat' dir='ltr'><strong>conamen,</strong></span> 
     </span>
     <span class='ocr_line' id='line_1_32' title="bbox 435 4462 1031 4549; baseline -0.007 -21"><span class='ocrx_word' id='word_1_240' title='bbox 435 4465 636 4549; x_wconf 87' lang='lat' dir='ltr'><strong>compositum</strong></span> <span class='ocrx_word' id='word_1_241' title='bbox 661 4486 697 4528; x_wconf 83' lang='lat' dir='ltr'><strong>er</strong></span> <span class='ocrx_word' id='word_1_242' title='bbox 720 4464 804 4528; x_wconf 89' lang='lat' dir='ltr'><strong>lucta</strong></span> <span class='ocrx_word' id='word_1_243' title='bbox 827 4472 857 4529; x_wconf 94' lang='lat' dir='ltr'><strong>et</strong></span> <span class='ocrx_word' id='word_1_244' title='bbox 879 4462 1031 4549; x_wconf 87' lang='lat' dir='ltr'><strong>pugilatu.</strong></span> 
     </span>
    </p>
   </div>
   <div class='ocr_carea' id='block_1_5' title="bbox 0 0 1892 5534">
    <p class='ocr_par' dir='ltr' id='par_1_6' title="bbox 0 0 1892 5534">
     <span class='ocr_line' id='line_1_33' title="bbox 0 0 1892 5534; baseline 0 0"><span class='ocrx_word' id='word_1_245' title='bbox 0 0 1892 5534; x_wconf 95' lang='lat' dir='ltr'><strong> </strong></span> 
     </span>
    </p>
   </div>
  </div>
 </body>
</html>
