3767 5534
921 798 926 806 ,
997 733 1062 794 398

521 933 584 996 tius
616 955 633 997 e
661 954 710 995 vss
743 934 805 995 153
838 932 877 995 ad
910 933 971 997 157
1006 932 1082 995 effici
1113 932 1254 1009 videtur,
1287 934 1387 1000 solum
1412 937 1536 1000 Aenean

521 1051 648 1114 missum
681 1072 745 1114 esse
777 1071 846 1113 cum
879 1050 1012 1113 carmine
1044 1059 1074 1113 ot
1105 1051 1192 1133 quasi
1223 1072 1294 1127 cum
1321 1053 1474 1117 mandatis
1499 1054 1536 1117 ad

521 1190 589 1245 eos,
622 1168 674 1251 qui
707 1166 879 1251 Stymphali
910 1166 1023 1230 festum
1039 1168 1185 1251 ‘Agesiae
1213 1175 1315 1233 essent
1337 1170 1535 1235 celebraturi:

521 1294 612 1369 atque
632 1307 682 1348 eos
701 1308 763 1349 non
780 1285 986 1369 Stymphalios
1008 1285 1119 1363 fuisse,
1142 1285 1228 1350 nulla
1247 1288 1366 1351 ratione
1378 1287 1538 1373 probabile

521 1412 576 1467 est.
601 1403 642 1466 Et
655 1403 781 1467 fortasse
794 1403 859 1487 ipse
872 1405 991 1467 Aeneas
1005 1402 1216 1487 Stymphaliae
1230 1405 1308 1482 fuit,
1323 1412 1354 1469 et
1365 1404 1486 1470 Thebas
1499 1405 1537 1471 ad

521 1520 689 1584 Pindarum
699 1520 794 1598 venit,
807 1530 837 1584 et
850 1526 976 1604 accepto
988 1521 1120 1584 carmine
1133 1528 1163 1584 et
1176 1522 1317 1586 carminis
1329 1521 1421 1604 modo
1434 1522 1535 1587 rediit.

519 1638 630 1724 Neque
653 1639 685 1701 id
707 1640 810 1722 ipsum
833 1638 908 1701 satis
933 1645 1062 1703 constat.
1091 1639 1247 1716 Ἄγγελος
1260 1647 1292 1703 et
1308 1639 1447 1706 οκντοέλιι
1466 1650 1537 1706 Μοι·

525 1760 582 1821 οἷον
610 1755 798 1841 appellatur:
824 1764 905 1820 certe
928 1756 1024 1841 igitur
1047 1756 1212 1841 perillum
1241 1741 1360 1821 carmen
1385 1757 1536 1822 traditum

520 1882 566 1937 est
597 1873 770 1938 choreutis:
806 1896 911 1937 verum
942 1874 976 1937 in
1007 1874 1145 1938 oratione
1177 1874 1297 1958 poetica
1319 1873 1439 1957 aliquid
1463 1896 1536 1938 sane

523 1993 693 2055 ornamenti
724 1999 787 2069 est,
817 2014 916 2075 neque
940 1990 1108 2055 absurdum
1133 2000 1179 2055 est
1202 1991 1341 2070 credere,
1366 1993 1534 2076 choragum

520 2110 704 2174 carmenad
738 2132 770 2172 se
801 2131 819 2172 a
849 2108 983 2172 Pindaro
1015 2110 1142 2172 missum
1173 2108 1335 2173 tradidisse
1366 2108 1534 2173 chorentis.

519 2228 646 2291 Monere
673 2228 769 2312 igitur
798 2226 894 2290 Poeta
917 2226 1055 2303 videtur,
1081 2234 1116 2290 ut
1139 2225 1172 2290 hi
1197 2233 1399 2311 cognoscant,
1425 2247 1464 2291 an
1487 2249 1535 2290 ve-

519 2350 614 2406 terem
652 2342 690 2406 de
723 2342 938 2406 Thebanorum
976 2342 1157 2427 stupiditate
1192 2342 1391 2427 ignominiam
1423 2342 1533 2427 fugiat.

518 2460 673 2526 ’nascas
696 2459 793 2537 λόγοις
816 2461 854 2525 ab
879 2460 985 2525 eodem
1010 2460 1174 2525 scholiasta
1196 2461 1326 2525 refertur
1348 2460 1387 2523 ad
1407 2466 1532 2539 γνῶνιιιε

520 2576 571 2641 sed
595 2578 720 2641 omnino
743 2578 936 2642 referendum
960 2586 1006 2653 est
1029 2578 1067 2642 ad
1091 2579 1260 2659 φεύγομενε
1279 2579 1395 2663 quippe
1411 2599 1534 2643 cavera

519 2696 606 2773 laus,
638 2717 716 2780 quae
747 2696 855 2758 falsam
877 2696 1078 2780 ignominiam
1102 2703 1273 2781 superaret,
1297 2696 1364 2781 ipso
1388 2696 1448 2760 hoc
1471 2717 1534 2760 car·

519 2814 601 2877 mine
624 2813 757 2877 Pindaro
781 2812 942 2878 videbatur
966 2814 1115 2878 contineri
1135 2815 1204 2898 jure
1227 2814 1346 2878 merito.

565 2932 640 2994 152.
674 2931 810 2996 Βοιωτίαν
835 2929 876 2998 ὗν.
910 2930 1028 2994 Notum
1056 2929 1150 3016 vulgo
1174 2939 1237 3010 est,
1261 2930 1345 3014 quod
1368 2903 1532 2996 Cornelius

518 3046 623 3133 Nepos
654 3048 798 3125 tradidit,
830 3049 914 3132 genti
945 3048 1159 3112 Thebanorum
1191 3048 1261 3132 plus
1291 3048 1391 3113 inesse
1420 3047 1531 3112 virium

520 3187 612 3250 quam
642 3165 775 3249 ingenii:
807 3164 915 3250 Epam.
948 3164 983 3230 C.
1012 3163 1058 3228 V:
1091 3172 1122 3229 et
1153 3187 1231 3249 quae
1262 3187 1280 3229 a
1310 3165 1532 3250 Xenophonte,

521 3284 620 3348 Anab.
644 3280 681 3347 L.
704 3281 767 3346 ΠΙ.
792 3281 827 3347 C.
851 3282 878 3348 I.
904 3285 945 3345 26
971 3282 1009 3348 de
1032 3283 1219 3368 Apollonide
1241 3292 1421 3362 narrantur,
1446 3284 1480 3347 in
1495 3284 1533 3347 iis

520 3402 612 3465 etiam
643 3401 785 3485 ponitur,
814 3400 903 3465 illum
934 3400 1112 3482 βοιωτιάζειν
1142 3412 1179 3483 τῇ
1210 3410 1309 3484 φονῆι
1332 3400 1428 3486 idque
1451 3410 1532 3465 certe

518 3519 571 3583 ille
593 3519 788 3597 memoravit,
813 3528 849 3584 ut
870 3519 1044 3597 homiuem,
1069 3541 1159 3603 quem
1183 3519 1376 3585 vehementer
1399 3526 1533 3584 contem·

518 3637 628 3715 nebat,
668 3637 758 3701 etiam
793 3636 978 3701 inurbanum
1008 3638 1102 3701 fuisse
1133 3638 1326 3721 significaret.
1372 3639 1476 3722 Atque
1499 3638 1533 3700 in

517 3754 603 3819 rudis
625 3754 814 3819 'rusticitatis
844 3756 1043 3838 ignominiam
1073 3776 1252 3820 conversum
1275 3755 1335 3819 fuit
1356 3762 1446 3818 vetus
1469 3753 1534 3840 Hy·

520 3877 645 3948 aarum,
669 3870 815 3936 Boeotiae
838 3871 963 3956 populi,
987 3894 1109 3936 nomen.
1122 3871 1250 3949 Strabo,
1266 3871 1304 3935 L.
1321 3869 1387 3935 VH
1401 3894 1433 3957 p.
1451 3874 1532 3935 acl:

519 3989 572 4081 ν’ἰιν
599 3989 735 4053 Βοιωτίαν
765 3988 854 4068 ἔσχον
877 3988 981 4062 ”Acras
1011 3989 1061 4053 κοιὶ
1081 3989 1234 4066 Τέμβικες
1256 3995 1305 4053 act
1326 3989 1472 4059 Ὕοιντει·
1495 3990 1532 4060 ὥς

516 4105 548 4171 δὲ
570 4105 708 4185 Πίνδαρός
731 4112 838 4188 φησιν·

729 4222 788 4288 Ἦν
811 4222 859 4287 ὅτε
881 4221 935 4294 dac
958 4224 1084 4288 Βοιώτιον
1107 4223 1180 4294 ἔθνος
1202 4221 1309 4288 trama.

516 4340 621 4422 Atque
644 4361 680 4402 ex
703 4338 828 4404 Cratino
852 4340 938 4404 affert
962 4340 1125 4405 scholiasta
1147 4346 1253 4405 vetus:

574 4453 663 4522 Οὗτοι
685 4458 785 4524 Patala
807 4458 992 4539 Σνοβοινντοὶ,
1015 4456 1235 4541 κρονοιεζοφὸιον
1257 4457 1339 4534 γένος
1360 4456 1475 4537 ἀνδρῶν.
