3767 5534
1020 709 1085 768 414

545 908 667 972 ravisse.
713 907 773 975 Sed
796 915 916 972 tautum
941 908 1060 993 passive
1084 908 1296 993 explicandum
1321 910 1456 987 videtur,
1475 917 1510 973 ut
1527 934 1560 975 vs

548 1028 628 1103 148,
653 1024 703 1089 Ol.
728 1024 793 1089 XII
818 1028 870 1089 25.

588 1146 640 1206 30.
675 1148 802 1220 πυγμᾶς
825 1142 942 1207 ὐτοννοο.
977 1142 1034 1207 Ilst
1057 1144 1208 1227 appositio
1232 1145 1316 1208 verbi
1339 1144 1458 1209 οὐνέσωε
1476 1145 1555 1209 illud

541 1262 629 1326 οὐνεῖν
651 1262 710 1325 erit
733 1262 900 1346 praemium
924 1263 1108 1326 certaminis.
1145 1263 1254 1327 Aesoh.
1279 1263 1361 1327 Pers.
1388 1266 1452 1329 806

868 1380 934 1445 ἔνόοο
957 1381 1052 1445 πεδίον
1074 1381 1209 1453 Ἀσωπὸς
1232 1386 1307 1461 ρὀοοῖς

727 1497 837 1581 ’ὐρύει,
862 1499 949 1580 Φόλον
973 1498 1095 1576 τίοοοροοι
1116 1505 1241 1564 Βοιωτῶν
1263 1500 1361 1580 χόονι·

540 1616 595 1681 ubi
625 1618 747 1696 τΙοοομοο
779 1619 822 1681 ita
853 1619 1019 1702 apponitur
1049 1617 1140 1682 verbo
1170 1616 1263 1698 ὐρύεν,
1291 1626 1327 1683 ut
1350 1618 1556 1703 significetur,

540 1734 626 1798 illam
649 1735 857 1819 irrigationem
882 1758 948 1799 esse
971 1734 1200 1820 pinguedinem.
1235 1735 1322 1799 Idem
1347 1734 1441 1799 Choe.
1468 1739 1531 1834 Ι200

803 1854 976 1929 συμπενθεῖν
999 1853 1060 1930 ἐμοὶ

665 1968 823 2047 „drauum
847 1970 965 2048 τύμβου
988 1970 1070 2035 τοῦδε
1093 1971 1143 2035 κού
1166 1973 1253 2049 τομὴν
1276 1972 1404 2052 τοτρός·

540 2087 578 2150 ad
602 2110 692 2171 quem
715 2088 817 2151 locum
843 2089 880 2151 cl.
898 2090 1056 2152 annotat-io
1072 2096 1186 2154 nostra.
1210 2088 1404 2154 Vocabulum
1421 2088 1557 2167 ὐχονλμοο

538 2205 571 2267 in
595 2204 773 2267 honorando
796 2214 918 2269 mortuo
942 2206 1031 2269 etiam
1057 2214 1103 2269 est
1126 2205 1208 2291 apud
1232 2205 1341 2290 Eurip.
1368 2206 1434 2270 Alc.
1460 2209 1524 2269 629

730 2323 836 2400 κόσμον
857 2324 999 2404 Φέροντοος
1022 2323 1151 2403 νερτέρων
1173 2323 1357 2401 οὐχούλμοοτοο.

583 2443 635 2504 32.
670 2441 778 2506 οἱδόντοο
802 2442 841 2505 ΔΙ
864 2492 888 2521 ,.
921 2440 1010 2504 conf.
1038 2442 1088 2505 Ol.
1112 2442 1130 2505 I
1157 2445 1217 2505 145
1241 2442 1392 2523 Ἀρεταῖον
1415 2441 1550 2520 μεμκλό-

537 2582 594 2629 τοος
617 2558 702 2630 υἱούς.

583 2678 635 2739 03.
670 2676 832 2757 εὐρυχόρου.
870 2675 1012 2761 Heyuius
1043 2677 1167 2762 quidem
1198 2686 1341 2756 annotat,
1375 2678 1460 2759 χορόν
1488 2700 1553 2742 esse

536 2796 628 2859 etiam
650 2781 763 2880 ipsum⁸
775 2795 875 2859 locum
885 2845 895 2874 ,
924 2796 977 2860 ubi
1002 2796 1127 2861 choreae
1147 2797 1333 2861 habeantur:
1351 2805 1382 2861 et
1397 2797 1552 2882 explicant

535 2913 593 2976 hoc
617 2912 800 2997 adjectivum
823 2913 984 2992 nonnulli,
1009 2914 1074 2979 ἔνόοο
1098 2914 1175 2980 ἔστιν
1197 2917 1262 2996 εὐρὺ
1284 2916 1422 2995 χορεύειν.
1464 2914 1552 2996 Quae

535 3031 717 3115 significatio
749 3038 829 3095 certe
859 3032 931 3097 huic
962 3033 1030 3097 loco
1056 3054 1118 3096 nou
1146 3034 1298 3102 convenit.
1345 3033 1386 3098 ut
1409 3040 1472 3097 tam
1495 3034 1551 3097 fre-

534 3169 631 3233 quens
655 3171 729 3216 usus
752 3156 799 3216 est
822 3150 887 3233 ejus
911 3150 993 3233 apud
1017 3157 1138 3234 poetas,
1162 3172 1225 3213 non
1249 3150 1309 3215 alia
1328 3150 1550 3234 significatione

533 3266 593 3329 nisi
616 3265 710 3350 ampli
727 3267 914 3356 etspatiosi‚
931 3276 967 3330 ut
983 3268 1108 3330 omnino
1123 3266 1204 3331 idem
1221 3290 1285 3331 esse
1303 3266 1442 3331 videatur
1457 3275 1550 3350 atque

532 3383 699 3465 εὐρύχωρος.
734 3383 859 3468 Semper
886 3384 1033 3465 εὐρόχορος
1057 3385 1201 3449 scribitur
1223 3384 1305 3470 apud
1327 3394 1487 3463 nostrum,
1513 3393 1550 3449 ut

532 3501 587 3587 Py.
618 3501 666 3565 IV
698 3505 737 3567 75
768 3500 887 3579 Λιβύοος
913 3502 1082 3583 εὐρυχόρου,
1114 3502 1169 3586 Py.
1201 3503 1284 3567 VIII
1318 3506 1357 3569 77
1382 3502 1548 3583 εὐρυχόρους

532 3621 659 3698 ὐχυούς,
684 3619 743 3683 Ne.
763 3618 794 3682 X
811 3622 851 3684 97
869 3620 1022 3700 εὐρυχόρου
1038 3621 1192 3699 Στύρτοος.
1217 3619 1342 3704 Semper
1358 3621 1450 3684 etiam
1466 3620 1548 3704 apud

534 3736 721 3815 Homerum,
745 3744 782 3800 ut
804 3736 843 3801 Il.
867 3735 903 3800 ΙΙ
926 3740 991 3799 098
1015 3736 1164 3819 εὐρύχορον
1187 3737 1407 3811 Μυκονλνοοὸν,
1428 3736 1487 3800 Od.
1501 3734 1547 3800 lv

534 3856 599 3918 085
627 3854 726 3920 Ἤλιδ’
756 3857 784 3927 ἐς
817 3854 984 3936 εὐρύχορον,
1016 3862 1047 3918 et
1068 3856 1199 3943 saepius.
1245 3854 1347 3919 Etiam
1370 3853 1403 3918 in
1426 3854 1549 3917 oraculo

530 3973 613 4057 apud
637 3972 829 4037 Herodotum
852 3971 918 4036 VII
942 3975 1006 4037 220
1033 3971 1175 4052 Στύρτης
1195 3972 1370 4053 εὐρυχόροιο,
1388 3979 1419 4037 et
1435 3972 1467 4035 in
1484 3993 1549 4035 ora·

532 4090 602 4155 culo
633 4090 715 4175 apud
739 4090 977 4156 Demosthenem
1001 4092 1069 4156 adv.
1094 4091 1171 4155 Mid.
1198 4091 1259 4154 581
1285 4091 1453 4170 εὐρυχόρους
1476 4089 1546 4153 κοτ’

531 4210 651 4287 ὐρυνούς.
696 4208 739 4272 Et
760 4231 931 4274 memorans
955 4210 1012 4273 hoc
1036 4210 1220 4295 adjectivum
1243 4208 1425 4273 Eustathius
1446 4208 1546 4287 χοροὺς

532 4326 623 4391 etiam
655 4325 822 4390 secundum
853 4329 996 4411 antiquos
1027 4327 1107 4391 idem
1140 4327 1233 4393 fuisse
1264 4335 1356 4411 atque
1387 4325 1492 4396 τότους
1516 4331 1546 4387 et

531 4445 630 4524 χόρος
654 4442 760 4507 scribit
782 4443 821 4507 ad
843 4442 904 4509 od.
929 4444 995 4511 XII
1019 4448 1038 4509 3
