3767 5534
503 1722 967 1819 luuuRPRmurlo
1018 1722 1251 1817 LATINA.

799 2050 924 2078 ⁴0>-

734 2305 930 2371 OLYMPIA
964 2306 992 2371 Ι.

697 2562 829 2606 meeum
852 2562 1021 2606 smcumo
1029 2592 1039 2621 ,

826 2801 906 2864 equo.

409 3009 672 3075 Praestantissima
694 3019 741 3075 est
763 3033 859 3095 aqua,
883 3034 992 3076 aurum
1010 3033 1096 3090 vero,
1114 3012 1371 3097 quemadmodum

364 3129 441 3214 ignis
464 3130 574 3194 emicat
595 3137 702 3208 nocte,
718 3130 810 3215 longe
824 3130 1120 3215 praestantissimum
1136 3138 1182 3197 est
1193 3130 1369 3198 divitiarum

362 3248 578 3333 superbarum:
614 3247 724 3332 quodsi
758 3248 924 3313 certamine
956 3247 1082 3314 laudare
1116 3250 1221 3334 cupis,
1257 3271 1275 3313 o
1303 3272 1372 3314 mee

360 3387 463 3444 mens,
494 3388 534 3432 ne
563 3388 655 3452 porro
686 3388 812 3451 quaeras
843 3366 927 3431 aliud
950 3366 1104 3431 forentius
1126 3366 1264 3432 lucidum
1287 3367 1372 3433 sidus

361 3505 414 3568 per
444 3482 525 3549 diem
555 3484 589 3548 in
617 3506 713 3548 vacuo
744 3484 883 3562 aethere,
916 3505 1017 3569 neque
1049 3482 1193 3569 Olympia
1222 3493 1373 3550 certamen
1410 3490 1450 3552 10

361 3602 460 3686 majus
483 3599 634 3665 dicemus:
659 3600 741 3665 unde
756 3601 1001 3666 laudatissimum
1020 3622 1140 3667 carmen
1157 3602 1375 3688 circumjicitur

362 3720 517 3785 mentibus
547 3720 749 3805 sapientium,
781 3729 817 3783 ut
847 3726 959 3784 canunt
983 3718 1077 3784 Croni
1099 3720 1214 3799 filium,
1238 3719 1277 3784 ad
1300 3743 1375 3807 opu·

362 3837 476 3902 lentam
504 3839 659 3903 venientes
683 3838 865 3922 beatumque
888 3837 1032 3902 Hieronis
1055 3858 1155 3915 erem,
1180 3838 1234 3923 qui
1257 3841 1375 3924 regium

363 3963 515 4042 sceptrum
537 3963 649 4021 tractat
670 3957 704 4021 in
726 3956 821 4021 divite
843 3957 961 4041 peeoris
983 3955 1103 4034 Sicilie,
1128 3955 1293 4041 decerpens
1311 3957 1374 4021 cul·

362 4075 444 4140 mina
466 4074 505 4138 de
526 4074 671 4139 laudibus
694 4074 855 4152 omnibus,
880 4080 911 4139 et
933 4073 1105 4138 oblectatur
1127 4074 1201 4139 flore
1224 4075 1372 4155 musicae,
1410 4081 1451 4142 20

364 4192 622 4279 quemadmodum
642 4193 699 4258 viri
714 4192 851 4257 ludimus
868 4214 957 4276 saepe
973 4191 1052 4257 circs
1068 4214 1202 4257 mensam
1219 4193 1371 4258 dilectem.

363 4311 479 4377 Verum
513 4312 640 4376 Dorium
674 4312 712 4377 de
743 4312 828 4375 clavo
859 4334 945 4376 sume
977 4311 1142 4388 citharam,
1167 4312 1192 4374 si
1216 4312 1292 4397 quid
1315 4313 1372 4378 tibi

363 4428 450 4494 Pisae
479 4438 509 4494 et
532 4429 691 4495 Pherenici
714 4430 781 4493 laus
805 4436 936 4493 mentem
961 4427 1144 4491 dulcissimis
1168 4429 1249 4492 curis
1273 4429 1371 4514 subje-
1409 4434 1451 4496 30
