3767 5534
896 693 898 696 ’
1011 722 1074 782 aas

536 919 635 984 stadio
666 920 774 984 vicisse
797 928 963 998 memorat,
989 929 1019 984 et
1042 920 1210 1004 Dionysius
1234 919 1334 984 Halic.
1382 918 1419 983 L.
1444 919 1493 983 IX
1517 942 1547 1003 p.

534 1039 618 1113 455,
642 1037 675 1101 in
698 1036 771 1101 edit.
795 1036 882 1121 Sylb.
905 1039 967 1102 617
979 1086 988 1115 ,
1014 1038 1067 1121 qui
1091 1059 1157 1101 eam
1173 1035 1389 1121 Olympiadem
1406 1036 1443 1100 de
1459 1035 1546 1099 illins

535 1154 661 1218 victoria
691 1155 828 1219 nominat
837 1181 848 1218 :·
876 1162 908 1218 at
939 1156 971 1219 in
1003 1155 1197 1232 nominandis
1229 1153 1466 1239 Olympiadibns
1500 1152 1547 1217 illi

534 1272 761 1336 commemorari
784 1271 900 1350 solent,
925 1273 981 1356 qui
1004 1272 1101 1337 vicere
1125 1272 1234 1337 stadio.
1269 1272 1311 1337 Et
1331 1293 1480 1337 numerus
1495 1270 1547 1334 hic

532 1389 624 1471 etiam
646 1389 799 1474 repositus
823 1397 869 1454 est
891 1390 974 1474 apud
989 1390 1189 1468 Pausaniam,
1207 1389 1243 1455 L.
1261 1388 1308 1453 IV
1323 1389 1359 1453 C.
1375 1387 1488 1453 XXIV
1505 1392 1544 1467 2,

533 1507 587 1571 ubi
610 1506 697 1570 aliter
719 1514 784 1570 erat
806 1508 954 1591 scriptum
977 1508 1008 1570 in
1033 1507 1199 1572 codicibus.
1235 1507 1335 1572 Patris
1356 1509 1421 1592 ejus
1438 1504 1545 1591 Olym·

533 1624 584 1708 pia
600 1625 733 1688 'victoria
755 1625 846 1688 etiam
870 1646 963 1689 cursu
985 1631 1138 1709 reportata
1153 1626 1229 1703 fuit,
1246 1647 1317 1689 nam
1333 1647 1367 1687 rs
1383 1626 1426 1687 48
1443 1623 1544 1700 abac

532 1745 623 1807 ποδῶν
654 1742 845 1828 appellatur,
877 1743 930 1807 sed
963 1765 998 1807 ea
1021 1751 1074 1807 aut
1098 1743 1157 1807 alia
1179 1741 1363 1827 Olympiade
1386 1742 1464 1820 luit,
1489 1748 1546 1807 ant

532 1857 629 1923 diauli
651 1860 727 1937 luit,
752 1860 801 1924 vel
824 1859 956 1936 dolichi,
981 1861 1031 1923 vel
1053 1882 1160 1923 cursus
1183 1860 1216 1923 in
1239 1860 1348 1937 armis,
1370 1860 1419 1924 vel
1434 1882 1544 1924 cursus

531 1976 563 2040 in
598 1978 718 2061 pueris:
756 1977 1006 2061 quandoquidem
1042 1974 1124 2061 apud
1158 1977 1328 2042 Eusebium
1360 1975 1544 2062 Olympiade

531 2093 672 2158 LXVIII
704 2097 802 2160 victor
831 2094 931 2159 stadio
964 2095 1093 2159 refertur
1115 2094 1210 2159 fuisse
1233 2095 1413 2159 Isomachus
1437 2095 1545 2159 Croto

531 2213 631 2291 niata,
656 2212 801 2297 idemque
824 2212 1007 2297 Olympiade
1031 2213 1221 2297 insequente.
1257 2211 1298 2275 nt
1321 2202 1464 2297 equidem
1480 2212 1544 2277 fere

365 2366 379 2381 ·
426 2377 433 2388 .
531 2330 706 2405 credidero,
742 2332 768 2393 si
803 2337 925 2394 tantum
959 2330 1020 2393 fuit
1052 2330 1198 2414 temporis
1233 2330 1431 2395 intervallum
1462 2330 1570 2398 inter,

529 2448 622 2532 patris
652 2448 808 2512 victoriam
840 2455 871 2511 et
902 2448 976 2526 filii,
1009 2448 1103 2511 luisse
1133 2446 1229 2512 illamv
1250 2448 1373 2531 quidem
1405 2463 1542 2533 apuero

528 2572 724 2651 reportatam.
776 2585 778 2589 ·

572 2682 702 2748 Orditur
724 2682 821 2746 Poeta
844 2683 1035 2766 praeclarum
1058 2703 1180 2747 carmen
1204 2704 1223 2745 a
1245 2681 1368 2746 victoris
1392 2680 1485 2746 domo
1511 2690 1541 2745 et

526 2802 607 2866 clara
622 2801 721 2885 patria
736 2799 905 2864 laudanda:
921 2799 1060 2896 justitiae
1077 2798 1130 2866 illa
1145 2798 1307 2876 laudibus,
1316 2798 1465 2863 ludorum
1480 2798 1539 2862 vic-

525 2919 628 2996 toriis,
653 2919 764 2982 artium
789 2917 1020 2982 inventionibus
1043 2916 1193 3001 bellisque
1215 2916 1399 3001 conspicua:
1420 2918 1537 2980 1-33.

526 3036 635 3100 Preces
652 3034 690 3099 ad
705 3034 811 3099 lovem
829 3041 953 3119 propter
971 3033 1153 3100 Corinthum
1171 3039 1203 3097 et
1218 3033 1379 3110 victorem,
1394 3035 1538 3097 34-41.

526 3153 647 3218 Eximia
668 3152 791 3218 victoris
815 3160 846 3217 et
869 3175 947 3236 quae
970 3153 1035 3217 sine
1056 3152 1195 3236 exemplo
1216 3158 1281 3216 erat
1297 3150 1459 3236 Olympiae
1474 3152 1539 3237 glo·

524 3273 571 3337 ria
601 3279 632 3336 et
661 3272 796 3355 reliquae
823 3270 929 3335 laudes
954 3272 1019 3357 ejus
1042 3270 1075 3334 in
1098 3270 1180 3334 ludis
1192 3319 1202 3348 ,
1227 3271 1369 3335 42-47.
1413 3268 1537 3335 Laudes

522 3389 659 3455 ludicrae
690 3389 784 3473 patris
817 3389 902 3473 ejus,
934 3391 1086 3466 48-56,
1118 3394 1149 3452 st
1172 3371 1302 3452 aliorum
1325 3389 1427 3474 gentis
1451 3390 1535 3474 ejus,

523 3510 665 3574 57-66.
714 3506 853 3589 Antiqua
884 3504 1027 3571 Corinthi
1050 3505 1147 3589 gloria
1171 3505 1283 3569 artium
1308 3512 1339 3568 et
1361 3504 1534 3582 bellorum,

523 3628 672 3692 67-72:
697 3623 864 3709 Sisyphus,
890 3624 1041 3689 72-742
1067 3621 1194 3699 Medea,
1213 3623 1361 3688 74-77:
1379 3621 1487 3685 heroes
1502 3623 1535 3685 in

521 3749 652 3827 utraque
683 3743 747 3807 acie
778 3742 811 3805 in
843 3740 923 3805 bello
946 3740 1096 3826 Trojano,
1122 3742 1270 3806 78-832
1295 3739 1452 3818 Glaucus,
1478 3734 1536 3804 Co·

521 3860 625 3924 rintho
649 3859 818 3938 oriundus,
843 3861 985 3923 83-88.
1025 3858 1295 3943 Bellerophontes,
1320 3857 1455 3926 Palladis
1477 3880 1535 3943 ope

521 3977 654 4041 domitor
676 3977 803 4062 Pegasi,
829 3977 925 4042 victor
949 3977 1155 4056 Amazonum,
1180 3975 1374 4053 Chimaerae,
1397 3974 1534 4062 Solymo

520 4117 606 4159 rum:
638 4094 774 4179 Pegasus
801 4096 833 4159 in
857 4093 990 4180 Olympo
1013 4105 1171 4179 receptus:
1197 4096 1360 4157 89-132.
1407 4092 1533 4159 Laudes

518 4212 714 4291 innumerae,
738 4235 815 4295 quas
838 4234 875 4277 ex
893 4212 1111 4277 certaminibus
1126 4214 1209 4276 nacti
1225 4218 1299 4281 sunt
1314 4210 1532 4297 Xenophontis

484 4395 486 4399 ,
518 4329 646 4394 tribules
684 4328 912 4414 Oligaethidae:
953 4333 1138 4395 lae-lea.
1184 4329 1294 4395 Preces
1329 4329 1368 4392 ad
1401 4328 1531 4410 Jovem,

521 4449 707 4513 lea-165.
