3767 5534
900 746 960 806 211

609 945 665 1011 Καὶ
689 946 840 1021 Σολύμους
863 945 998 1026 ἔπεφνεν.

610 1062 848 1140 Διαοωπάοομαί
869 1064 893 1127 oi
916 1063 1000 1142 μόρον
1022 1063 1090 1141 ἐγώ.
1184 1088 1188 1097 ·

612 1182 671 1247 Τὸν
695 1182 720 1245 δ’
744 1185 773 1247 ἐν
797 1182 953 1261 Οὐλύμπῳ
975 1181 1090 1261 Φάτνκι

611 1300 698 1374 Ζηνὸς
721 1301 850 1379 ἀρχαῖαι
873 1299 1019 1380 δέχονται.

815 1428 852 1484 Σ.
875 1419 908 1483 ε’.
955 1427 990 1484 Κ.
1014 1420 1064 1482 ια’.

612 1536 685 1614 Ἐμὲ
709 1536 733 1600 δ’
756 1536 837 1600 εύύὺν
859 1534 986 1599 ἀκύνπισν
1011 1535 1093 1600 ίίντα
1115 1535 1181 1614 idp-

651 1654 706 1731 βον
728 1653 811 1733 παρά
834 1651 939 1717 σκοπὸν
962 1653 992 1716 ού
1015 1654 1074 1732 χρὴ

608 1772 659 1836 Τά
681 1770 782 1835 πολλά
804 1769 900 1847 βέλεα
924 1770 1071 1850 καρτύνειν
1093 1778 1199 1850 χεροῖν.
1382 1773 1442 1833 135

609 1889 735 1961 Μοίσαις
759 1887 819 1969 γ’ἀρ
841 1888 1042 1968 ἀγλαοθρόνοις
1064 1888 1132 1952 ἑκὼν

615 2005 858 2083 Ὀλιγαιθίδαισίν
880 2005 909 2070 π’
933 2006 1008 2083 ἔβαν
1032 2005 1173 2086 ἐπίκουρος

608 2126 729 2202 Ἰούμοῑ,
744 2123 785 2189 πά
799 2122 826 2189 π’
846 2125 875 2188 ἕν
890 2124 1006 2207 Νεμέα.
1024 2124 1128 2203 Παύριρ
1144 2122 1167 2187 δ’
1183 2123 1246 2187 ἔπει
1261 2124 1308 2198 ct-

655 2268 696 2307 σοι
719 2240 821 2322 Φανέρ’
843 2241 920 2320 ἀθρό’
925 2294 932 2316 ,
959 2242 1036 2306 ἀλα·

653 2361 701 2434 dic
723 2360 757 2424 πί
779 2383 827 2437 μοι
850 2356 960 2438 ἔξορκος
983 2358 1072 2422 ἐπέο-

656 2497 759 2541 οεται·
783 2476 950 2553 ἑξκκονπάκι
973 2476 1034 2554 ράρ

614 2593 833 2677 Ἀριφοτίρισύεν
855 2595 1010 2673 detrico-

464 2808 521 2859 180.
547 2810 725 2876 διασωπάσομαί
749 2814 769 2860 oi
795 2817 866 2879 μόραν
890 2814 943 2872 ἐγώ.
978 2808 1017 2857 Itu
1042 2807 1098 2857 Ald.
1124 2808 1192 2858 nott.
1219 2808 1296 2857 Moec.
1314 2810 1349 2867 A,
1369 2808 1447 2858 Votic.

431 2902 485 2952 Por.
503 2906 541 2963 A,
558 2905 619 2969 Aug.
637 2903 672 2964 B,
690 2904 740 2954 uic.
758 2906 782 2952 ct
799 2903 824 2951 in
841 2903 954 2953 lemmate
971 2901 1040 2951 Uret.
1057 2901 1080 2950 D
1097 2900 1183 2951 scholii
1201 2902 1296 2951 veterio.
1330 2903 1359 2951 In
1377 2903 1447 2952 Uret.

430 2998 453 3047 B
475 2998 574 3063 aliisque
598 2999 776 3066 διασαπάαοριαι
800 3000 863 3065 αύτῷ
885 3004 967 3068 ριάρσνι
990 2998 1016 3046 in
1039 2997 1103 3063 Lipu.
1122 2997 1315 3063 διασιωπάσορκαι.
1350 2999 1379 3047 In
1396 2998 1451 3047 eliis

431 3093 596 3159 διασιγάσσρσαι
613 3097 676 3160 αὐτῷ
693 3101 776 3163 μύροις
795 3098 820 3144 ct
837 3093 871 3143 uic
889 3093 966 3143 edidit
983 3092 1100 3157 Heynine.

465 3187 522 3236 133.
547 3194 657 3256 ἀρχαῖαι.
693 3188 732 3238 Sic
754 3190 806 3239 Pel.
831 3187 864 3248 0,
888 3188 944 3237 Aid.
967 3188 1035 3238 Gott.
1058 3188 1114 3237 Per.
1138 3189 1173 3246 A,
1198 3187 1276 3237 Vatic.
1294 3186 1390 3250 aliique.
1423 3188 1452 3236 In

438 3283 507 3333 Uret.
531 3286 551 3332 A
573 3290 682 3352 ἀρρσῖαν,
708 3289 735 3334 ut
757 3288 826 3335 notet
850 3284 1021 3334 Schneiderue:
1044 3284 1180 3334 Boeckhiue
1197 3284 1222 3333 in
1240 3300 1268 3333 eo
1285 3289 1385 3352 ἀρχαῖαι
1404 3299 1453 3332 csse

432 3377 529 3428 scribite
546 3378 572 3427 in
590 3377 659 3429 Uret.
677 3379 697 3428 B
714 3386 813 3450 ἀρχαῖα.
850 3381 921 3430 Rom.
938 3386 1050 3449 ἀρχαῖαι,
1069 3378 1132 3443 quod
1151 3379 1227 3428 edidit
1244 3379 1362 3443 Heyuiuo.

467 3474 524 3523 134.
548 3476 645 3541 ῥομβα.
677 3475 786 3539 Suspicio
810 3478 846 3524 est
871 3475 974 3539 Heynii,
993 3476 1092 3524 fortuuc
1109 3475 1262 3524 scribendum
1280 3489 1331 3523 eeue
1347 3474 1453 3542 ῥύμβσνι

434 3567 576 3631 praesertim
593 3585 667 3633 quum
684 3569 770 3618 habeut
788 3570 936 3634 Hesychius:
954 3570 1059 3638 ῥύμβος,
1079 3570 1142 3627 divos.

468 3661 525 3711 leo.
551 3666 655 3721 Μοίσαις.
687 3664 738 3715 Pel.
756 3663 776 3712 C
793 3667 915 3730 ρισίσαεσι,
934 3664 1045 3730 idemque
1062 3665 1150 3714 lemme
1168 3664 1253 3713 scholii
1271 3664 1365 3713 veterio.

469 3756 525 3808 luo.
551 3759 612 3809 διιὼν.
632 3758 670 3807 Itu
687 3758 810 3823 Heyciuu,
830 3776 858 3808 ex
876 3760 959 3819 libris,
978 3764 1005 3809 nt
1023 3760 1145 3810 credulo
1159 3760 1227 3809 Gott.
1240 3760 1294 3809 Ald.
1307 3760 1406 3823 aliisque
1419 3764 1457 3809 est

436 3854 514 3916 οἴκων,
533 3851 605 3901 etium
623 3852 648 3901 iu
666 3853 717 3902 Pul.
735 3852 772 3914 Ο,
789 3870 844 3903 cum
862 3854 940 3918 gloeeu
957 3856 1017 3905 ἑκών.
1036 3855 1066 3903 Ιιι
1084 3854 1151 3905 Uret.
1169 3856 1190 3903 A
1209 3860 1276 3920 ἔχων,
1296 3854 1320 3903 in
1334 3854 1355 3902 B
1367 3860 1420 3907 ἵκων
1431 3858 1457 3904 et

436 3949 506 3996 οἴκων.
524 3945 552 3994 ln
570 3946 660 3996 scholio
677 3948 824 3998 recentiore:
837 3956 889 4007 ταῖς
901 3951 1001 4007 Μώσαις
1015 3973 1049 3987 -
1060 3953 1138 4014 οἴκων,
1152 3956 1203 4008 ἤτοι
1215 3953 1317 4013 ὑπείκων,
1333 3951 1457 4019 ὑπηριτῶν.

370 4102 373 4107 ι
470 4041 526 4089 141.
552 4046 605 4110 γὰρ,
639 4042 694 4091 Ald.
712 4043 769 4093 (iot.
787 4044 841 4093 Pur.
860 4047 893 4104 A,
912 4045 964 4094 Pul.
982 4044 1016 4103 C,
1034 4045 1110 4095 Moec.
1128 4048 1161 4105 A,
1180 4048 1240 4109 Aug.
1260 4046 1388 4104 B,Vetic.
1403 4045 1453 4095 ciz.

437 4132 525 4182 hebent
542 4134 562 4183 δ’
579 4150 623 4199 pro
643 4140 697 4204 γὰρ.
732 4136 867 4187 Boeckhiuu
884 4154 929 4201 pro
947 4155 975 4189 eo
993 4138 1068 4190 edidit
1087 4140 1130 4200 δ’,
1147 4140 1176 4188 de
1194 4139 1346 4204 conjecture:
1366 4144 1390 4189 ct
1407 4156 1456 4189 euu-

437 4227 495 4277 tnlit
510 4227 731 4293 interpunctionem
748 4236 803 4295 poet
820 4236 952 4286 ἐπέσσεται.

473 4321 529 4373 142.
553 4328 721 4394 ἀμρστίρωθεν.
756 4326 787 4375 In
809 4328 952 4391 quibusdem
973 4328 1081 4378 additum
1106 4333 1141 4378 eet
1165 4328 1194 4393 γ’.
1229 4327 1349 4378 Omiuenm
1377 4333 1413 4378 est
1431 4329 1456 4378 in

439 4416 495 4467 Ald.
519 4418 587 4467 cott.
605 4419 658 4468 Pur.
676 4421 711 4478 A,
729 4420 781 4470 Pel.
798 4420 832 4479 0,
850 4422 928 4472 Vetic.
951 4423 1089 4488 multisque.
1122 4424 1201 4474 Etiam
1221 4440 1255 4474 vs.
1274 4425 1303 4473 21
1323 4424 1454 4489 scripturae

440 4512 620 4562 constituendae
638 4513 765 4563 difficultas
782 4519 826 4564 eet.

1278 4617 1333 4674 14*
