3767 5534
921 721 984 785 257
1031 729 1034 734 '

444 928 594 994 curulem.
607 927 630 1014 ¹)
671 925 740 991 Hoc
763 925 887 1011 quidem
904 947 1026 989 carmen
1042 924 1185 989 victoriae
1202 925 1350 1011 equestris
1367 925 1461 990 fuisse

445 1047 610 1113 manifesto
634 1053 760 1132 apparet
782 1069 842 1110 ves.
867 1047 909 1109 32
934 1052 965 1110 et
992 1046 1064 1109 176.

429 1227 436 1235 ,
490 1166 595 1231 Prima
626 1188 699 1252 ergo
730 1164 876 1229 Hieronis
907 1164 1035 1228 victoria
1065 1162 1104 1227 ad
1136 1163 1220 1227 aliud
1244 1172 1366 1248 tempus
1390 1162 1463 1227 rcf-

442 1285 540 1351 renda
570 1292 634 1351 est:
666 1291 703 1349 nt
731 1284 808 1349 mihi
839 1282 965 1369 quidem
997 1282 1132 1360 videtur,
1160 1282 1198 1346 ad
1226 1279 1277 1346 Ol.
1306 1281 1462 1361 LXXVI,

444 1427 544 1489 quum
573 1425 677 1470 recens
709 1402 836 1468 haberet
866 1401 1039 1488 imperium.
1088 1399 1181 1482 Quod
1213 1423 1252 1464 an
1280 1401 1324 1465 ita
1351 1402 1408 1480 sit,
1434 1407 1465 1465 et

443 1522 484 1587 ad
509 1544 575 1587 eam
597 1522 656 1587 hoc
678 1544 801 1586 carmen
824 1520 1016 1586 referendum
1039 1520 1097 1599 sit,
1123 1521 1188 1607 jam
1211 1519 1353 1605 deinceps
1378 1541 1465 1605 argu·

442 1647 551 1707 mento
574 1641 731 1727 proposito
753 1640 921 1705 videamus.

493 1757 576 1824 Nam
604 1760 638 1824 in
669 1758 765 1824 altero
797 1758 835 1823 ad
867 1757 1100 1844 inscriptionem
1128 1757 1245 1821 scholio
1269 1756 1307 1821 de
1330 1755 1466 1821 Hierone

444 1878 580 1945 dicitur:
609 1880 728 1955 νικήσας
755 1878 786 1943 δὲ
808 1879 850 1945 τοὶ
872 1876 1031 1957 Ὀλύμπιοι
1053 1875 1223 1958 οὶνεκήρυξεν
1246 1875 1348 1942 ἑαυτὸν
1371 1886 1466 1956 Συρα-

445 2000 561 2065 κούσιον
584 1998 634 2064 καὶ
657 2000 807 2082 Αἰτναῖον,
831 1999 936 2071 κτίσας
960 1999 1013 2069 τὴν
1037 1998 1250 2078 παρακειμένην
1273 1998 1314 2079 τῷ
1337 1995 1389 2077 ὄρει
1413 1996 1466 2062 πό-

443 2139 495 2188 λιν
517 2123 547 2187 ἕν
569 2130 606 2203 τῇ
631 2120 753 2200 Σικελία
776 2119 883 2195 Αἴτνην
906 2119 1053 2197 ὁμώνυμον
1076 2120 1117 2201 τῷ
1137 2116 1199 2199 ὄρει.
1236 2121 1340 2202 Atque
1360 2117 1392 2181 in
1412 2117 1466 2181 illo

446 2239 587 2319 scholio,
617 2239 701 2325 quod
731 2239 764 2303 in
786 2239 870 2304 notis
893 2239 1008 2303 criticis
1032 2238 1071 2302 ad
1096 2261 1128 2301 vs
1153 2240 1193 2301 35
1219 2236 1398 2315 attulimuS,
1423 2236 1467 2301 di-

447 2357 532 2423 citur
564 2356 677 2437 Hiero,
710 2380 805 2443 quum
829 2357 982 2436 vinceret,
1006 2379 1068 2421 non
1093 2356 1272 2442 Syracusius
1297 2355 1390 2420 fuisse
1414 2355 1467 2419 sed

447 2479 618 2543 Aetnaeus.

496 2596 627 2682 Expulit
657 2604 761 2661 autem
792 2595 907 2660 incolas
939 2593 1075 2673 Catana,
1108 2615 1263 2679 novosque
1293 2592 1417 2657 induxit
1440 2600 1471 2657 et

443 2715 558 2781 urbem
580 2714 748 2802 appellavit
773 2716 904 2779 Aetnam
927 2712 982 2779 Ol.
1004 2711 1142 2777 LXXVI
1166 2735 1246 2777 anno
1270 2712 1378 2798 prim0.
1393 2711 1415 2797 ρ)

495 2834 583 2916 Quid
605 2834 732 2900 autem?
777 2834 917 2912 Diserte,
950 2842 986 2898 ut
1010 2833 1112 2897 estin
1135 2831 1190 2895 illo
1214 2831 1348 2909 scholio,
1374 2830 1470 2916 Didy-

426 2976 522 3019 fmus
545 2976 611 3019 eam
635 2955 818 3019 sententiam
841 2953 1018 3018 contemsit:
1040 2952 1145 3027 εὐήθεις
1167 2951 1241 3033 φησὶ
1262 2949 1390 3028 Δίδυμος
1407 2950 1471 3015 τού-

442 3092 535 3146 τους·
558 3073 626 3139 τότε
645 3074 706 3153 γὰρ
725 3074 739 3138 ὃ
758 3074 846 3154 Ἱέραν
866 3070 899 3148 ἦν
918 3072 1109 3154 Συρακούσιος
1129 3070 1177 3135 καὶ
1194 3070 1256 3136 οὐδὲ
1273 3065 1306 3143 ἦν
1317 3070 1467 3146 Αἷτναῖοο,

442 3192 484 3267 ὥς
517 3197 608 3275 Φνοιν
637 3192 865 3274 Ἀπολλόδωρος.
910 3190 977 3257 Nec
1005 3213 1077 3255 sane
1101 3190 1227 3275 Didymi
1250 3190 1414 3254 auctoritas
1438 3197 1469 3254 et

483 3395 511 3456 l)
528 3393 668 3454 Pausanias,
682 3393 797 3443 Gelonem
808 3392 847 3444 01.
857 3392 946 3443 LXXII
959 3408 1021 3442 anno
1032 3392 1228 3457 GSyracusarum
1240 3391 1367 3456 imperium
1379 3391 1468 3456 cepisse

446 3490 547 3550 dicens,
565 3506 620 3555 ergo
639 3489 678 3541 Ol,
689 3490 789 3540 LXXIII
808 3490 880 3540 fuisse
892 3490 1060 3555 Syracusium,
1073 3505 1121 3538 non
1134 3488 1250 3547 Geloum,
1263 3487 1338 3538 alium
1350 3488 1468 3553 quendem

448 3585 567 3635 Gelonem
585 3584 702 3646 Geloum,
719 3586 862 3636 Dinomeuis
873 3587 973 3636 alterius
984 3585 1108 3649 cujusdam
1124 3584 1215 3643 filium,
1228 3584 1300 3633 fnisse
1312 3588 1365 3633 tum
1377 3584 1469 3644 credit,

449 3678 495 3746 qni
514 3681 603 3731 donum
621 3681 697 3741 illud,
715 3682 780 3746 quod
797 3686 984 3741 commemorat,
1002 3682 1193 3731 consecraverit:
1211 3680 1262 3744 ipsa
1279 3680 1381 3729 absurda
1398 3679 1472 3745 expli·

450 3777 549 3827 catione
571 3777 700 3827 ostendens
723 3793 830 3828 errorem
853 3795 922 3828 suum
941 3779 967 3827 in
985 3778 1092 3827 notando
1110 3780 1218 3841 tempore
1235 3774 1329 3841 imperii
1347 3776 1473 3840 Syracusa·

452 3888 511 3923 rum
527 3888 572 3935 pro
589 3872 691 3937 imperio
708 3873 788 3925 Gelae.
812 3874 942 3939 Dionysius
960 3873 1187 3932 Halicarnassensis,
1206 3872 1233 3922 L.
1247 3868 1294 3921 VII
1311 3872 1392 3930 inItio,
1410 3871 1472 3935 lega·

450 3968 546 4019 tionem
564 3968 640 4017 Roma
657 3968 682 4018 in
699 3969 806 4018 Siciliam
824 3970 916 4018 venisse
928 3968 988 4018 dicit
1001 3968 1041 4018 Ol.
1053 3968 1142 4017 LXXII
1154 3984 1175 4017 a.
1189 3967 1217 4016 2:
1229 3971 1282 4016 tum
1295 3966 1471 4016 nobilissimum

452 4063 551 4113 Siciliae
576 4068 706 4128 tyrannum
732 4064 804 4113 fuisse
822 4065 953 4125 Gelonem,
971 4068 1069 4128 accepto
1087 4080 1184 4124 recens,
1201 4065 1297 4123 νεωστί,
1314 4061 1471 4126 Hippocratis

451 4160 536 4210 fratris
559 4160 670 4225 imperio.
705 4161 736 4209 ut
761 4162 860 4211 fratrem
881 4161 950 4211 illum
977 4161 1083 4210 vocando
1105 4164 1168 4210 certe
1186 4159 1290 4209 erravit:
1309 4174 1392 4210 verum
1411 4158 1471 4207 illud

451 4244 534 4294 νεωοτὶ
550 4242 580 4291 ed
598 4242 678 4307 ipsum
695 4258 784 4292 annum
802 4243 952 4292 referendum
971 4258 1037 4303 esse,
1055 4258 1083 4291 ex
1101 4242 1153 4306 ipso
1172 4240 1304 4290 Pausaniae
1321 4256 1401 4289 errore
1413 4240 1471 4289 satis

452 4340 563 4401 apparet.
580 4338 614 4387 nt
626 4342 690 4387 certe
702 4338 861 4403 Hippocrates
874 4339 946 4389 Gelae
958 4342 1075 4403 tyrannus
1088 4338 1174 4387 fuerat.
1188 4337 1241 4386 Vid.
1251 4336 1341 4385 Herod.
1354 4335 1401 4385 VII
1415 4336 1471 4386 154.

455 4432 496 4482 Cf.
513 4433 606 4483 Brunet
624 4434 653 4483 de
669 4434 766 4495 Presle,
788 4436 833 4483 Les
854 4435 1052 4484 Etahlissements
1069 4434 1111 4483 des
1128 4434 1201 4483 Grecs
1218 4450 1247 4482 en
1267 4432 1349 4492 Sicile,
1371 4449 1395 4497 p.
1415 4431 1470 4480 121.

493 4528 521 4592 2)
535 4530 628 4579 Brunet
644 4531 674 4580 de
693 4531 789 4590 Presle,
807 4548 861 4596 pag.
880 4532 937 4581 141.
961 4530 1033 4580 Diod.
1051 4529 1098 4581 Sic.
1116 4530 1208 4580 11149.

1311 4629 1345 4688 ll
