3767 5534
991 756 1054 817 232

511 957 599 1022 didos
624 980 718 1041 equos
742 968 823 1020 terra
846 958 1017 1041 occupavit.
1067 956 1147 1020 Nam
1172 965 1288 1041 septem
1312 959 1456 1045 deinceps
1480 984 1527 1024 ro·

511 1099 619 1162 goram
643 1077 812 1141 consumtis
830 1077 960 1139 mortuis
976 1075 1170 1140 Talaionides
1187 1077 1225 1141 ad
1243 1077 1362 1142 Thebas
1380 1079 1443 1143 tale
1465 1102 1529 1143 ver·

510 1196 583 1260 bum
604 1196 717 1261 edidit:
739 1194 879 1259 desidero
894 1195 1044 1259 exercitus
1064 1195 1188 1260 oculum
1205 1197 1282 1275 mei,
1296 1206 1397 1262 vatem
1410 1198 1527 1264 bonum

432 1321 473 1380 30
510 1318 624 1402 pariter
658 1323 689 1379 et
719 1316 829 1379 fortem
860 1314 949 1378 hasta
979 1314 1168 1379 bellatorem.
1222 1315 1314 1397 Quod
1343 1318 1436 1381 etiam
1461 1319 1527 1382 viro

510 1444 631 1521 praesto
664 1442 711 1499 est
738 1435 899 1520 Syracusio
924 1436 995 1499 festi
1018 1441 1128 1500 cantus
1151 1436 1285 1500 domino.
1326 1436 1399 1500 Non
1420 1445 1528 1502 contu·

514 1578 584 1618 max
608 1578 704 1639 quum
728 1555 785 1618 sim
809 1577 865 1619 nec
889 1577 963 1618 sane
987 1555 1079 1619 nimis
1103 1554 1275 1640 litigiosus,
1302 1556 1393 1621 etiam
1414 1579 1527 1643 magno

393 1677 395 1683 ’
505 1673 706 1760 jurejurando
727 1676 830 1759 jurato
853 1675 912 1739 hoc
936 1675 964 1739 ei
988 1680 1090 1760 aperte
1114 1673 1267 1739 testabor:
1294 1685 1324 1739 et
1347 1675 1527 1742 dulcisonae

509 1794 618 1857 Musae
650 1793 851 1858 mandabunt.
899 1793 927 1856 O
956 1793 1098 1871 Phineis,
1123 1816 1228 1857 verum
1247 1794 1344 1881 junge
1363 1796 1426 1880 jam
1450 1795 1528 1860 mihi

431 1916 473 1976 40
508 1912 602 1977 robur
632 1913 804 1991 mularum,
836 1935 898 1996 qua
930 1912 1009 1991 cito,
1034 1913 1125 1977 utin
1150 1914 1199 1977 via
1222 1913 1321 1977 nitida
1342 1913 1375 1978 iu
1399 1913 1528 1980 rhedam

507 2032 723 2109 ascendamus,
749 2039 780 2096 et
799 2032 892 2096 etiam
912 2032 951 2095 ad
970 2031 1094 2097 illorum
1117 2040 1239 2117 gentem
1261 2033 1437 2098 veniamus:
1456 2033 1528 2098 illae

511 2154 593 2218 enim
623 2159 743 2237 praeter
773 2152 848 2216 alias
873 2174 938 2217 eam
963 2151 1042 2216 viam
1065 2160 1234 2217 monstrare
1258 2154 1355 2239 perite
1379 2161 1527 2239 possunt,

509 2272 760 2357 quandoquidem
799 2293 925 2336 coronas
962 2281 1144 2357 acceperunt
1176 2271 1347 2358 Olympiae.
1395 2271 1528 2358 Oportet

510 2414 583 2477 ergo
615 2398 718 2477 portas
746 2391 929 2476 hymnorum
954 2392 1071 2478 aperire
1095 2391 1167 2456 illis.
1212 2391 1342 2456 Pitanen
1365 2391 1403 2455 ad
1431 2390 1528 2456 Euro·

509 2520 556 2576 tae
584 2512 734 2576 fluentum
758 2510 850 2575 hodie
874 2510 998 2595 quidem
1023 2512 1180 2596 pervenire
1204 2510 1292 2576 decet
1314 2512 1347 2575 in
1370 2517 1526 2597 tempore:

513 2654 591 2717 quae
627 2629 752 2714 quidem
784 2637 946 2715 postquam
978 2652 1049 2694 cum
1081 2629 1230 2716 Neptuno
1261 2630 1405 2695 Saturnio
1434 2631 1525 2709 coiit,

434 2753 474 2814 50
510 2751 672 2814 formosam
707 2748 822 2813 dicitur
856 2749 951 2813 filiam
986 2749 1133 2814 Euadnen
1169 2750 1331 2835 peperisse.
1379 2748 1527 2815 Occuluit

508 2870 644 2934 dolorem
675 2868 848 2953 virgineum
879 2868 960 2933 sinu.
1006 2868 1098 2932 Justo
1131 2892 1235 2933 mense
1266 2869 1350 2933 misit
1375 2869 1525 2946 famulos,

507 2990 662 3075 jussitque
693 2988 842 3053 infantem
874 2988 946 3052 dare
976 2989 1062 3053 heroi
1093 2988 1223 3053 Ilatidae
1252 2989 1437 3054 curandam:
1471 2990 1526 3075 qui

512 3109 582 3172 viris
614 3108 786 3172 Arcadibus
817 3107 988 3194 imperabat
1020 3116 1050 3172 et
1078 3108 1301 3173 habitationem
1329 3107 1443 3193 Alphei
1466 3130 1527 3171 sor·

498 3212 587 3290 ¹titus
621 3234 695 3291 erat.
743 3226 792 3292 Ibi
822 3227 968 3318 educata,
994 3227 1051 3291 sub
1076 3227 1222 3313 Apolline
1245 3228 1381 3313 primum
1406 3227 1527 3292 dulcem

511 3345 659 3410 Venerem
696 3346 808 3431 tetigit.
856 3346 922 3411 Nec
962 3347 1055 3411 latuit
1089 3348 1246 3432 Aepytum
1282 3355 1429 3431 perpetuo
1453 3354 1527 3411 tem-

435 3470 475 3529 60
511 3489 583 3553 pore
618 3466 718 3531 celans
753 3466 804 3530 dei
839 3467 965 3552 prolem.
1013 3469 1057 3531 At
1091 3466 1143 3531 ille
1178 3467 1368 3552 Pythonem,
1405 3474 1527 3551 pectore

513 3609 652 3671 premens
680 3587 757 3651 iram
784 3586 941 3651 infandam
966 3588 1140 3665 aericum,
1165 3586 1241 3651 abiit
1264 3586 1464 3650 consulturus
1488 3584 1527 3648 de

514 3728 548 3770 ea
579 3728 642 3770 non
674 3706 834 3770 toleranda
865 3706 1047 3771 calamitate.
1095 3706 1155 3770 Illa
1190 3729 1260 3770 vero
1293 3705 1421 3791 punicea
1452 3726 1529 3770 aona

513 3824 652 3910 deposita
684 3834 714 3890 et
738 3849 816 3890 urna
840 3833 985 3912 argentea
1008 3827 1064 3891 sub
1089 3826 1222 3891 dumetis
1247 3825 1385 3890 obscuris
1410 3827 1529 3911 peperit

512 3946 624 4009 mentis
657 3969 787 4031 puerum
818 3947 949 4011 divinae.
993 3947 1114 4032 Virgini
1149 3947 1339 4011 adsteterunt
1376 3946 1529 4032 Apollinis

434 4067 473 4130 70
509 4087 600 4150 opera
630 4067 714 4131 mitis
744 4066 872 4151 Ilithyia
901 4067 1084 4151 Parcaeque.
1132 4066 1217 4131 Qllxiit
1241 4089 1278 4130 en
1303 4065 1470 4131 visceribus
1495 4073 1527 4129 et

514 4210 550 4249 ex
577 4186 702 4251 amabili
726 4194 815 4271 partu
838 4186 947 4251 Jamus
971 4186 1002 4251 in
1026 4186 1124 4251 lucem
1150 4187 1308 4251 continuo.
1357 4186 1450 4251 Hunc
1474 4184 1529 4251 illa

514 4304 620 4369 dolens
644 4306 771 4391 reliquit
794 4305 898 4371 humi:
923 4306 986 4371 duo
1010 4306 1140 4371 caerulei
1165 4314 1320 4392 serpentes
1341 4306 1430 4369 illum
1453 4305 1530 4369 Deo·

517 4448 584 4489 rum
605 4425 763 4490 voluntat-e
784 4427 938 4491 nutrivere
956 4448 1024 4490 cum
1044 4449 1116 4490 cura
1133 4425 1291 4510 inculpato
1310 4446 1401 4489 succo
1414 4425 1527 4511 apium.

439 4547 478 4607 80
515 4544 578 4609 Rex
596 4568 666 4609 vero
684 4555 846 4631 postquam
864 4568 972 4611 saxosa
986 4546 1140 4633 profectus
1152 4545 1292 4630 Pythone
1303 4545 1409 4623 rediit,
1423 4566 1528 4611 omnes
