3767 5534
1012 729 1075 792 270

538 929 691 994 Theocrit.
720 928 785 992 VII
812 932 873 994 103
897 930 981 995 τέδον
1003 927 1070 995 άοτε
1093 931 1258 1012 λε’λογχας.
1299 932 1481 997 Posterioris
1504 955 1556 1018 ge-

539 1051 619 1114 neris
651 1058 696 1113 est
726 1050 776 1113 hic
807 1050 910 1128 locus,
941 1058 1009 1114 tum
1041 1051 1094 1136 Py.
1127 1051 1161 1115 ΙΙ
1194 1055 1234 1115 50
1262 1053 1318 1117 τάν
1344 1054 1461 1136 (Ἦραν)
1485 1052 1556 1124 Διὸς

540 1169 619 1235 εὐναὶ
650 1171 761 1250 λάχον,
794 1177 824 1232 et
854 1169 983 1234 Theocr.
1014 1169 1059 1234 IV
1085 1174 1126 1234 40
1151 1178 1191 1237 τῶ
1214 1177 1326 1252 οκλαρῶ
1350 1172 1498 1252 δαίμονος,
1524 1168 1556 1243 ές

539 1314 579 1366 με
602 1289 749 1369 λελάγχα.

587 1410 636 1470 85.
674 1406 791 1486 θαμινά.
838 1406 897 1471 Vel
927 1408 967 1472 ad
989 1408 1155 1489 λέλογχεν,
1180 1407 1228 1473 vel
1252 1408 1290 1472 ad
1313 1408 1485 1490 κακαγόρος
1509 1431 1557 1473 re·

539 1527 610 1591 ferri
640 1534 742 1611 potest
772 1527 831 1590 hoc
863 1526 1052 1593 adverbium.
1099 1525 1131 1591 Si
1162 1528 1316 1613 posterius
1347 1550 1451 1593 verum
1485 1535 1554 1606 est,

540 1645 662 1711 videtur
693 1647 833 1730 quamvis
862 1646 962 1710 brevis
986 1648 1084 1711 oratio
1107 1664 1176 1711 cum
1202 1669 1300 1732 poena
1322 1648 1437 1732 pariter
1460 1647 1555 1711 etiam

540 1766 720 1850 pravitatem
758 1766 825 1830 vitii
861 1766 1031 1845 declarare,
1068 1789 1164 1851 quum
1199 1767 1320 1831 nullum
1351 1767 1461 1831 vitium
1491 1767 1556 1831 fere

540 1884 659 1948 facilius
684 1884 772 1948 abeat
787 1886 821 1949 in
837 1886 1090 1950 consuetudinem
1108 1908 1200 1971 quam
1213 1886 1441 1964 maledicentia,
1459 1891 1556 1971 atque

540 2004 581 2080 is,
616 2004 670 2087 qui
694 2004 734 2066 sit
756 2003 936 2085 κακάγορος,
962 2005 1051 2089 quasi
1073 2005 1243 2069 necessario
1267 2005 1357 2069 etiam
1382 2006 1422 2068 sit
1444 2005 1556 2082 θαμινά

541 2123 712 2204 κακάγορος.
761 2122 874 2187 Verum
905 2146 940 2186 ca
971 2124 1133 2208 explicatio
1161 2124 1237 2188 mihi
1261 2123 1383 2188 videtur
1406 2123 1555 2208 argutior.

542 2242 574 2305 Si
598 2242 637 2305 ad
659 2242 808 2322 λέλογχεν
831 2243 978 2321 refertur,
1003 2245 1095 2307 etiam
1119 2242 1233 2327 duplex
1258 2265 1322 2307 csse
1342 2248 1445 2327 potest
1460 2241 1557 2327 expli·

541 2362 639 2426 catio:
673 2371 727 2425 aut
756 2369 791 2425 ot
823 2362 1027 2447 significetur,
1061 2385 1149 2440 eum,
1178 2363 1231 2447 qui
1258 2362 1439 2439 maledicat,
1464 2381 1557 2447 saepe

540 2480 641 2544 clades
658 2481 811 2544 invenire:
829 2488 897 2559 aut,
914 2504 1004 2566 saepe
1021 2482 1079 2545 hoc
1095 2482 1175 2560 fieri,
1193 2489 1228 2545 ut
1243 2482 1283 2559 is,
1301 2483 1356 2565 qui
1372 2480 1555 2559 maledicat,

539 2602 572 2664 in
595 2600 711 2666 cladem
738 2601 884 2665 incurrat.
915 2601 1032 2665 Verum
1053 2601 1136 2665 verbi
1157 2601 1340 2685 significatio
1356 2601 1488 2686 priorem
1510 2600 1557 2664 in·

539 2722 788 2807 terpretationem
819 2743 881 2785 non
911 2721 1032 2785 videtur
1064 2701 1241 2798 admittere,
1267 2742 1363 2805 quum
1386 2718 1559 2801 λαγχάνειν

539 2863 600 2904 non
633 2840 753 2904 dicatur
788 2839 826 2903 dc
857 2839 940 2903 brevi
973 2839 1105 2923 quadam
1129 2847 1160 2904 et
1183 2839 1271 2903 facile
1294 2838 1475 2923 repetenda,
1500 2837 1558 2902 sed

540 2958 578 3022 de
614 2958 706 3022 semel
737 2966 906 3043 occupante
941 2964 972 3021 et
1003 2965 1152 3042 perpetua
1182 2965 1273 3021 sorte.
1320 2956 1428 3021 Restat
1458 2957 1559 3041 igitur

541 3078 590 3155 id,
622 3076 706 3162 quod
729 3077 880 3155 diximus,
906 3098 995 3161 saepe
1018 3076 1087 3141 fieri
1110 3083 1147 3141 ut
1170 3076 1318 3141 maledico
1344 3098 1442 3161 poena
1466 3076 1559 3141 obre·

539 3199 614 3262 niat.
654 3197 695 3261 Et
719 3220 752 3260 vs
777 3199 840 3261 103
866 3196 960 3261 Poeta
984 3197 1078 3275 dicit,
1103 3197 1227 3261 nullum
1250 3196 1437 3260 maleficium
1462 3196 1559 3260 latere

539 3318 631 3383 Deos.
679 3316 745 3381 Nec
780 3339 851 3380 vero
885 3316 964 3380 illud
998 3316 1107 3390 θαμινά
1138 3316 1177 3379 de
1208 3315 1357 3400 gravitate
1387 3314 1560 3379 sententiae

539 3437 688 3515 detrahit,
705 3437 792 3521 quasi
808 3437 834 3499 si
851 3436 1084 3521 significaretur,
1098 3434 1267 3521 aliquando
1283 3456 1415 3519 poenam
1431 3433 1558 3497 evitari:

544 3579 646 3620 verum
674 3555 707 3619 in
730 3554 910 3641 hujusmodi
933 3555 1094 3619 sententiis
1117 3555 1236 3639 magnis
1260 3552 1399 3617 oratioue
1422 3551 1561 3616 humana

543 3697 761 3761 saepenumero
784 3674 897 3738 dicitur
920 3674 952 3737 id
977 3674 1073 3738 solere
1097 3674 1179 3751 fieri,
1204 3671 1287 3758 quod
1306 3671 1476 3736 necessario
1492 3670 1560 3735 fieri

543 3793 662 3859 debeat.
708 3791 804 3857 Velut
833 3792 971 3876 φιλέειν,
1010 3791 1125 3870 solere,
1163 3791 1247 3877 apud
1279 3789 1492 3867 Herodotum,
1521 3810 1558 3853 eo

544 3913 636 3977 modo
666 3912 806 3997 ponitur,
836 3909 901 3973 VII
928 3913 966 3974 10
991 3910 1087 3993 φιλέει
1111 3910 1170 3991 γάρ
1193 3911 1207 3973 ὁ
1229 3909 1289 3982 θεὸς
1311 3913 1353 3974 τά
1376 3908 1559 3989 ὑπερέχοντα

545 4031 646 4097 πάντα
669 4030 809 4113 κολούειν,
839 4037 869 4094 et
891 4032 1063 4110 ἐπειχθῆναι
1085 4029 1139 4107 μέν
1162 4053 1209 4094 νον
1231 4031 1293 4093 τάν
1316 4035 1444 4107 πρῆγμα
1466 4025 1559 4090 τέκτει

544 4151 739 4233 σφάλματα,
763 4150 873 4214 ἐκτῶν
896 4148 998 4228 ζημίαι
1022 4148 1159 4226 μεγάλαι
1182 4146 1313 4228 φιλέοντι
1337 4145 1477 4223 γίνεσθαι.

592 4271 644 4333 85.
678 4268 702 4333 εἰ
726 4267 755 4331 δὲ
778 4266 811 4342 δή
833 4269 895 4332 τιν’.
937 4264 988 4329 Sic
1011 4266 1065 4351 Py.
1090 4264 1142 4330 ΙΙΙ
1169 4268 1230 4328 151
1255 4264 1388 4345 τύραννον
1411 4262 1559 4344 δέρκεται,

546 4389 573 4454 εἴ
593 4388 646 4454 τινά
669 4386 828 4468 άνάράτιον.
865 4386 995 4450 Ovidius
1019 4384 1146 4450 Metam.
1170 4383 1218 4447 VI
1243 4386 1282 4449 17
1287 4386 1305 4446 3
1330 4381 1482 4447 Tantalus

670 4504 730 4570 Oui
753 4505 842 4569 licuit
865 4502 923 4569 soli
946 4504 1135 4590 Superorum
1158 4512 1283 4588 tangere
1306 4523 1435 4566 mensas.
