3767 5534
920 745 984 809 428

445 951 616 1015 τελέστντσ
637 955 693 1014 τῶν
715 948 809 1025 μύρων
832 949 985 1029 unicornu
1009 947 1102 1026 ὥσπερ
1121 950 1153 1014 ἐκ
1169 959 1267 1026 σννῆς
1283 958 1334 1016 τοῦ
1350 952 1456 1017 idirco

446 1069 689 1147 προσβάλλοντος.

491 1190 543 1251 62.
579 1186 655 1259 ἔνθα.
691 1185 865 1270 Descriptio
888 1183 967 1262 loci,
993 1206 1054 1269 quo
1078 1186 1227 1269 proficisci
1243 1186 1455 1273 Tlepolemum

446 1312 616 1390 oporteret,
640 1326 703 1368 non
727 1313 774 1367 est
794 1302 966 1387 Apollinis,
983 1302 1037 1367 sed
1052 1302 1182 1371 Poetae:
1200 1303 1345 1371 Rhodum
1362 1307 1455 1391 signi·

446 1423 547 1488 ficavit
577 1422 691 1508 Apollo
722 1422 759 1486 iis
791 1420 890 1489 verbis
914 1420 1026 1506 quibus
1051 1421 1164 1500 voluit,
1189 1422 1340 1496 Pindarus
1365 1446 1455 1502 vero,

446 1541 483 1608 ad
512 1542 686 1626 antiquiora
717 1542 756 1605 de
786 1540 896 1605 Rhodo
919 1541 1072 1609 narranda
1094 1542 1300 1621 transiturus,
1325 1543 1382 1609 hac
1406 1544 1455 1609 de·

446 1660 610 1747 scriptione
625 1659 750 1745 copulat
765 1659 819 1725 illa
835 1681 905 1723 eum
922 1680 957 1724 ea
972 1660 1161 1741 narratione,
1178 1680 1270 1744 quam
1281 1660 1453 1727 institutam

442 1778 585 1854 habehat.

487 1900 537 1962 66.
573 1896 677 1978 βρέχε.
714 1895 765 1960 01.
803 1894 833 1959 X
894 1898 912 1957 2
943 1895 1070 1975 βρέχετο
1101 1904 1202 1981 πολλᾷ
1237 1897 1336 1979 ardoldi
1392 1898 1455 1962 Ho-

438 2014 750 2096 mernsIl.11670

548 2133 600 2198 acl
622 2139 692 2216 σφιν
715 2132 861 2198 θεσπέσιον
885 2137 1011 2197 τλνῒντσν
1034 2132 1182 2213 κατέχευε
1204 2135 1331 2211 Κρονίων.

436 2252 538 2333 Quem
561 2275 682 2317 versum
706 2250 871 2316 scholiasta
894 2258 981 2315 vetus
1005 2249 1043 2314 ad
1068 2253 1098 2315 h.
1124 2250 1144 2313 l.
1162 2252 1301 2336 spurium
1314 2253 1449 2338 judicat:

436 2372 534 2437 utitur
565 2379 668 2438 tamen
699 2393 735 2435 eo
767 2370 895 2450 Strabo,
927 2369 964 2442 L.
996 2369 1074 2434 XLV
1101 2394 1132 2456 p.
1159 2373 1232 2435 654.
1281 2371 1448 2449 Aristides,

436 2489 537 2558 Rhod.
561 2488 579 2554 I
602 2492 685 2563 354:
709 2488 760 2556 acl
783 2487 913 2568 Ὅμηρος
936 2489 990 2567 μὲν
1014 2493 1139 2554 πλοῦτον
1158 2489 1216 2564 ἔφη
1233 2490 1387 2570 eufraxiae
1402 2490 1450 2573 τὸν

437 2608 497 2674 Alc
524 2616 562 2696 τῇ
591 2609 665 2689 νήσῳ
690 2608 740 2673 καὶ
771 2616 830 2680 τοῖς
861 2608 924 2689 περὶ
954 2607 1151 2687 Τληπόλεμον
1178 2609 1323 2690 τρονόνσνς
1351 2610 1447 2687 ὑμῶν,

435 2727 485 2791 acl
516 2727 653 2810 Πίνδννμσς
684 2727 869 2807 superaddo
893 2723 961 2800 ὗσσνν
984 2727 1092 2806 χρυσὸν
1115 2726 1240 2808 νεφέλην
1261 2725 1365 2802 ξανθὴν
1389 2731 1449 2792 ἐπν-

434 2846 598 2920 στήσσιντν.
645 2845 817 2910 Scholiasta
846 2853 934 2909 vetus
966 2844 1004 2909 ad
1038 2843 1089 2909 Ol.
1124 2844 1159 2910 H
1193 2847 1232 2918 16
1263 2868 1300 2909 ex
1323 2845 1450 2910 Pindari

433 2963 567 3027 carmine
596 2962 756 3047 deperdito
787 2962 874 3027 affert
905 2962 942 3026 de
973 2955 1123 3028 'Pheronia
1146 2962 1313 3047 majoribus
1336 2962 1447 3036 Rhodo

434 3079 592 3145 oriundis:
616 3077 721 3147 ἕσπετο
744 3080 769 3144 δ’
792 3079 912 3145 uvius
935 3080 1064 3144 σλσύτσν
1084 3078 1187 3163 aldes:
1205 3080 1326 3165 Fragm.
1343 3080 1445 3166 Heyn.

432 3197 547 3266 Incert.
575 3200 655 3276 167,
680 3197 817 3269 Boeckh.
844 3201 886 3260 84
909 3197 1039 3264 Eccum.
1065 3196 1149 3262 VIII
1173 3201 1203 3272 2.

478 3319 530 3382 66.
565 3318 658 3398 ἁνίχ’.
695 3318 809 3402 Dicens
828 3318 942 3396 Poeta,
960 3325 1028 3384 tum
1044 3339 1166 3382 auream
1183 3318 1322 3403 pluviam
1337 3340 1355 3381 a
1368 3317 1446 3383 Jove

433 3434 554 3513 datam,
579 3457 675 3520 quum
697 3443 873 3502 nasceretur
897 3434 1051 3513 Minerva,
1073 3436 1132 3499 hoc
1146 3436 1190 3499 ita
1205 3435 1444 3520 intelligendum
1486 3470 1487 3473 ¹

432 3562 496 3631 est,
528 3577 590 3622 uon
622 3555 771 3620 contiuuo
800 3554 834 3617 in
863 3553 939 3638 ipsis
963 3553 1045 3620 Deae
1068 3553 1223 3619 natalibus
1247 3553 1305 3618 hoc
1327 3554 1444 3618 factum

433 3694 515 3750 esse,
551 3672 605 3735 sed
640 3672 868 3757 quamprimum
901 3678 973 3757 post
1005 3680 1110 3737 natam
1142 3671 1256 3749 Deam,
1288 3695 1386 3757 quum
1417 3672 1444 3736 ei

433 3812 518 3867 sacra
541 3788 655 3853 Rhodii
679 3790 841 3862 tulissent:
866 3789 936 3854 vide
960 3812 993 3853 vs
1019 3792 1070 3855 79.

478 3910 530 3971 65.
567 3908 744 3988 'Amatorem
781 3906 844 3970 Alii
876 3907 1094 3972 Prometheum
1125 3908 1260 3972 adfuisse
1288 3907 1361 3980 lovi
1388 3908 1447 3973 Mi·

433 4043 557 4085 nervam
573 4022 704 4104 parienti
720 4021 838 4098 dixere,
855 4021 908 4086 alii
923 4022 1035 4096 alium:
1053 4023 1122 4091 vide
1138 4023 1269 4087 scholia:
1285 4022 1443 4087 Lucienus

431 4138 624 4206 Vulcanum:
649 4138 722 4212 dial.
747 4139 838 4204 Deor.
865 4142 894 4204 8.

481 4259 532 4322 70.
567 4256 676 4338 μάτηρ.
712 4257 813 4321 Mater
836 4258 991 4335 omnium,
1015 4281 1116 4322 rerum
1141 4261 1335 4344 procreatrix.

480 4377 531 4440 73.
567 4375 676 4453 μέλλον
691 4376 825 4444 ἔντειλεν.
861 4375 965 4442 Liberi
982 4379 1045 4443 cari
1061 4377 1140 4442 Solis
1157 4385 1229 4442 sunt
1244 4378 1303 4463 ipsi
1315 4377 1443 4457 Rhodii,

431 4494 610 4589 Tlepolemo
642 4496 849 4585 antiquiores:
883 4520 960 4584 quos
993 4498 1036 4562 sio
1067 4497 1254 4562 nominando
1286 4505 1445 4596 praeparat
