3767 5534
985 761 1049 823 286

431 971 472 1032 50
508 965 652 1029 nancisei.
672 964 815 1051 Namque
826 963 990 1027 Alcmenae
1004 965 1126 1027 fratrem
1140 962 1278 1047 spurium
1292 962 1403 1026 baculo
1415 962 1529 1026 feriens

508 1085 602 1149 durae
633 1084 731 1149 olivae
762 1084 914 1148 interfecit
941 1083 1090 1168 Tirynthe
1112 1080 1305 1167 Licymnium
1316 1132 1326 1161 ,
1352 1082 1527 1146 venientem

508 1229 524 1270 e
548 1204 690 1269 thalamis
714 1202 853 1281 Mideae,
879 1203 971 1288 hujus
996 1210 1093 1266 terrae
1117 1202 1257 1266 conditor
1281 1200 1449 1286 aliquando
1466 1202 1527 1265 ira·

507 1332 568 1389 tus.
615 1324 730 1388 Mentis
755 1323 1001 1410 perturbationes
1024 1323 1056 1387 in
1073 1344 1202 1386 errorem
1220 1321 1414 1387 abduxerunt
1434 1322 1528 1385 etiam

507 1444 686 1529 sapientem.
723 1443 811 1507 Abiit
834 1443 872 1506 ad
897 1443 997 1507 Deum
1022 1465 1152 1527 eumque
1176 1442 1342 1507 consuluit.
1386 1441 1439 1505 llli
1466 1442 1530 1505 Au·

508 1563 641 1626 ricomus
677 1585 693 1625 e
728 1562 934 1647 fragrantibus
970 1562 1177 1648 penetralibus
1212 1561 1336 1627 navium
1368 1559 1530 1625 nunciavit

432 1684 473 1746 60
511 1681 661 1746 directum
686 1704 810 1746 cursum
834 1695 852 1746 a·
874 1682 964 1746 litore
991 1680 1128 1746 Lernaeo
1147 1681 1185 1745 ad
1202 1681 1288 1745 sedes
1303 1680 1380 1745 mari
1396 1680 1528 1757 cinctas,

508 1801 563 1865 ubi
587 1799 753 1886 aliquando
776 1800 913 1866 Deorum
933 1823 1062 1887 magnus
1082 1823 1135 1865 rex
1154 1800 1278 1865 nivibus
1299 1801 1398 1864 aureis
1418 1798 1528 1863 urbem

508 1920 663 2005 irrigavit,
692 1942 790 2005 quum
813 1927 879 1983 arte
903 1919 1036 1985 Vulcani
1060 1920 1158 1984 securi
1181 1920 1278 1983 ferrea
1301 1918 1399 2004 patris
1422 1941 1439 1982 e
1463 1940 1529 1981 ver·

509 2039 570 2103 tice
600 2061 719 2103 summo
751 2038 911 2124 prosiliens
943 2039 1083 2103 Minerva
1114 2039 1258 2103 clamavit
1288 2037 1407 2123 ingenti
1434 2059 1527 2101 voce:

435 2162 475 2223 70
511 2156 639 2222 (ioelum
663 2157 748 2222 illam
771 2158 892 2223 horruit
915 2167 946 2222 et
969 2158 1063 2223 Terra
1086 2165 1191 2223 mater.
1230 2156 1425 2222 'Pometiam
1440 2156 1528 2221 Deus

511 2276 755 2362 Hyperionides‚
791 2278 844 2362 qui
879 2277 979 2342 lucem
1011 2279 1069 2342 sert
1098 2277 1297 2356 mortalibus,
1330 2298 1416 2342 caros
1447 2276 1528 2342 filios

512 2395 651 2461 debitum
680 2396 774 2482 jussit
802 2396 962 2461 observare
993 2398 1151 2476 futurum,
1179 2407 1215 2462 ut
1238 2396 1320 2462 Deae
1345 2396 1436 2483 primi
1460 2419 1530 2461 con·

513 2515 620 2579 derent
643 2538 725 2579 aram
750 2516 966 2601 conspicuam,
992 2525 1023 2580 et
1046 2539 1131 2581 sacro
1154 2517 1323 2581 constituto
1346 2516 1457 2581 decoro
1473 2515 1531 2580 Pa·

436 2639 476 2700 80
512 2636 614 2719 trique
637 2644 769 2700 mentem
791 2636 962 2701 mulcerent
979 2636 1201 2723 bellicosaeque
1218 2636 1349 2722 Virgini.
1376 2635 1531 2701 Virtutem

513 2757 613 2843 injicit
634 2763 664 2820 et
686 2756 799 2842 gaudie
814 2757 994 2822 mortalibus
1010 2758 1197 2823 Prudentiae
1213 2757 1389 2822 reverentia.
1415 2756 1532 2821 Verum

513 2878 606 2942 etiam
637 2875 743 2963 aliqua
776 2877 998 2942 inconsiderate
1028 2878 1125 2943 nubes
1154 2877 1316 2942 oblivionis
1341 2876 1476 2954 aceedit,
1502 2884 1533 2940 et

512 3005 626 3062 rectam
657 3020 759 3061 rerum
790 2997 869 3061 viam
899 2997 1049 3062 abstrahit
1081 3007 1166 3062 extra
1198 3006 1340 3062 mentem.
1387 2994 1531 3081 Namque

513 3116 561 3181 illi
584 3116 785 3181 escenderunt
807 3139 868 3180 non
893 3117 1040 3182 habentes
1065 3140 1166 3182 semen
1190 3117 1329 3181 flammae
1352 3114 1530 3180 candentis:

515 3237 714 3323 feceruntque
744 3237 838 3330 saeris
867 3238 938 3323 igne
961 3237 1136 3302 carentibus
1158 3237 1265 3301 lanum
1288 3237 1319 3300 in
1344 3256 1422 3299 arce.
1461 3233 1532 3298 Illis

437 3355 478 3418 90
515 3354 640 3441 quidem
671 3355 826 3453 adducens
857 3357 972 3422 nubem
1004 3356 1164 3421 candidam
1188 3356 1322 3420 multum
1346 3377 1456 3418 aurum
1482 3353 1532 3418 de·

514 3476 614 3539 misit:
648 3476 715 3562 ipsa
747 3489 816 3540 vero
848 3475 934 3541 dedit
962 3477 999 3541 iis
1028 3476 1168 3540 Minerva
1190 3476 1274 3540 omni
1297 3484 1360 3539 arte
1385 3495 1531 3559 superare

515 3713 659 3799 tibusque
693 3715 805 3780 similia
839 3716 903 3780 viae
937 3716 1084 3781 serebant.
1131 3715 1206 3780 Erat
1240 3714 1394 3801 profunda
1421 3713 1529 3799 gloria.

419 3837 479 3898 100
515 3832 619 3897 Petito
651 3834 742 3898 etiam
773 3837 870 3922 major
901 3836 1052 3921 sapientia
1082 3836 1148 3900 sine
1178 3835 1286 3899 hande
1309 3843 1364 3899 est.
1413 3832 1532 3897 Dicunt

515 3953 675 4018 hominum
706 3957 820 4020 vetusti
843 3979 1014 4035 sermones,
1040 3979 1137 4042 quum
1160 3965 1273 4020 terram
1295 3956 1376 4019 inter
1400 3976 1432 4018 se
1455 3952 1532 4017 divi·

517 4075 625 4139 derent
654 4073 776 4160 Jupiter
807 4083 839 4139 et
869 4076 1074 4153 immortales,
1103 4075 1242 4140 nondum
1273 4074 1469 4160 conspicuam
1499 4073 1532 4138 in

518 4194 625 4280 pelago
648 4195 766 4259 marino
789 4195 884 4260 fuisse
906 4194 1068 4275 Rhodum,
1093 4218 1198 4259 verum
1221 4195 1253 4259 in
1277 4192 1358 4258 salso
1376 4192 1532 4279 profundo

519 4313 652 4377 insulam
675 4314 812 4379 latuisse.
852 4314 996 4379 Absentis
1021 4337 1110 4379 nemo
1134 4313 1270 4379 ostendit
1292 4320 1409 4399 partem
1433 4311 1531 4376 Solis:

519 4439 549 4497 et
573 4455 642 4497 vero
665 4433 753 4498 illum
777 4435 843 4499 sine
866 4434 926 4498 loci
949 4442 1030 4499 sorte
1053 4434 1245 4519 reliquerunt
1263 4441 1403 4497 sanctum
1419 4431 1531 4497 Deum.

422 4554 483 4615 110
520 4552 706 4619 Memoranti
728 4554 851 4641 Jupiter
874 4577 983 4619 novem
1008 4555 1198 4620 sortitionem
1221 4554 1319 4619 fecere
1341 4552 1449 4617 voluit.
1475 4551 1533 4618 Ve-
