3767 5534
810 703 814 710 ’
855 712 916 773 att

378 923 458 978 tasse
489 938 540 992 ea,
572 936 649 997 quae
672 913 710 976 de
733 914 874 978 carminis
898 914 999 996 quarti
1024 922 1203 996 argumento
1227 913 1383 997 disputata

379 1056 397 1096 a
426 1032 513 1097 uobis
544 1042 633 1110 sunt,
662 1032 823 1119 rejicienda
846 1040 953 1109 erunt,
979 1039 1009 1095 et
1032 1031 1064 1095 id
1086 1054 1206 1096 carmen
1230 1031 1268 1095 ad
1292 1033 1384 1096 victo-

378 1153 453 1216 riam
472 1151 628 1236 quadrigis
644 1160 826 1236 reportatam
843 1152 1025 1237 pertinuisse
1041 1151 1215 1237 putandum
1230 1153 1297 1216 erit.
1322 1151 1380 1215 Sed

377 1270 496 1335 nullum
527 1279 739 1355 argumentum
771 1270 874 1347 video,
907 1293 1000 1356 quare
1032 1293 1068 1335 eo
1091 1293 1184 1335 numo
1208 1270 1379 1335 Psaumirlis

378 1390 502 1454 victoria
525 1390 675 1455 celebrata
696 1391 790 1455 fuisse
813 1390 1010 1454 existimetur.
1034 1390 1091 1453 Est
1109 1398 1210 1454 autem
1227 1391 1257 1454 in
1275 1391 1380 1455 eodem

377 1531 470 1574 numo
493 1511 524 1574 in
548 1510 608 1574 ima
631 1516 715 1594 parte
739 1509 862 1594 Cygnus
887 1510 933 1573 vel
957 1510 1045 1574 binae
1068 1509 1180 1573 diotae.

423 1630 451 1691 5.
487 1628 588 1709 καρδίᾳ
617 1636 747 1705 γελανεῖ.
783 1628 820 1691 In
853 1628 1105 1713 interpretatione
1138 1627 1250 1692 Latina
1273 1629 1380 1713 scripsi
1429 1705 1432 1716 Ι

376 1746 466 1811 corde
489 1746 598 1810 hilari:
628 1769 683 1811 neo
709 1748 804 1811 male:
829 1747 882 1811 sed
906 1748 1056 1831 exquisite
1079 1755 1181 1811 tamen
1205 1747 1299 1811 Poeta
1322 1748 1380 1811 hoc

377 1847 524 1931 uocabulo
550 1867 647 1930 utitur
669 1867 701 1930 in
724 1866 887 1951 Nymphae
911 1867 1057 1951 palustris
1081 1866 1299 1951 appellatione,
1321 1867 1380 1951 sig·

377 1986 501 2061 nificans
537 2008 602 2050 eam
637 1986 840 2064 hilaritatem,
877 2009 954 2072 qnae
989 2008 1058 2050 cum
1093 1985 1314 2071 tranquillitate
1349 1994 1379 2049 et

376 2104 537 2168 seueritate
560 2105 723 2190 conjuncta
745 2113 800 2169 est.
824 2104 904 2169 Nam
931 2104 1051 2169 videtur
1073 2104 1197 2169 omnino
1220 2104 1278 2168 hoc
1295 2127 1379 2169 voca·

376 2223 482 2289 bulum
506 2233 669 2310 cognatum
693 2248 758 2289 esse
780 2233 811 2289 et
834 2225 994 2309 convenire
1017 2247 1087 2289 cum
1110 2224 1302 2289 substantivo
1321 2250 1378 2303 ya-

374 2344 463 2417 λήνει
495 2366 572 2427 quae
604 2344 678 2427 quid
710 2344 877 2429 significet,
910 2344 1030 2429 egregie
1061 2367 1236 2429 expressum
1266 2352 1313 2408 est
1340 2345 1377 2409 ab

375 2460 526 2539 Homero,
563 2485 658 2547 quum
693 2462 820 2526 Fluvius
855 2463 974 2527 insulae
1007 2462 1198 2541 Phaeacum,
1234 2462 1375 2547 Ulyssem

375 2602 496 2645 servans
520 2590 550 2645 et
573 2582 739 2666 recipienS,

595 2708 707 2765 παῦσεν
730 2700 773 2764 ἑὸν
795 2699 869 2780 ῥόον,
893 2699 967 2779 ἔσχε
990 2700 1019 2763 δὲ
1041 2705 1143 2776 κῦμα,

462 2819 563 2896 πρόσθε
586 2818 615 2884 δέ
638 2820 661 2882 οἱ
685 2820 784 2893 ποίησε
806 2819 955 2900 γαλήνην,
979 2818 1027 2882 τὸν
1050 2818 1074 2882 δ’
1097 2819 1231 2883 ε’σεὶωσεν.

373 2935 433 3000 Od.
457 2936 486 2996 V
510 2939 584 3001 452.
631 2938 672 3001 Elt
702 2937 794 3001 semel
817 2943 936 3021 praeter
959 2936 1042 3001 hunc
1065 2937 1166 3001 locum
1191 2936 1375 3022 adjectivum
1460 2986 1467 3012 ,

372 3057 517 3133 γελωνὺς,
550 3064 698 3141 quantum
731 3058 810 3134 sci0,
844 3057 1009 3141 reperitur,
1042 3055 1095 3140 Py.
1119 3055 1166 3120 IV
1190 3059 1272 3133 822,
1296 3057 1374 3138 θυμῷ

371 3182 509 3250 ysnensi:
533 3177 565 3239 in
589 3198 650 3259 qno
673 3175 868 3239 memorabile
891 3183 954 3251 est,
980 3175 1132 3259 quomodo
1156 3175 1207 3239 hic
1227 3175 1264 3239 de
1280 3173 1375 3259 Nym-

372 3291 434 3375 pha
457 3293 603 3376 palustri,
628 3294 671 3357 sio
694 3293 738 3357 ibi
761 3293 799 3357 de
822 3316 891 3377 rege
915 3301 1077 3357 ventorum
1100 3292 1199 3357 Borea
1221 3293 1291 3357 dici.

418 3414 446 3475 6.
483 3412 571 3477 Dona
610 3412 721 3476 rhedae
760 3421 790 3477 et
824 3412 1013 3489 Psaumidis,
1049 3435 1127 3496 quae
1149 3412 1255 3483 ¹Poeta
1290 3413 1376 3496 quasi

371 3530 564 3595 commendat
598 3530 758 3616 Nymphae
790 3541 820 3595 et
851 3531 889 3595 ab
921 3554 957 3595 ea
988 3508 1117 3615 benigne
1149 3530 1234 3615 cupit
1263 3531 1373 3615 recipi,

371 3657 444 3713 sunt
473 3673 508 3713 ea
538 3651 604 3735 ipsa
635 3651 701 3714 laus
725 3651 887 3727 victoriae,
913 3672 1005 3736 quam
1029 3673 1062 3713 vs
1087 3653 1105 3712 2
1130 3650 1295 3735 appellavit
1319 3650 1375 3713 vir·

370 3774 473 3831 tutum
505 3780 535 3830 et
566 3789 744 3831 conorarum
775 3767 883 3832 ἄωτονε
916 3776 947 3831 et
978 3768 1131 3853 quomodo
1163 3791 1227 3833 eam
1251 3768 1371 3832 laudem

370 3885 476 3949 donari
511 3884 672 3970 Nymphae
707 3886 872 3969 significet,
909 3886 974 3971 ipse
1009 3886 1158 3971 explicat,
1194 3908 1288 3970 quum
1318 3907 1373 3969 per

370 4028 435 4069 eam
466 4007 597 4070 evexerit
629 4007 723 4069 victor
751 4007 904 4070 civitatem
927 4004 1057 4069 Numiui
1081 4027 1196 4082 caram,
1221 4027 1254 4067 vs
1279 4007 1316 4080 8,
1341 4011 1371 4067 et

370 4136 439 4189 vero
470 4125 529 4210 ipsi
560 4123 721 4210 Nymphae
751 4125 844 4189 decus
875 4125 1083 4202 constituerit,
1116 4147 1148 4187 vs
1184 4126 1240 4202 16,
1272 4123 1316 4188 τὶν
1342 4124 1371 4187 δὲ

368 4243 459 4314 κῦδος.
935 4321 939 4332 Ι

415 4361 444 4421 8.
480 4361 536 4424 urla
567 4362 622 4423 σὰν
646 4360 738 4423 πόλιν.
774 4359 889 4436 Tuam,
913 4357 972 4422 tibi
995 4358 1136 4422 dilectam
1159 4380 1319 4443 caramque
1343 4366 1373 4421 et

370 4480 580 4564 cognominem
605 4479 769 4544 civitatem.
