3767 5534
928 706 947 765 8

431 905 543 968 veniri:
568 927 664 987 quum
688 926 759 967 vero
779 904 961 967 nominatim
976 903 1109 967 hominis
1126 904 1278 970 describat
1294 906 1446 982 officium,

431 1023 596 1087 ostendens
613 1022 689 1106 quid
706 1024 746 1086 sit
760 1021 837 1102 ἀνδρὶ
854 1022 958 1104 ἐοικὸς,
976 1045 1099 1108 cansam
1115 1024 1206 1087 officii
1222 1025 1313 1088 simul
1332 1025 1446 1108 aperit,

430 1164 548 1225 nosque
580 1150 685 1228 monet
715 1141 784 1204 idco
816 1140 854 1203 de
878 1140 947 1203 Diis
971 1141 1078 1225 pulcra
1101 1141 1200 1206 dicere
1225 1143 1352 1220 debere,
1377 1143 1449 1226 quia

431 1261 570 1324 homines
594 1283 711 1323 sumus,
757 1258 868 1342 Neque
893 1260 973 1322 enim
999 1260 1025 1322 si
1048 1261 1117 1343 quis
1143 1284 1236 1345 snpra
1252 1262 1378 1325 modum
1394 1261 1449 1325 liu·

430 1402 558 1443 manum
590 1402 621 1443 se
652 1387 781 1442 conatur
813 1377 977 1455 extollere,
1009 1400 1139 1464 poenam
1170 1386 1273 1465 potest
1296 1381 1447 1464 effugere:

430 1498 462 1561 id
496 1498 578 1581 quod
610 1498 683 1561 olim
714 1498 747 1561 in
770 1497 900 1560 Tantalo
924 1498 1085 1581 apparuit,
1112 1499 1166 1582 qui
1189 1500 1450 1589 praestantissima

429 1616 555 1679 fortuna
585 1638 603 1678 a
634 1616 701 1678 Diis
726 1615 877 1693 donatus,
903 1615 988 1678 haud
1013 1634 1077 1679 eam
1102 1617 1257 1681 moderate
1280 1618 1370 1695 tulit,
1396 1617 1449 1681 sed

431 1734 576 1819 superbia
598 1734 716 1797 cladem
739 1734 866 1797 invenit.
913 1733 1029 1798 Verum
1054 1734 1086 1797 in
1110 1734 1169 1798 lroe
1192 1736 1259 1820 ipso
1283 1737 1388 1820 mytho
1409 1736 1448 1801 de

430 1853 560 1917 Tantalo
583 1853 735 1917 narrando
759 1853 912 1916 Pindarus
936 1854 1075 1937 aperuit,
1102 1854 1256 1937 quomodo
1279 1855 1345 1939 ipse
1361 1879 1445 1934 eam,

431 1991 510 2056 qnae
534 1972 621 2036 decet
644 1995 717 2048 nos,
741 1972 921 2042 modestiam
945 1972 1115 2036 retinuerit.

476 2090 798 2175 Mythumretustum
817 2092 973 2155 novimus:
995 2090 1175 2169 Tantalum,
1197 2114 1293 2177 quum
1310 2092 1447 2157 Deorum

433 2210 572 2273 convivio
595 2210 799 2287 interfuisset,
822 2210 955 2273 vicissim
976 2232 1026 2273 eos
1046 2210 1184 2274 convivio
1204 2212 1375 2296 excepisse,
1400 2234 1450 2297 ap·

434 2328 572 2413 posuisse
596 2336 699 2391 autem
717 2328 756 2391 iis
775 2328 808 2392 in
827 2351 933 2392 mensa
953 2327 1096 2413 Pelopem
1118 2351 1209 2392 suum
1229 2328 1341 2393 filium:
1363 2330 1451 2414 cujus
1501 2407 1504 2413 .

433 2447 580 2511 humerus
607 2470 703 2530 quum
728 2470 745 2510 a
768 2446 877 2511 Cerere
900 2469 1039 2511 comesus
1063 2456 1159 2524 esset,
1185 2470 1202 2511 a
1224 2448 1301 2512 Jove
1324 2471 1394 2512 eum
1418 2450 1450 2513 in

435 2566 529 2630 vitam
552 2577 727 2630 revocatum
751 2566 885 2630 eburneo
910 2566 1058 2630 donatum
1083 2589 1147 2630 esse
1171 2566 1318 2629 humero:
1340 2567 1452 2632 Tanta-

433 2686 498 2750 lum
519 2708 589 2749 vero
610 2708 708 2771 poena
727 2687 759 2750 in
779 2686 884 2750 in'feris
901 2685 1042 2751 affectum
1059 2669 1245 2770 gravissima.
1281 2686 1331 2751 Ita
1347 2688 1448 2773 vulgo

435 2807 477 2867 At
507 2804 661 2869 Pindarus
689 2805 749 2868 sic:
779 2804 924 2882 „Tantali
948 2804 1008 2882 fili,
1034 2828 1090 2890 ego
1114 2814 1161 2882 te,
1187 2814 1293 2870 contra
1316 2807 1450 2891 priores,

433 2924 580 3000 narrabo,
618 2946 713 3007 quum
748 2930 834 3007 pater
865 2932 939 2987 tuus
972 2924 1009 2987 ad
1038 2924 1244 3008 justissimum
1276 2925 1450 2989 convivium

434 3042 638 3125 dilectamque
670 3041 810 3126 Sipylum
841 3042 924 3105 Deos
956 3050 1093 3121 vocaret,
1127 3044 1260 3107 vicissim
1283 3044 1320 3106 iis
1345 3043 1451 3128 epulas

435 3161 596 3245 praebens,
616 3168 690 3224 tunc
710 3161 849 3246 rapuisse
869 3160 1051 3245 Neptunum
1073 3169 1176 3227 mente
1199 3162 1313 3226 victum
1334 3185 1451 3240 amore,

434 3288 465 3343 et
485 3302 577 3343 aureo
597 3302 688 3343 curru
711 3281 743 3343 in
764 3303 914 3344 summam
934 3280 1019 3344 Jovis
1040 3280 1199 3345 clarissimi
1216 3282 1342 3345 domum
1357 3289 1454 3345 trans·

434 3407 589 3482 portasse,
622 3420 684 3482 quo
712 3407 833 3483 postero
857 3409 995 3485 tempore
1013 3400 1102 3463 venit
1125 3400 1217 3464 etiam
1241 3400 1452 3484 Ganymedes,

433 3515 503 3579 Jovi
536 3515 633 3579 eidem
666 3518 799 3581 servitio.
846 3517 953 3597 Quum
984 3541 1047 3582 non
1078 3541 1258 3603 apparereS,
1291 3541 1391 3601 neque
1415 3519 1453 3582 ad

435 3642 561 3698 matrem
585 3643 616 3699 te
636 3636 772 3700 multum
792 3647 973 3721 quaerentes
994 3638 1133 3701 homines
1154 3637 1355 3714 adducerent,
1377 3636 1455 3701 dixit

435 3776 504 3818 mox
528 3754 704 3819 clanculum
728 3755 838 3840 aliquis
862 3780 899 3821 ex
921 3757 1034 3821 invidis
1057 3756 1183 3834 vicinis,
1208 3756 1240 3819 in
1264 3756 1331 3840 ipso
1355 3778 1454 3839 aquae

434 3874 524 3958 igneo
549 3874 664 3938 fervore
688 3874 769 3938 Deos
792 3884 847 3939 tua
870 3874 1007 3939 membra
1028 3875 1128 3938 cultro
1150 3874 1294 3938 cecidisse
1315 3896 1348 3938 ac
1368 3881 1454 3938 tuam

435 4015 557 4057 carnem
588 3994 621 4057 in
651 3995 763 4085 mensis
796 3994 989 4059 distribuisse
1013 4003 1044 4058 et
1066 3994 1243 4058 comedisse.
1290 3993 1357 4079 Ego
1381 4016 1452 4057 vero

435 4135 497 4177 non
522 4136 647 4197 possum
671 4136 856 4197 quemquam
880 4114 1017 4177 Deorum
1041 4136 1148 4178 vocare
1172 4121 1276 4177 ventre
1299 4113 1452 4177 insanien-

433 4240 512 4295 tem:
537 4231 661 4296 absum:
687 4232 802 4296 malum
825 4233 987 4317 occupavit
1010 4254 1099 4318 saepe
1122 4230 1320 4296 maledicos''
1334 4232 1358 4315 ¹)

469 4491 494 4556 1)
514 4490 552 4544 Ol,
570 4490 593 4540 Ι.
612 4490 720 4544 58-81,
754 4489 880 4560 Reliquam
898 4491 1021 4556 fabulum,
1037 4491 1237 4555 quemadmodum
1254 4505 1268 4539 a
1286 4488 1390 4544 Pindaro
1402 4504 1456 4542 aar·
