3767 5534
1017 707 1082 770 430

545 880 613 977 loco
646 909 748 987 λύτρον
783 907 821 972 de
855 906 1050 993 Tlepolemo,
1083 908 1171 993 ponit
1202 909 1234 973 in
1266 909 1421 975 laudando
1453 912 1568 977 eximio

545 1028 679 1116 praemio
699 1027 857 1105 laborum,
879 1027 963 1113 quod
979 1028 1020 1091 sit
1035 1027 1187 1092 tributum
1203 1028 1351 1107 Herculi,
1368 1029 1449 1095 Nem
1465 1030 1484 1095 I
1502 1032 1566 1095 107

649 1147 793 1223 κοιροούτοιν
814 1147 1078 1225 perducencendas
1102 1148 1231 1228 'sexbur'
1254 1147 1397 1229 ἐξαίρετον
1419 1187 1465 1199 -

650 1265 773 1343 θιιλεροὶν
793 1263 896 1342 Ἥβοιν
918 1264 1036 1329 ἄκοιτιν.

590 1381 747 1446 Praeclare
770 1390 891 1459 autem,
917 1383 1010 1446 etiam
1033 1383 1101 1468 ipso
1118 1382 1223 1448 ordine
1239 1384 1418 1471 verborum,
1436 1385 1517 1450 inter
1533 1408 1567 1449 se

544 1500 686 1585 opposita
708 1508 781 1564 sunt
802 1501 904 1581 λύτρον
927 1510 958 1565 et
980 1505 1152 1583 συμφορᾶς,
1177 1509 1207 1566 et
1230 1502 1344 1582 οθιιτρῖις
1368 1512 1399 1567 ct
1422 1504 1533 1581 νιινιού.

589 1618 785 1705 Tlepolemus
808 1620 842 1683 in
867 1620 950 1685 bello
974 1619 1107 1706 Trojano
1130 1643 1149 1684 6
1170 1619 1347 1706 Sarpedone
1367 1622 1486 1687 occisus
1502 1632 1565 1701 est,

545 1746 576 1801 et
598 1759 710 1823 corpus
735 1739 800 1823 ejus
824 1757 860 1802 ex
884 1738 1001 1822 proelio
1019 1737 1205 1816 abductum,
1223 1748 1259 1803 ut
1273 1748 1378 1804 narret
1392 1739 1564 1819 Homerus,

545 1855 583 1920 ΙΙ.
609 1855 636 1916 V
661 1858 744 1933 659,
770 1858 844 1919 666.
881 1855 958 1941 Ejus
983 1874 1055 1921 ossa
1078 1856 1109 1921 in
1128 1858 1259 1942 patrium
1274 1856 1420 1923 Rhodum
1436 1858 1566 1923 reducta

542 1976 638 2040 luisse
660 1975 754 2039 tradit
777 1975 943 2040 scholiasta
967 1977 1127 2040 recentior.

589 2094 676 2174 Quae
711 2101 814 2158 autem
849 2107 896 2159 est
927 2094 1000 2159 hoec
1034 2095 1117 2180 apud
1151 2094 1322 2160 Pindarum
1353 2096 1563 2180 compensatio

545 2213 618 2277 deta
640 2212 842 2298 Tlepolemo?
866 2214 892 2277 si
915 2214 985 2298 ipsa
1009 2214 1101 2279 verba
1124 2221 1316 2299 spectemus,
1340 2213 1419 2278 nihil
1443 2213 1482 2277 de
1496 2214 1563 2299 ejus

485 2423 487 2425 V
546 2331 665 2415 reliqua
687 2330 790 2395 Rhodi
813 2340 936 2417 peracte
959 2332 1023 2402 vita
1045 2340 1250 2411 memoratur,
1275 2352 1331 2397 nec
1352 2339 1434 2397 recte
1450 2332 1482 2396 in
1499 2352 1562 2395 uno

547 2451 664 2515 scholio
696 2459 797 2515 vetere
828 2460 874 2515 est
904 2453 1033 2531 λυτήριον
1066 2461 1119 2526 τῆς
1142 2456 1297 2532 συμφορᾶς
1320 2453 1373 2524 τὴν
1396 2449 1562 2529 μετοίκησιν

547 2577 621 2651 unct
643 2570 692 2635 xci
717 2572 769 2644 τὴν
793 2570 891 2635 οιύτθθι
916 2575 968 2634 τού
991 2570 1057 2647 βίον
1081 2570 1239 2649 θιντριβύν.
1285 2568 1397 2654 Neque
1420 2570 1503 2634 enim
1518 2570 1561 2633 ita

546 2689 609 2753 dici
639 2691 776 2775 potuerit
805 2691 906 2769 λύτρον
937 2686 1058 2754 θοτοιτοοι
1087 2688 1180 2770 ύοτερ
1205 2690 1267 2771 θεῷ.
1314 2688 1404 2753 Nihil
1427 2710 1446 2752 ν
1469 2687 1563 2752 Poeta

545 2810 578 2873 in
610 2830 645 2873 ee
676 2832 709 2873 rs
740 2817 928 2873 memoratur
960 2816 1080 2893 praeter
1112 2808 1242 2872 honores
1271 2807 1404 2872 tributos
1428 2814 1560 2871 mortuo.

547 2926 608 2991 Sed
638 2936 719 2991 certe
751 2926 773 2990 ii
806 2947 868 2990 non
898 2926 1006 2991 tributi
1031 2926 1181 3003 fuissent,
1205 2924 1265 2989 nisi
1289 2926 1377 2989 vivus
1401 2923 1561 2989 condenda

547 3046 670 3111 civitate
682 3045 885 3110 inclaruisset.
911 3046 1015 3129 Atque
1027 3065 1063 3109 ee
1073 3044 1140 3107 laus
1153 3065 1186 3107 vs
1201 3045 1243 3107 54
1250 3044 1313 3129 jem
1325 3050 1493 3108 memorato
1504 3048 1559 3119 est,

548 3173 579 3230 et
602 3164 660 3229 hoc
684 3164 751 3228 loco
775 3164 925 3249 repetitur
948 3162 1104 3227 vocabulis
1128 3162 1279 3241 Τιρυνθίων
1298 3160 1471 3244 θρχοιγύτρ.
1507 3158 1561 3223 lu

548 3283 606 3348 cile
636 3284 732 3368 igitur
764 3293 826 3360 est,
852 3282 940 3365 qussi
958 3301 1002 3346 ex
1026 3280 1248 3367 posterioribus
1271 3281 1371 3365 iisque
1394 3278 1560 3364 majoribus

547 3401 709 3479 leudibus,
738 3402 853 3486 quippe
875 3400 1006 3491 divinis,
1030 3398 1137 3463 laudes
1161 3400 1241 3463 vitae
1264 3416 1390 3484 magnas
1410 3398 1507 3462 luisse
1519 3398 1560 3461 in·

547 3521 702 3606 telligere:
728 3519 781 3584 sed
805 3519 832 3583 si
855 3519 1052 3603 grammatice
1076 3518 1180 3583 locum
1205 3517 1410 3602 explicamus,
1433 3516 1561 3604 sileptur

549 3640 616 3704 hae.
653 3638 720 3704 Nec
743 3662 777 3702 vs
804 3642 865 3702 145
891 3639 1068 3724 conjunctio
1091 3664 1125 3703 τε
1149 3637 1295 3701 sacrificia
1315 3636 1441 3720 copulat
1456 3654 1487 3700 et
1503 3656 1562 3699 cer·

550 3759 666 3822 tamine
689 3780 759 3821 cum
781 3758 1046 3843 compensatione,
1071 3776 1149 3841 quae
1172 3778 1210 3819 vs.
1233 3759 1294 3819 141
1309 3762 1514 3820 memoratur:
1529 3775 1561 3817 66

550 3876 618 3959 ipse
647 3876 854 3961 compensatio
886 3876 947 3939 fuit
978 3875 1195 3939 sacrificiorum
1225 3881 1256 3939 et
1282 3874 1506 3938 certaminum:
1529 3893 1560 3937 τε

552 3994 751 4079 conjungitur
777 4015 847 4057 cum
871 3994 936 4071 κού,
961 4000 991 4057 ct
1015 3993 1063 4057 his
1086 3992 1355 4079 conjunctionibus
1377 3991 1561 4076 copulantur

551 4113 632 4178 inter
662 4135 694 4176 se
717 4112 821 4189 μύλων
844 4112 954 4189 τορτθο
978 4118 1008 4175 et
1032 4113 1128 4190 κρίσις.
1174 4111 1288 4187 Ποροντθι
1311 4109 1342 4173 h.
1366 4110 1387 4174 l.
1412 4109 1494 4173 idem
1516 4116 1559 4172 est

553 4253 588 4296 ec
610 4233 709 4309 θνοθοι,
733 4253 786 4315 per
809 4229 1038 4315 synecdochen,
1061 4236 1098 4293 ut
1120 4229 1209 4293 facile
1225 4228 1427 4313 intelligitur.

598 4349 716 4414 Similia
739 4358 813 4413 sunt
835 4349 896 4413 alia
919 4350 1074 4434 exemplo,
1100 4349 1184 4412 velut
1207 4346 1342 4411 Miltiadi
1358 4356 1482 4411 mortuo
1499 4358 1563 4423 Χερ·

552 4474 700 4541 νονννοῑτιιι
732 4468 842 4551 θύοντι,
873 4470 910 4539 ὡς
933 4467 1017 4545 νθριος
1040 4468 1166 4549 οἰκθντρ,
1191 4466 1241 4531 rai
1264 4466 1368 4543 θνύνοι
1391 4466 1509 4531 ύττιιιθν
1527 4488 1562 4529 τε
