3767 5534
1031 685 1096 789 nal
1194 736 1198 742 ·

603 924 676 988 Sero
699 926 758 989 boc
781 948 901 990 carmen
926 951 943 990 a
967 927 1061 991 Poeta
1085 929 1192 992 victori
1215 927 1322 992 datum
1347 952 1430 1007 esse,
1448 940 1576 1015 apparet

560 1050 590 1107 et
620 1066 655 1107 ex
688 1045 829 1120 exordio,
854 1054 885 1108 et
908 1069 924 1109 e
949 1069 981 1109 vs
1010 1050 1068 1109 101
1096 1056 1126 1111 et
1150 1070 1183 1109 rs
1210 1050 1283 1110 122.
1330 1048 1440 1112 Eidem
1464 1050 1574 1113 uictori

559 1164 705 1247 scriptum
731 1170 777 1227 est
800 1186 920 1228 carmen
945 1165 1034 1229 breve
1059 1163 1109 1229 Ol.
1134 1152 1192 1229 XI.
1220 1166 1289 1230 dam
1307 1189 1378 1231 vero
1394 1189 1575 1253 comparans

557 1281 590 1344 in
614 1281 671 1346 hoo
696 1283 827 1347 carmine
843 1282 938 1347 Poeta
955 1284 1061 1367 poesin
1079 1306 1148 1348 cum
1166 1283 1289 1362 debito,
1308 1307 1372 1349 eam
1390 1286 1574 1369 ignomiam,

547 1392 648 1484 'quam
680 1399 783 1464 debito
814 1424 876 1465 non
908 1401 1010 1465 soluto
1038 1402 1070 1465 in
1095 1425 1127 1466 se
1150 1402 1338 1481 admisisset,
1363 1404 1488 1470 foenore
1511 1404 1576 1468 red·

559 1516 659 1583 dendo
684 1517 779 1583 deleri
803 1519 949 1597 affirmat,
978 1543 1012 1583 vs
1039 1524 1096 1584 12:
1121 1521 1190 1585 ideo
1214 1523 1247 1585 in
1271 1522 1426 1588 veteribus
1448 1522 1575 1587 scholiis

557 1647 603 1702 est
636 1638 796 1722 explicatio
821 1621 913 1715 baec,
937 1637 1118 1723 Olympium
1140 1639 1338 1703 undecimum
1362 1640 1435 1704 hnic
1456 1640 1576 1705 decimo

407 1762 411 1772 ‘
491 1827 493 1830 ¹
556 1780 574 1820 a
604 1756 699 1820 Poeta
728 1757 815 1840 quasi
845 1757 953 1821 faenus
984 1758 1137 1843 adjectum
1168 1744 1273 1822 luisse.
1320 1758 1404 1822 Hinc
1427 1760 1520 1823 etiam
1544 1760 1575 1823 in

555 1876 754 1960 inscriptione
785 1874 835 1940 Ol.
867 1875 915 1939 XI
945 1884 1046 1940 ortum
1078 1884 1125 1941 est
1157 1877 1189 1941 in
1222 1878 1308 1941 libris
1333 1877 1576 1944 additamentum

557 1994 657 2072 adcor,
682 1994 764 2078 qnod
788 1996 820 2058 in
845 1997 1042 2059 annotatione
1066 1996 1171 2060 critica
1187 1998 1435 2061 memoravimus.
1461 1996 1575 2061 Varum

554 2112 586 2175 id
610 2136 671 2176 non
695 2114 739 2176 ita
763 2136 827 2177 esse
851 2113 984 2178 videtur.
1032 2114 1100 2177 Hoc
1127 2115 1229 2199 ipsum
1248 2137 1372 2179 carmen
1396 2115 1567 2193 decimam,

560 2241 623 2295 arte
647 2234 767 2316 egregia
791 2232 1000 2309 elaboratum,
1026 2256 1043 2295 a
1067 2231 1161 2296 Poeta
1184 2232 1274 2297 credo
1299 2234 1464 2318 significari
1479 2234 1575 2298 debiti
1616 2304 1629 2312 ,

560 2350 743 2413 solutionem
769 2372 837 2413 cum
863 2350 996 2413 foenore.
1045 2350 1252 2414 Undecimum
1277 2361 1379 2416 antem
1403 2360 1486 2417 rect-e
1503 2353 1577 2417 scri·

557 2468 602 2532 bit
634 2467 773 2553 Heynins
807 2470 944 2553 potuisse
969 2468 1006 2531 ad
1031 2470 1121 2533 aliam
1146 2470 1303 2534 victoriam
1328 2470 1576 2555 pertinere,'po-

558 2587 654 2650 tuisse
678 2586 715 2650 ad
740 2586 882 2650 eandem:
907 2588 1043 2671 potuisse
1067 2610 1137 2652 cnm
1160 2588 1277 2651 decimo
1297 2588 1396 2665 mitti,
1413 2596 1571 2672 tamquam

556 2704 716 2789 epistolam
736 2727 818 2788 qnae
841 2704 920 2768 illud
946 2706 1188 2784 commendaret,
1213 2706 1350 2790 potuisse
1373 2707 1466 2769 etiam
1487 2706 1571 2791 prius

482 2821 484 2826 ’
556 2824 648 2887 mitti.
695 2823 888 2887 Postremum
920 2824 1184 2888 verosimillimum
1215 2846 1280 2887 esse
1310 2831 1431 2888 statuo:
1458 2824 1569 2909 qnippe

555 2951 678 3027 accepto
710 2945 839 3006 recentis
872 2944 1014 3006 victoriae
1042 2944 1157 3007 nuncio
1180 2942 1349 3006 Pindarum
1372 2942 1566 3007 undecimum

554 3083 677 3125 carmen
710 3060 869 3126 donavisse
900 3062 1028 3125 victori:
1062 3070 1093 3125 at
1123 3069 1260 3147 tempore
1287 3062 1471 3146 interposito
1495 3061 1568 3125 deci·

555 3202 650 3244 mum.
686 3183 790 3263 Atque
813 3180 904 3243 etiam
930 3178 1103 3243 Boeckhius
1126 3187 1157 3243 et
1182 3178 1361 3265 postillam
1377 3172 1512 3244 editores
1526 3200 1568 3243 or·

555 3297 658 3362 dinem
681 3305 858 3375 mutarunt,
878 3308 914 3361 et
937 3320 1059 3361 carmen
1083 3297 1150 3373 XI,
1175 3298 1290 3382 quippe
1313 3304 1455 3381 tempore
1471 3298 1568 3382 prins,

555 3428 626 3481 ante
649 3417 678 3479 Χ
703 3423 882 3501 posuerunt.
930 3414 1022 3495 Quod
1047 3423 1147 3479 antem
1172 3415 1315 3479 nonnulli
1335 3416 1568 3492 existimarunt,

553 3536 585 3598 in
625 3534 787 3598 undecimo
823 3557 857 3597 vs
896 3538 934 3597 14
971 3556 1092 3598 carmen
1128 3535 1286 3624 promitti,
1326 3555 1453 3617 eamque
1489 3532 1570 3619 polli-

553 3654 730 3718 citationem
767 3653 869 3716 dando
908 3652 1025 3716 decimo
1065 3653 1215 3737 expletam
1255 3674 1337 3728 esse,
1380 3652 1411 3715 id
1451 3652 1571 3736 quidem

553 3794 616 3835 non
647 3772 691 3834 ita
722 3794 786 3834 esse
818 3771 965 3846 arbitror,
1000 3792 1035 3834 aa
1066 3770 1103 3837 de
1136 3792 1171 3835 ca
1202 3768 1404 3854 explicatione
1429 3791 1485 3833 suo
1507 3770 1571 3833 loco

557 3890 730 3976 disputabo.

601 4008 639 4071 In
663 4007 868 4092 Inscriptione
892 4008 924 4070 in
949 4006 1135 4091 quibusdam
1160 4005 1247 4069 libris
1267 4004 1411 4069 additum
1430 4027 1496 4068 esse
1511 4004 1572 4082 ’Ap-

556 4127 723 4208 χεστράτου
757 4126 837 4190 παιδὶ
872 4124 986 4207 πύκτῃ,
1020 4126 1053 4189 in
1084 4124 1152 4188 a'liia
1178 4124 1259 4188 παιδὶ
1287 4120 1402 4202 πύκτῃ,
1427 4144 1486 4186 sno
1509 4122 1572 4186 loco

557 4244 742 4308 monuimus.
779 4242 919 4307 Fortasse
942 4243 1093 4327 posterius
1119 4264 1153 4305 cx
1174 4242 1275 4325 priore
1291 4246 1392 4304 ortum
1410 4248 1474 4306 est:
1494 4245 1570 4303 certe

557 4361 775 4447 Agesidamum
810 4362 842 4425 in
873 4362 977 4446 pueris
1008 4372 1138 4424 certasse
1169 4380 1225 4422 nec
1256 4364 1377 4422 constat
1408 4379 1466 4422 nco
1500 4356 1571 4422 mihi

555 4481 679 4545 videtur
708 4479 883 4564 probabile,
908 4502 963 4543 nec
986 4478 1097 4543 idonea
1114 4499 1211 4541 eausa
1235 4476 1272 4541 ab
1296 4474 1420 4561 Heynio
1443 4474 1570 4544 afficitur
