3767 5534
978 740 1041 803 260

502 944 655 1030 epitheto,
681 941 766 1027 quod
789 941 850 1006 aeri
873 941 1038 1020 tribuitur,
1063 941 1148 1005 velut
1172 940 1265 1006 Hom.
1282 941 1320 1006 Il.
1338 940 1436 1007 XVII
1454 943 1518 1005 592

501 1063 698 1145 κεκορυθμένος
721 1062 816 1128 uldoeri
839 1063 959 1142 χαλκῷ.

547 1188 578 1247 4.
613 1188 743 1255 Πλοῦτος
775 1182 967 1267 significatur
991 1180 1129 1266 supellex
1153 1181 1303 1266 pretiosa,
1327 1180 1455 1246 nra‘ccru:
1490 1180 1522 1245 cf

499 1300 550 1366 01.
582 1300 634 1365 ΙΙΙ
667 1304 727 1379 75,
756 1299 807 1365 Ol.
833 1299 898 1363 VII
924 1303 953 1365 7.
990 1299 1186 1386 Adjectivum
1208 1299 1345 1380 μενοῖνωρ
1368 1320 1432 1363 nou
1456 1298 1517 1363 alio

498 1422 681 1507 cujusquam
705 1421 859 1506 scriptoris
884 1421 952 1484 loco
976 1443 1024 1484 me
1048 1419 1149 1505 legere
1174 1420 1309 1485 memini.
1358 1418 1518 1485 Praeclare

499 1542 624 1605 omnino
648 1542 686 1605 de
710 1540 825 1605 divitiis
850 1542 947 1605 sensit
963 1540 1131 1618 Pindarus,
1157 1562 1235 1624 quae
1252 1540 1418 1604 multarum
1435 1562 1518 1626 mag-

500 1683 669 1745 narumque
700 1683 802 1726 rerum
835 1660 1012 1727 facultatem
1044 1661 1210 1747 praebeant
1241 1668 1271 1724 et
1302 1660 1340 1725 ad
1372 1660 1519 1725 eximium

501 1803 592 1843 usum
615 1780 762 1844 incitent:
788 1780 819 1844 cl
839 1778 890 1844 01.
915 1780 951 1844 Π
975 1782 1027 1845 96.
1073 1780 1142 1844 Ηοο
1165 1791 1267 1844 tamen
1291 1779 1359 1843 loco
1382 1785 1519 1843 tantum·

500 1898 591 1963 modo
613 1899 715 1985 ipsum
740 1900 939 1985 magnificum
963 1899 1156 1984 splendorem
1181 1898 1345 1984 significari
1369 1897 1471 1962 credo.

546 2021 575 2083 5.
611 2019 793 2104 Praeposuit
816 2019 912 2084 Poeta
933 2042 1029 2104 aquae
1045 2019 1174 2104 aurique
1190 2017 1427 2104 praestantiam,
1446 2040 1517 2082 cum

500 2160 535 2201 ea
565 2146 796 2222 comparaturus
829 2145 983 2203 certamen
1015 2135 1230 2223 Olympicum:
1260 2160 1366 2201 verum
1390 2138 1454 2222 jam
1479 2135 1517 2200 ad

499 2258 644 2342 majorem
676 2258 931 2341 comparationem
966 2257 1064 2321 fertur
1095 2256 1168 2320 solis
1199 2256 1315 2342 ipsius,
1347 2255 1402 2339 qui
1433 2254 1517 2318 solus

499 2376 583 2441 lucet
613 2376 767 2454 interdiu,
800 2376 914 2462 fugatis
947 2400 963 2440 e
995 2383 1163 2462 conspectu
1195 2375 1346 2440 sideribus
1370 2374 1515 2458 reliquis:

498 2492 530 2555 id
554 2494 635 2557 enim
660 2502 704 2557 est
728 2495 818 2575 ἐρήμη
842 2496 940 2575 κῖθήρ,
965 2517 1096 2558 vacuum
1120 2493 1271 2558 sideribus
1295 2492 1426 2558 coelum.

546 2615 596 2676 13.
633 2611 795 2676 Certamen
824 2611 1039 2698 Olympicum,
1063 2613 1134 2677 Jovi
1157 2620 1385 2690 consecratum,
1408 2610 1516 2675 Jovem

499 2754 607 2796 canere
633 2731 740 2817 jubet:
774 2730 824 2796 Ol.
857 2731 892 2795 ΙΙ
923 2736 944 2795 4
976 2729 1036 2809 ἦνον
1067 2733 1148 2797 Πίσον
1177 2732 1229 2810 μὲν
1261 2732 1340 2798 Διό.
1387 2729 1518 2795 Carmen

500 2852 719 2936 circumjicitur
749 2851 892 2916 cordibus
924 2852 1127 2937 sapientium,
1160 2852 1180 2915 i.
1213 2874 1239 2915 e.
1272 2857 1452 2936 poetarum,
1484 2856 1519 2912 ut

500 2992 605 3033 eorum
634 2970 726 3035 corda
749 2971 781 3033 id
806 2970 893 3054 quasi
916 2970 1062 3049 audiant,
1087 2971 1107 3034 i.
1133 2993 1159 3035 e.
1184 2978 1219 3034 ut
1243 2970 1302 3055 ipsi
1326 2971 1391 3055 ejus
1415 2967 1520 3032 memi-

500 3090 611 3153 nerint.
655 3090 765 3168 ’Ὗμνος
797 3096 901 3152 autem
931 3088 963 3153 h.
996 3089 1016 3153 l.
1050 3090 1172 3175 proprie
1205 3090 1356 3174 significat
1379 3087 1411 3152 id
1436 3086 1518 3173 quod

500 3207 669 3271 canendum
688 3214 751 3284 est,
769 3207 912 3271 carminis
928 3208 1102 3272 materiem:
1122 3207 1166 3272 sic
1182 3208 1274 3272 etiam
1290 3206 1372 3292 apud
1386 3205 1520 3291 Aeschy-

499 3325 583 3404 lum,
608 3324 746 3411 Choepb.
771 3329 847 3391 475.
884 3326 941 3389 Est
963 3328 989 3390 is
1013 3327 1148 3412 hymnus
1171 3328 1275 3412 ipsum
1297 3325 1431 3391 κελαδεῖν
1452 3323 1519 3406 Kpd

501 3468 546 3510 νου
577 3444 684 3511 uuida.
730 3454 828 3519 Μῆτις
861 3445 898 3508 de
930 3444 1021 3509 corde
1045 3454 1151 3529 poetae
1175 3447 1267 3510 etiam
1291 3444 1405 3508 dicitur
1428 3440 1519 3506 Nem.

504 3562 556 3626 ΙΠ
581 3566 632 3627 15.
669 3561 749 3627 Cum
772 3570 838 3628 tota
861 3570 965 3627 autem
988 3564 1082 3649 hujus
1105 3564 1165 3628 loci
1189 3563 1323 3628 dictione
1347 3570 1378 3626 et
1401 3567 1522 3626 senten·

504 3683 547 3746 tia
571 3683 745 3748 conferatur
768 3680 858 3747 Nem.
883 3681 949 3746 VII
976 3685 1026 3747 16.

549 3804 601 3866 16.
636 3801 790 3880 ἱκομένους.
837 3802 962 3866 'hausit
993 3802 1092 3865 oratio
1123 3801 1249 3887 perinde
1279 3823 1313 3865 ac
1337 3800 1363 3864 si
1386 3820 1521 3884 praeces·

501 3922 590 3985 sisset
613 3927 727 4002 σοφοῖς,
752 3920 835 4005 quod
859 3920 935 3985 latet
958 3921 991 3984 in
1013 3925 1111 4003 σοφῶν
1131 3922 1277 3999 μητίεσσι.
1318 3918 1519 3984 Accusativus

502 4047 604 4104 autem
641 4040 674 4103 in
708 4039 887 4125 hujusmodi
918 4040 1073 4118 oratioue,
1107 4038 1306 4104 antecedente
1337 4037 1397 4102 alio
1428 4059 1519 4115 casu,

504 4180 648 4244 persaepe
679 4160 752 4244 poni
783 4158 878 4223 solet:
914 4159 958 4223 sic
988 4158 1043 4244 Py.
1075 4157 1110 4222 ΙΙ
1142 4162 1182 4223 41
1215 4158 1327 4239 βροτοῖς
1354 4155 1452 4234 λέγειν
1475 4192 1522 4204 -

503 4278 706 4359 ἐποιχομένους
737 4279 874 4344 elvardus.
921 4277 1065 4362 Xenoph.
1098 4278 1197 4342 Anab.
1230 4276 1267 4342 L.
1295 4276 1348 4340 ΙΠ
1377 4275 1412 4340 C.
1441 4273 1475 4339 Π
1500 4278 1519 4338 2

505 4395 596 4472 ἔδοξεν
619 4400 717 4470 αὐτοῖς
742 4437 787 4448 -
802 4402 1055 4474 κοινκονήοοοντοος
1071 4405 1243 4475 συγκαλεῖν.
1268 4396 1402 4482 Copulat
1417 4404 1520 4460 autem

505 4512 617 4591 Poeta,
653 4522 815 4600 postquam
850 4515 936 4580 Joris
968 4515 1125 4592 meminit,
1158 4536 1227 4578 cum
1258 4511 1325 4576 Deo
1356 4511 1519 4589 victorem,
