<?xml version="1.0" encoding="UTF-8"?>
<!DOCTYPE html PUBLIC "-//W3C//DTD XHTML 1.0 Transitional//EN"
    "http://www.w3.org/TR/xhtml1/DTD/xhtml1-transitional.dtd">
<html xmlns="http://www.w3.org/1999/xhtml" xml:lang="en" lang="en">
 <head>
  <title>
</title>
<meta http-equiv="Content-Type" content="text/html;charset=utf-8" />
  <meta name='ocr-system' content='tesseract 3.04.00' />
  <meta name='ocr-capabilities' content='ocr_page ocr_carea ocr_par ocr_line ocrx_word'/>
</head>
<body>
  <div class='ocr_page' id='page_1' title='image "./pindaricarminao00pindgoog_0586.png"; bbox 0 0 3767 5534; ppageno 0'>
   <div class='ocr_carea' id='block_1_1' title="bbox 916 706 979 766">
    <p class='ocr_par' dir='ltr' id='par_1_1' title="bbox 916 706 979 766">
     <span class='ocr_line' id='line_1_1' title="bbox 916 706 979 766; baseline 0 -1"><span class='ocrx_word' id='word_1_1' title='bbox 916 706 979 766; x_wconf 80' lang='lat'>503</span> 
     </span>
    </p>
   </div>
   <div class='ocr_carea' id='block_1_2' title="bbox 435 905 1456 1941">
    <p class='ocr_par' dir='ltr' id='par_1_2' title="bbox 435 905 1456 1941">
     <span class='ocr_line' id='line_1_2' title="bbox 441 905 1455 993; baseline -0.003 -19"><span class='ocrx_word' id='word_1_2' title='bbox 441 910 565 977; x_wconf 84' lang='lat' dir='ltr'>tinatio:</span> <span class='ocrx_word' id='word_1_3' title='bbox 591 930 647 972; x_wconf 89' lang='lat' dir='ltr'>nec</span> <span class='ocrx_word' id='word_1_4' title='bbox 670 906 753 991; x_wconf 88' lang='lat' dir='ltr'>quod</span> <span class='ocrx_word' id='word_1_5' title='bbox 776 928 859 970; x_wconf 91' lang='lat' dir='ltr'>nnnc</span> <span class='ocrx_word' id='word_1_6' title='bbox 871 905 980 971; x_wconf 74' lang='grc' dir='ltr'><strong><em>Ἄλτιν</em></strong></span> <span class='ocrx_word' id='word_1_7' title='bbox 996 905 1087 983; x_wconf 85' lang='lat' dir='ltr'>dicit,</span> <span class='ocrx_word' id='word_1_8' title='bbox 1105 906 1187 971; x_wconf 87' lang='lat' dir='ltr'>idem</span> <span class='ocrx_word' id='word_1_9' title='bbox 1203 917 1248 971; x_wconf 89' lang='lat' dir='ltr'>est</span> <span class='ocrx_word' id='word_1_10' title='bbox 1264 908 1346 993; x_wconf 90' lang='lat' dir='ltr'>quod</span> <span class='ocrx_word' id='word_1_11' title='bbox 1364 909 1455 973; x_wconf 91' lang='lat' dir='ltr'>modo</span> 
     </span>
     <span class='ocr_line' id='line_1_3' title="bbox 441 1022 1456 1110; baseline 0 -18"><span class='ocrx_word' id='word_1_12' title='bbox 441 1028 517 1092; x_wconf 72' lang='lat' dir='ltr'>(linit</span> <span class='ocrx_word' id='word_1_13' title='bbox 539 1025 644 1098; x_wconf 76' lang='grc' dir='ltr'><strong><em>ύλοοοι</em></strong></span> <span class='ocrx_word' id='word_1_14' title='bbox 670 1047 773 1093; x_wconf 81' lang='lat' dir='ltr'>verum</span> <span class='ocrx_word' id='word_1_15' title='bbox 796 1022 886 1095; x_wconf 74' lang='grc' dir='ltr'><strong><em>ἄλσος</em></strong></span> <span class='ocrx_word' id='word_1_16' title='bbox 913 1032 960 1089; x_wconf 86' lang='lat' dir='ltr'>est</span> <span class='ocrx_word' id='word_1_17' title='bbox 982 1024 1067 1089; x_wconf 86' lang='lat' dir='ltr'>locus</span> <span class='ocrx_word' id='word_1_18' title='bbox 1084 1025 1261 1104; x_wconf 86' lang='lat' dir='ltr'>universus,</span> <span class='ocrx_word' id='word_1_19' title='bbox 1279 1050 1370 1110; x_wconf 89' lang='lat' dir='ltr'>quem</span> <span class='ocrx_word' id='word_1_20' title='bbox 1385 1026 1456 1092; x_wconf 83' lang='lat' dir='ltr'>Jovi</span> 
     </span>
     <span class='ocr_line' id='line_1_4' title="bbox 440 1142 1452 1211; baseline -0.002 0"><span class='ocrx_word' id='word_1_21' title='bbox 440 1144 588 1211; x_wconf 89' lang='lat' dir='ltr'>Hercules</span> <span class='ocrx_word' id='word_1_22' title='bbox 626 1144 829 1209; x_wconf 87' lang='lat' dir='ltr'>consecravit:</span> <span class='ocrx_word' id='word_1_23' title='bbox 868 1143 901 1206; x_wconf 91' lang='lat' dir='ltr'>in</span> <span class='ocrx_word' id='word_1_24' title='bbox 935 1142 994 1206; x_wconf 93' lang='lat' dir='ltr'>hoc</span> <span class='ocrx_word' id='word_1_25' title='bbox 1032 1142 1100 1207; x_wconf 88' lang='lat' dir='ltr'>loco</span> <span class='ocrx_word' id='word_1_26' title='bbox 1135 1145 1309 1210; x_wconf 75' lang='lat' dir='ltr'>terminavit</span> <span class='ocrx_word' id='word_1_27' title='bbox 1345 1146 1452 1211; x_wconf 81' lang='lat' dir='ltr'>Altin:</span> 
     </span>
     <span class='ocr_line' id='line_1_5' title="bbox 436 1261 1455 1351; baseline -0.003 -20"><span class='ocrx_word' id='word_1_28' title='bbox 436 1266 592 1351; x_wconf 83' lang='lat' dir='ltr'>reliquum</span> <span class='ocrx_word' id='word_1_29' title='bbox 624 1285 694 1327; x_wconf 83' lang='lat' dir='ltr'>vero</span> <span class='ocrx_word' id='word_1_30' title='bbox 724 1285 882 1347; x_wconf 88' lang='lat' dir='ltr'>campum,</span> <span class='ocrx_word' id='word_1_31' title='bbox 914 1262 970 1346; x_wconf 92' lang='lat' dir='ltr'>qui</span> <span class='ocrx_word' id='word_1_32' title='bbox 997 1261 1121 1347; x_wconf 88' lang='lat' dir='ltr'>quidem</span> <span class='ocrx_word' id='word_1_33' title='bbox 1144 1271 1223 1326; x_wconf 88' lang='lat' dir='ltr'>esset</span> <span class='ocrx_word' id='word_1_34' title='bbox 1245 1265 1324 1328; x_wconf 84' lang='lat' dir='ltr'>sacri</span> <span class='ocrx_word' id='word_1_35' title='bbox 1347 1262 1455 1336; x_wconf 73' lang='grc' dir='ltr'><strong><em>ἄλσεος</em></strong></span> 
     </span>
     <span class='ocr_line' id='line_1_6' title="bbox 437 1380 1453 1471; baseline -0.002 -22"><span class='ocrx_word' id='word_1_36' title='bbox 437 1408 524 1471; x_wconf 82' lang='lat' dir='ltr'>pars,</span> <span class='ocrx_word' id='word_1_37' title='bbox 549 1384 664 1448; x_wconf 90' lang='lat' dir='ltr'>circum</span> <span class='ocrx_word' id='word_1_38' title='bbox 687 1382 774 1446; x_wconf 86' lang='lat' dir='ltr'>Altin</span> <span class='ocrx_word' id='word_1_39' title='bbox 799 1381 873 1457; x_wconf 89' lang='lat' dir='ltr'>sita,</span> <span class='ocrx_word' id='word_1_40' title='bbox 899 1381 997 1445; x_wconf 87' lang='lat' dir='ltr'>voluit</span> <span class='ocrx_word' id='word_1_41' title='bbox 1014 1403 1079 1444; x_wconf 87' lang='lat' dir='ltr'>esse</span> <span class='ocrx_word' id='word_1_42' title='bbox 1095 1380 1311 1447; x_wconf 86' lang='lat' dir='ltr'>deversorium.</span> <span class='ocrx_word' id='word_1_43' title='bbox 1348 1382 1453 1465; x_wconf 85' lang='lat' dir='ltr'>Atque</span> 
     </span>
     <span class='ocr_line' id='line_1_7' title="bbox 437 1498 1455 1585; baseline -0.004 -17"><span class='ocrx_word' id='word_1_44' title='bbox 437 1503 506 1568; x_wconf 89' lang='lat' dir='ltr'>ideo</span> <span class='ocrx_word' id='word_1_45' title='bbox 540 1501 693 1567; x_wconf 79' lang='lat' dir='ltr'><strong>Pindarus</strong></span> <span class='ocrx_word' id='word_1_46' title='bbox 728 1507 891 1585; x_wconf 79' lang='lat' dir='ltr'><strong>postquam</strong></span> <span class='ocrx_word' id='word_1_47' title='bbox 923 1500 1057 1583; x_wconf 90' lang='lat' dir='ltr'>primum</span> <span class='ocrx_word' id='word_1_48' title='bbox 1089 1498 1168 1563; x_wconf 80' lang='lat' dir='ltr'><strong>dixit</strong></span> <span class='ocrx_word' id='word_1_49' title='bbox 1198 1499 1236 1564; x_wconf 89' lang='lat' dir='ltr'>de</span> <span class='ocrx_word' id='word_1_50' title='bbox 1267 1502 1362 1564; x_wconf 89' lang='lat' dir='ltr'>totius</span> <span class='ocrx_word' id='word_1_51' title='bbox 1397 1501 1455 1564; x_wconf 94' lang='lat' dir='ltr'>loci</span> 
     </span>
     <span class='ocr_line' id='line_1_8' title="bbox 436 1615 1454 1702; baseline -0.003 -17"><span class='ocrx_word' id='word_1_52' title='bbox 436 1620 679 1697; x_wconf 85' lang='lat' dir='ltr'>consecratione,</span> <span class='ocrx_word' id='word_1_53' title='bbox 703 1618 852 1701; x_wconf 90' lang='lat' dir='ltr'>reliquam</span> <span class='ocrx_word' id='word_1_54' title='bbox 876 1617 1045 1681; x_wconf 91' lang='lat' dir='ltr'>orationem</span> <span class='ocrx_word' id='word_1_55' title='bbox 1065 1615 1170 1681; x_wconf 86' lang='lat' dir='ltr'>divisit</span> <span class='ocrx_word' id='word_1_56' title='bbox 1186 1617 1454 1702; x_wconf 85' lang='lat' dir='ltr'>conjunctionibus</span> 
     </span>
     <span class='ocr_line' id='line_1_9' title="bbox 435 1735 1453 1817; baseline -0.002 -14"><span class='ocrx_word' id='word_1_57' title='bbox 435 1740 489 1817; x_wconf 75' lang='grc' dir='ltr'>μὲν</span> <span class='ocrx_word' id='word_1_58' title='bbox 511 1746 543 1803; x_wconf 91' lang='lat' dir='ltr'>et</span> <span class='ocrx_word' id='word_1_59' title='bbox 563 1737 604 1805; x_wconf 76' lang='grc' dir='ltr'>δέ,</span> <span class='ocrx_word' id='word_1_60' title='bbox 639 1737 874 1804; x_wconf 85' lang='lat' dir='ltr'>Consecratione</span> <span class='ocrx_word' id='word_1_61' title='bbox 897 1745 1000 1801; x_wconf 90' lang='lat' dir='ltr'>autem</span> <span class='ocrx_word' id='word_1_62' title='bbox 1017 1736 1181 1801; x_wconf 79' lang='lat' dir='ltr'><strong>Herculem</strong></span> <span class='ocrx_word' id='word_1_63' title='bbox 1199 1737 1291 1799; x_wconf 90' lang='lat' dir='ltr'>etiam</span> <span class='ocrx_word' id='word_1_64' title='bbox 1307 1735 1453 1801; x_wconf 82' lang='lat' dir='ltr'>Cronium</span> 
     </span>
     <span class='ocr_line' id='line_1_10' title="bbox 435 1855 1453 1941; baseline -0.003 -18"><span class='ocrx_word' id='word_1_65' title='bbox 435 1866 467 1923; x_wconf 88' lang='lat' dir='ltr'>et</span> <span class='ocrx_word' id='word_1_66' title='bbox 499 1859 601 1924; x_wconf 87' lang='lat' dir='ltr'>locum</span> <span class='ocrx_word' id='word_1_67' title='bbox 633 1857 754 1941; x_wconf 80' lang='lat' dir='ltr'>Alpheo</span> <span class='ocrx_word' id='word_1_68' title='bbox 784 1856 844 1940; x_wconf 85' lang='lat' dir='ltr'>ipsi</span> <span class='ocrx_word' id='word_1_69' title='bbox 874 1855 1011 1940; x_wconf 84' lang='lat' dir='ltr'>proxime</span> <span class='ocrx_word' id='word_1_70' title='bbox 1042 1855 1231 1940; x_wconf 87' lang='lat' dir='ltr'>adjacentem</span> <span class='ocrx_word' id='word_1_71' title='bbox 1261 1856 1453 1941; x_wconf 84' lang='lat' dir='ltr'>complexum</span> 
     </span>
    </p>
   </div>
   <div class='ocr_carea' id='block_1_3' title="bbox 437 1975 1449 2175">
    <p class='ocr_par' dir='ltr' id='par_1_3' title="bbox 437 1975 1449 2175">
     <span class='ocr_line' id='line_1_11' title="bbox 437 1975 964 2060; baseline -0.004 -19"><span class='ocrx_word' id='word_1_72' title='bbox 437 1977 531 2042; x_wconf 86' lang='lat' dir='ltr'>fuisse</span> <span class='ocrx_word' id='word_1_73' title='bbox 555 1975 684 2060; x_wconf 84' lang='lat' dir='ltr'>conjicio</span> <span class='ocrx_word' id='word_1_74' title='bbox 707 1997 725 2038; x_wconf 89' lang='lat' dir='ltr'>e</span> <span class='ocrx_word' id='word_1_75' title='bbox 747 1996 797 2037; x_wconf 85' lang='lat' dir='ltr'>vse</span> <span class='ocrx_word' id='word_1_76' title='bbox 822 1975 964 2040; x_wconf 80' lang='lat'>58-60.</span> 
     </span>
     <span class='ocr_line' id='line_1_12' title="bbox 482 2089 1449 2175; baseline -0.002 -18"><span class='ocrx_word' id='word_1_77' title='bbox 482 2096 534 2159; x_wconf 79' lang='lat'>57.</span> <span class='ocrx_word' id='word_1_78' title='bbox 570 2094 603 2158; x_wconf 81' lang='grc' dir='ltr'>τὸ</span> <span class='ocrx_word' id='word_1_79' title='bbox 626 2094 723 2173; x_wconf 80' lang='grc' dir='ltr'><strong><em>κύκλῳ</em></strong></span> <span class='ocrx_word' id='word_1_80' title='bbox 748 2092 840 2159; x_wconf 68' lang='grc' dir='ltr'><strong><em>πέδοι.</em></strong></span> <span class='ocrx_word' id='word_1_81' title='bbox 877 2090 1020 2175; x_wconf 89' lang='lat' dir='ltr'>Xenoph.</span> <span class='ocrx_word' id='word_1_82' title='bbox 1046 2090 1145 2157; x_wconf 86' lang='lat' dir='ltr'>Anah.</span> <span class='ocrx_word' id='word_1_83' title='bbox 1171 2089 1207 2154; x_wconf 89' lang='lat' dir='ltr'>L.</span> <span class='ocrx_word' id='word_1_84' title='bbox 1233 2090 1261 2152; x_wconf 90' lang='lat' dir='ltr'>V</span> <span class='ocrx_word' id='word_1_85' title='bbox 1285 2089 1319 2154; x_wconf 80' lang='grc' dir='ltr'>Ο.</span> <span class='ocrx_word' id='word_1_86' title='bbox 1345 2090 1391 2154; x_wconf 85' lang='lat' dir='ltr'>VI</span> <span class='ocrx_word' id='word_1_87' title='bbox 1408 2094 1449 2155; x_wconf 73' lang='lat'>20</span> 
     </span>
    </p>
   </div>
   <div class='ocr_carea' id='block_1_4' title="bbox 377 2212 1453 3829">
    <p class='ocr_par' dir='ltr' id='par_1_4' title="bbox 434 2212 737 2292">
     <span class='ocr_line' id='line_1_13' title="bbox 434 2212 737 2292; baseline 0.003 -16"><span class='ocrx_word' id='word_1_88' title='bbox 434 2222 486 2287; x_wconf 76' lang='grc' dir='ltr'>τῆς</span> <span class='ocrx_word' id='word_1_89' title='bbox 510 2212 606 2292; x_wconf 76' lang='grc' dir='ltr'><strong><em>κύκλοι</em></strong></span> <span class='ocrx_word' id='word_1_90' title='bbox 627 2212 737 2292; x_wconf 76' lang='grc' dir='ltr'><strong><em>χύοοις.</em></strong></span> 
     </span>
    </p>

    <p class='ocr_par' dir='ltr' id='par_1_5' title="bbox 435 2327 1453 3358">
     <span class='ocr_line' id='line_1_14' title="bbox 483 2327 1451 2412; baseline -0.004 -18"><span class='ocrx_word' id='word_1_91' title='bbox 483 2332 534 2395; x_wconf 83' lang='grc'>57.</span> <span class='ocrx_word' id='word_1_92' title='bbox 570 2329 669 2410; x_wconf 70' lang='grc' dir='ltr'>δόρπου</span> <span class='ocrx_word' id='word_1_93' title='bbox 703 2331 795 2394; x_wconf 82' lang='grc' dir='ltr'><strong><em>λύσιι.</em></strong></span> <span class='ocrx_word' id='word_1_94' title='bbox 831 2328 889 2391; x_wconf 79' lang='lat' dir='ltr'>Est</span> <span class='ocrx_word' id='word_1_95' title='bbox 923 2327 1046 2412; x_wconf 92' lang='lat' dir='ltr'>quidem</span> <span class='ocrx_word' id='word_1_96' title='bbox 1082 2349 1193 2391; x_wconf 87' lang='lat' dir='ltr'>coenae</span> <span class='ocrx_word' id='word_1_97' title='bbox 1229 2327 1451 2391; x_wconf 86' lang='lat' dir='ltr'>deversorium:</span> 
     </span>
     <span class='ocr_line' id='line_1_15' title="bbox 436 2444 1451 2515; baseline -0.003 -3"><span class='ocrx_word' id='word_1_98' title='bbox 436 2471 540 2515; x_wconf 86' lang='lat' dir='ltr'>verum</span> <span class='ocrx_word' id='word_1_99' title='bbox 561 2468 671 2512; x_wconf 81' lang='lat' dir='ltr'>coenae</span> <span class='ocrx_word' id='word_1_100' title='bbox 696 2446 844 2511; x_wconf 83' lang='lat' dir='ltr'>vocabulo</span> <span class='ocrx_word' id='word_1_101' title='bbox 867 2468 988 2510; x_wconf 92' lang='lat' dir='ltr'>omnem</span> <span class='ocrx_word' id='word_1_102' title='bbox 1012 2445 1083 2508; x_wconf 88' lang='lat' dir='ltr'>festi</span> <span class='ocrx_word' id='word_1_103' title='bbox 1107 2444 1295 2509; x_wconf 86' lang='lat' dir='ltr'>hilaritatem</span> <span class='ocrx_word' id='word_1_104' title='bbox 1314 2447 1451 2510; x_wconf 86' lang='lat' dir='ltr'>certami-</span> 
     </span>
     <span class='ocr_line' id='line_1_16' title="bbox 435 2563 1450 2649; baseline -0.005 -15"><span class='ocrx_word' id='word_1_105' title='bbox 435 2567 527 2634; x_wconf 83' lang='lat' dir='ltr'>nibus</span> <span class='ocrx_word' id='word_1_106' title='bbox 562 2566 808 2649; x_wconf 81' lang='lat' dir='ltr'>carminibusque</span> <span class='ocrx_word' id='word_1_107' title='bbox 844 2563 1017 2649; x_wconf 90' lang='lat' dir='ltr'>conjunctis</span> <span class='ocrx_word' id='word_1_108' title='bbox 1049 2564 1213 2647; x_wconf 83' lang='lat' dir='ltr'>significari</span> <span class='ocrx_word' id='word_1_109' title='bbox 1244 2563 1334 2628; x_wconf 92' lang='lat' dir='ltr'>credo</span> <span class='ocrx_word' id='word_1_110' title='bbox 1367 2588 1450 2642; x_wconf 89' lang='lat' dir='ltr'>eam,</span> 
     </span>
     <span class='ocr_line' id='line_1_17' title="bbox 435 2681 1453 2771; baseline -0.002 -22"><span class='ocrx_word' id='word_1_111' title='bbox 435 2708 514 2771; x_wconf 90' lang='lat' dir='ltr'>quae</span> <span class='ocrx_word' id='word_1_112' title='bbox 544 2708 593 2747; x_wconf 91' lang='lat' dir='ltr'>vss</span> <span class='ocrx_word' id='word_1_113' title='bbox 627 2686 756 2749; x_wconf 77' lang='lat'>70-93</span> <span class='ocrx_word' id='word_1_114' title='bbox 789 2683 961 2767; x_wconf 82' lang='lat' dir='ltr'>exponitur.</span> <span class='ocrx_word' id='word_1_115' title='bbox 1009 2681 1101 2753; x_wconf 81' lang='grc' dir='ltr'><strong><em>Λύσις</em></strong></span> <span class='ocrx_word' id='word_1_116' title='bbox 1125 2704 1142 2745; x_wconf 88' lang='lat' dir='ltr'>a</span> <span class='ocrx_word' id='word_1_117' title='bbox 1166 2682 1337 2747; x_wconf 89' lang='lat' dir='ltr'>scholiastis</span> <span class='ocrx_word' id='word_1_118' title='bbox 1361 2684 1453 2769; x_wconf 83' lang='lat' dir='ltr'>expli·</span> 
     </span>
     <span class='ocr_line' id='line_1_18' title="bbox 435 2799 1452 2880; baseline -0.001 -13"><span class='ocrx_word' id='word_1_119' title='bbox 435 2810 521 2867; x_wconf 83' lang='lat' dir='ltr'>catur</span> <span class='ocrx_word' id='word_1_120' title='bbox 556 2804 783 2880; x_wconf 78' lang='grc' dir='ltr'><strong><em>κοοτοολοτύριοι,</em></strong></span> <span class='ocrx_word' id='word_1_121' title='bbox 815 2800 1021 2877; x_wconf 75' lang='grc' dir='ltr'><strong><em>κοιτοογύγιοι,</em></strong></span> <span class='ocrx_word' id='word_1_122' title='bbox 1054 2799 1277 2866; x_wconf 85' lang='lat' dir='ltr'>deversorium:</span> <span class='ocrx_word' id='word_1_123' title='bbox 1311 2811 1341 2865; x_wconf 94' lang='lat' dir='ltr'>et</span> <span class='ocrx_word' id='word_1_124' title='bbox 1371 2810 1452 2866; x_wconf 87' lang='lat' dir='ltr'>recte</span> 
     </span>
     <span class='ocr_line' id='line_1_19' title="bbox 435 2917 1452 3003; baseline 0 -20"><span class='ocrx_word' id='word_1_125' title='bbox 435 2920 576 2984; x_wconf 92' lang='lat' dir='ltr'>omnino:</span> <span class='ocrx_word' id='word_1_126' title='bbox 608 2941 664 2983; x_wconf 90' lang='lat' dir='ltr'>nec</span> <span class='ocrx_word' id='word_1_127' title='bbox 696 2927 796 2981; x_wconf 88' lang='lat' dir='ltr'>tamen</span> <span class='ocrx_word' id='word_1_128' title='bbox 829 2917 920 2994; x_wconf 87' lang='lat' dir='ltr'>alibi,</span> <span class='ocrx_word' id='word_1_129' title='bbox 946 2925 1099 3001; x_wconf 91' lang='lat' dir='ltr'>quantum</span> <span class='ocrx_word' id='word_1_130' title='bbox 1121 2919 1201 2995; x_wconf 90' lang='lat' dir='ltr'>scio,</span> <span class='ocrx_word' id='word_1_131' title='bbox 1227 2941 1262 2982; x_wconf 90' lang='lat' dir='ltr'>ea</span> <span class='ocrx_word' id='word_1_132' title='bbox 1286 2920 1378 3003; x_wconf 90' lang='lat' dir='ltr'>hujus</span> <span class='ocrx_word' id='word_1_133' title='bbox 1402 2942 1452 2983; x_wconf 89' lang='lat' dir='ltr'>vc·</span> 
     </span>
     <span class='ocr_line' id='line_1_20' title="bbox 435 3034 1449 3122; baseline -0.002 -19"><span class='ocrx_word' id='word_1_134' title='bbox 435 3038 537 3103; x_wconf 86' lang='lat' dir='ltr'>cabuli</span> <span class='ocrx_word' id='word_1_135' title='bbox 567 3038 749 3122; x_wconf 66' lang='lat' dir='ltr'>significabo</span> <span class='ocrx_word' id='word_1_136' title='bbox 778 3045 843 3112; x_wconf 89' lang='lat' dir='ltr'>est,</span> <span class='ocrx_word' id='word_1_137' title='bbox 877 3034 930 3099; x_wconf 90' lang='lat' dir='ltr'>sed</span> <span class='ocrx_word' id='word_1_138' title='bbox 953 3036 1135 3107; x_wconf 70' lang='grc' dir='ltr'><strong><em>κοικύλιιοιιε</em></strong></span> <span class='ocrx_word' id='word_1_139' title='bbox 1161 3037 1244 3101; x_wconf 87' lang='lat' dir='ltr'>velut</span> <span class='ocrx_word' id='word_1_140' title='bbox 1269 3037 1376 3122; x_wconf 78' lang='lat' dir='ltr'>Eurip.</span> <span class='ocrx_word' id='word_1_141' title='bbox 1400 3038 1449 3101; x_wconf 85' lang='lat' dir='ltr'>El.</span> 
     </span>
     <span class='ocr_line' id='line_1_21' title="bbox 436 3153 1448 3240; baseline 0.001 -21"><span class='ocrx_word' id='word_1_142' title='bbox 436 3158 499 3221; x_wconf 76' lang='lat'>392</span> <span class='ocrx_word' id='word_1_143' title='bbox 530 3154 664 3233; x_wconf 68' lang='grc' dir='ltr'>δεξύιιεύ</span> <span class='ocrx_word' id='word_1_144' title='bbox 688 3153 769 3220; x_wconf 79' lang='grc' dir='ltr'><strong><em>οἴκοιο</em></strong></span> <span class='ocrx_word' id='word_1_145' title='bbox 792 3153 991 3229; x_wconf 62' lang='lat' dir='ltr'>mntem,</span> <span class='ocrx_word' id='word_1_146' title='bbox 1016 3154 1095 3218; x_wconf 88' lang='lat' dir='ltr'>Plat.</span> <span class='ocrx_word' id='word_1_147' title='bbox 1120 3154 1168 3219; x_wconf 92' lang='lat' dir='ltr'>De</span> <span class='ocrx_word' id='word_1_148' title='bbox 1191 3155 1286 3240; x_wconf 84' lang='lat' dir='ltr'>Legg.</span> <span class='ocrx_word' id='word_1_149' title='bbox 1313 3156 1361 3220; x_wconf 90' lang='lat' dir='ltr'>XI</span> <span class='ocrx_word' id='word_1_150' title='bbox 1385 3159 1448 3220; x_wconf 79' lang='lat'>919</span> 
     </span>
     <span class='ocr_line' id='line_1_22' title="bbox 436 3272 1292 3358; baseline 0.001 -22"><span class='ocrx_word' id='word_1_151' title='bbox 436 3296 454 3336; x_wconf 92' lang='lat' dir='ltr'>a</span> <span class='ocrx_word' id='word_1_152' title='bbox 475 3274 675 3343; x_wconf 78' lang='grc' dir='ltr'><strong><em>κοιτοολύοεοιο</em></strong></span> <span class='ocrx_word' id='word_1_153' title='bbox 697 3275 863 3349; x_wconf 74' lang='grc' dir='ltr'><strong><em>οἶγοιοικτῶς</em></strong></span> <span class='ocrx_word' id='word_1_154' title='bbox 886 3272 1060 3352; x_wconf 74' lang='grc' dir='ltr'><strong><em>δεχόμενος,</em></strong></span> <span class='ocrx_word' id='word_1_155' title='bbox 1084 3280 1117 3336; x_wconf 90' lang='lat' dir='ltr'>et</span> <span class='ocrx_word' id='word_1_156' title='bbox 1139 3296 1292 3358; x_wconf 89' lang='lat' dir='ltr'>persaepe.</span> 
     </span>
    </p>

    <p class='ocr_par' dir='ltr' id='par_1_6' title="bbox 377 3390 1450 3829">
     <span class='ocr_line' id='line_1_23' title="bbox 447 3390 1450 3477; baseline 0.002 -24"><span class='ocrx_word' id='word_1_157' title='bbox 447 3425 450 3430; x_wconf 94' lang='lat'><strong>·</strong></span> <span class='ocrx_word' id='word_1_158' title='bbox 481 3393 533 3454; x_wconf 79' lang='lat'>58.</span> <span class='ocrx_word' id='word_1_159' title='bbox 568 3393 709 3471; x_wconf 84' lang='grc' dir='ltr'><strong><em>Ἀλφεοῦ.</em></strong></span> <span class='ocrx_word' id='word_1_160' title='bbox 744 3390 900 3475; x_wconf 83' lang='lat' dir='ltr'>Alpheum</span> <span class='ocrx_word' id='word_1_161' title='bbox 916 3391 1031 3474; x_wconf 89' lang='lat' dir='ltr'>recepit</span> <span class='ocrx_word' id='word_1_162' title='bbox 1045 3391 1079 3453; x_wconf 92' lang='lat' dir='ltr'>in</span> <span class='ocrx_word' id='word_1_163' title='bbox 1094 3390 1163 3455; x_wconf 90' lang='lat' dir='ltr'>Diis</span> <span class='ocrx_word' id='word_1_164' title='bbox 1180 3391 1357 3469; x_wconf 82' lang='lat' dir='ltr'>duodecim,</span> <span class='ocrx_word' id='word_1_165' title='bbox 1372 3414 1450 3477; x_wconf 86' lang='lat' dir='ltr'>quos</span> 
     </span>
     <span class='ocr_line' id='line_1_24' title="bbox 377 3505 1448 3594; baseline 0 -19"><span class='ocrx_word' id='word_1_166' title='bbox 377 3578 380 3582; x_wconf 70' lang='grc'><em>,</em></span> <span class='ocrx_word' id='word_1_167' title='bbox 434 3509 596 3575; x_wconf 77' lang='lat' dir='ltr'>honoravit</span> <span class='ocrx_word' id='word_1_168' title='bbox 619 3509 694 3572; x_wconf 89' lang='lat' dir='ltr'>aris:</span> <span class='ocrx_word' id='word_1_169' title='bbox 718 3509 836 3586; x_wconf 73' lang='grc' dir='ltr'><strong><em>βωμοὺς</em></strong></span> <span class='ocrx_word' id='word_1_170' title='bbox 859 3505 893 3583; x_wconf 79' lang='grc' dir='ltr'>ἓξ</span> <span class='ocrx_word' id='word_1_171' title='bbox 915 3507 1046 3585; x_wconf 75' lang='grc' dir='ltr'>διδύμους</span> <span class='ocrx_word' id='word_1_172' title='bbox 1070 3508 1220 3573; x_wconf 81' lang='lat' dir='ltr'>Pindarus</span> <span class='ocrx_word' id='word_1_173' title='bbox 1244 3510 1379 3594; x_wconf 86' lang='lat' dir='ltr'>appellat</span> <span class='ocrx_word' id='word_1_174' title='bbox 1398 3509 1448 3575; x_wconf 87' lang='lat' dir='ltr'>Ol.</span> 
     </span>
     <span class='ocr_line' id='line_1_25' title="bbox 435 3626 1450 3711; baseline 0.005 -22"><span class='ocrx_word' id='word_1_175' title='bbox 435 3628 463 3689; x_wconf 87' lang='lat' dir='ltr'>V</span> <span class='ocrx_word' id='word_1_176' title='bbox 491 3631 548 3705; x_wconf 87' lang='lat'>10,</span> <span class='ocrx_word' id='word_1_177' title='bbox 573 3627 677 3711; x_wconf 86' lang='lat' dir='ltr'>ibique</span> <span class='ocrx_word' id='word_1_178' title='bbox 700 3649 717 3690; x_wconf 92' lang='lat' dir='ltr'>e</span> <span class='ocrx_word' id='word_1_179' title='bbox 741 3635 840 3691; x_wconf 87' lang='lat' dir='ltr'>vetere</span> <span class='ocrx_word' id='word_1_180' title='bbox 863 3626 979 3690; x_wconf 91' lang='lat' dir='ltr'>scholio</span> <span class='ocrx_word' id='word_1_181' title='bbox 1004 3627 1129 3691; x_wconf 92' lang='lat' dir='ltr'>nomina</span> <span class='ocrx_word' id='word_1_182' title='bbox 1147 3627 1284 3692; x_wconf 87' lang='lat' dir='ltr'>Deorum</span> <span class='ocrx_word' id='word_1_183' title='bbox 1300 3630 1450 3694; x_wconf 81' lang='lat' dir='ltr'>recensui·</span> 
     </span>
     <span class='ocr_line' id='line_1_26' title="bbox 433 3743 1449 3829; baseline 0.001 -19"><span class='ocrx_word' id='word_1_184' title='bbox 433 3767 518 3810; x_wconf 88' lang='lat' dir='ltr'>mus:</span> <span class='ocrx_word' id='word_1_185' title='bbox 551 3751 583 3809; x_wconf 87' lang='lat' dir='ltr'>et</span> <span class='ocrx_word' id='word_1_186' title='bbox 610 3744 723 3829; x_wconf 80' lang='lat' dir='ltr'>Alphei</span> <span class='ocrx_word' id='word_1_187' title='bbox 745 3743 870 3828; x_wconf 87' lang='lat' dir='ltr'>quidem</span> <span class='ocrx_word' id='word_1_188' title='bbox 894 3744 996 3808; x_wconf 87' lang='lat' dir='ltr'>cultus</span> <span class='ocrx_word' id='word_1_189' title='bbox 1021 3766 1090 3809; x_wconf 91' lang='lat' dir='ltr'>cum</span> <span class='ocrx_word' id='word_1_190' title='bbox 1115 3745 1281 3809; x_wconf 89' lang='lat' dir='ltr'>Artemidis</span> <span class='ocrx_word' id='word_1_191' title='bbox 1302 3770 1356 3810; x_wconf 85' lang='lat' dir='ltr'>ara</span> <span class='ocrx_word' id='word_1_192' title='bbox 1379 3770 1449 3811; x_wconf 91' lang='lat' dir='ltr'>con·</span> 
     </span>
    </p>
   </div>
   <div class='ocr_carea' id='block_1_5' title="bbox 431 3845 1449 3950">
    <p class='ocr_par' dir='ltr' id='par_1_7' title="bbox 431 3845 1449 3950">
     <span class='ocr_line' id='line_1_27' title="bbox 431 3845 1449 3950; baseline 0 -20"><span class='ocrx_word' id='word_1_193' title='bbox 431 3866 557 3950; x_wconf 79' lang='lat' dir='ltr'>junctus</span> <span class='ocrx_word' id='word_1_194' title='bbox 572 3864 641 3928; x_wconf 83' lang='lat' dir='ltr'>luit.</span> <span class='ocrx_word' id='word_1_195' title='bbox 665 3863 841 3931; x_wconf 80' lang='lat' dir='ltr'>‘Pausaniae</span> <span class='ocrx_word' id='word_1_196' title='bbox 858 3845 1075 3927; x_wconf 83' lang='lat' dir='ltr'>commemorat</span> <span class='ocrx_word' id='word_1_197' title='bbox 1092 3863 1204 3946; x_wconf 80' lang='lat' dir='ltr'>Alphei</span> <span class='ocrx_word' id='word_1_198' title='bbox 1215 3864 1247 3927; x_wconf 91' lang='lat' dir='ltr'>in</span> <span class='ocrx_word' id='word_1_199' title='bbox 1261 3865 1449 3930; x_wconf 83' lang='lat' dir='ltr'>Artemidem</span> 
     </span>
    </p>
   </div>
   <div class='ocr_carea' id='block_1_6' title="bbox 432 3980 1450 4543">
    <p class='ocr_par' dir='ltr' id='par_1_8' title="bbox 432 3980 1450 4543">
     <span class='ocr_line' id='line_1_28' title="bbox 433 3980 1450 4069; baseline 0.002 -23"><span class='ocrx_word' id='word_1_200' title='bbox 433 4004 584 4059; x_wconf 83' lang='lat' dir='ltr'>amorem,</span> <span class='ocrx_word' id='word_1_201' title='bbox 612 3980 649 4045; x_wconf 88' lang='lat' dir='ltr'>L.</span> <span class='ocrx_word' id='word_1_202' title='bbox 678 3980 725 4045; x_wconf 87' lang='lat' dir='ltr'>VI</span> <span class='ocrx_word' id='word_1_203' title='bbox 754 3982 788 4045; x_wconf 83' lang='lat' dir='ltr'>O.</span> <span class='ocrx_word' id='word_1_204' title='bbox 819 3982 917 4046; x_wconf 85' lang='lat' dir='ltr'>XXII</span> <span class='ocrx_word' id='word_1_205' title='bbox 945 3984 984 4045; x_wconf 70' lang='grc' dir='ltr'>ὃς</span> <span class='ocrx_word' id='word_1_206' title='bbox 1015 3981 1204 4066; x_wconf 86' lang='lat' dir='ltr'>eandemque</span> <span class='ocrx_word' id='word_1_207' title='bbox 1233 4006 1296 4047; x_wconf 88' lang='lat' dir='ltr'>rem</span> <span class='ocrx_word' id='word_1_208' title='bbox 1326 3986 1450 4069; x_wconf 85' lang='lat' dir='ltr'>attingit</span> 
     </span>
     <span class='ocr_line' id='line_1_29' title="bbox 432 4098 1447 4188; baseline 0.004 -25"><span class='ocrx_word' id='word_1_209' title='bbox 432 4099 522 4164; x_wconf 70' lang='lat' dir='ltr'>nv</span> <span class='ocrx_word' id='word_1_210' title='bbox 552 4098 587 4162; x_wconf 84' lang='grc' dir='ltr'>Ο.</span> <span class='ocrx_word' id='word_1_211' title='bbox 616 4098 694 4163; x_wconf 85' lang='lat' dir='ltr'>XIV</span> <span class='ocrx_word' id='word_1_212' title='bbox 719 4102 756 4177; x_wconf 88' lang='lat'>5,</span> <span class='ocrx_word' id='word_1_213' title='bbox 782 4101 946 4188; x_wconf 68' lang='lat' dir='ltr'>respicigns</span> <span class='ocrx_word' id='word_1_214' title='bbox 971 4122 1041 4164; x_wconf 89' lang='lat' dir='ltr'>sane</span> <span class='ocrx_word' id='word_1_215' title='bbox 1065 4100 1192 4164; x_wconf 82' lang='lat' dir='ltr'>Pindari</span> <span class='ocrx_word' id='word_1_216' title='bbox 1215 4124 1336 4166; x_wconf 90' lang='lat' dir='ltr'>carmen</span> <span class='ocrx_word' id='word_1_217' title='bbox 1360 4103 1447 4167; x_wconf 85' lang='lat' dir='ltr'>nobis</span> 
     </span>
     <span class='ocr_line' id='line_1_30' title="bbox 433 4217 1447 4303; baseline 0.003 -19"><span class='ocrx_word' id='word_1_218' title='bbox 433 4217 643 4303; x_wconf 85' lang='lat' dir='ltr'>deperditum:</span> <span class='ocrx_word' id='word_1_219' title='bbox 669 4219 802 4301; x_wconf 78' lang='grc' dir='ltr'><strong><em>Ἀλφειῷ</em></strong></span> <span class='ocrx_word' id='word_1_220' title='bbox 824 4219 874 4283; x_wconf 80' lang='grc' dir='ltr'>κού</span> <span class='ocrx_word' id='word_1_221' title='bbox 898 4219 1044 4298; x_wconf 71' lang='grc' dir='ltr'>Ἀρτέμιδι</span> <span class='ocrx_word' id='word_1_222' title='bbox 1066 4218 1174 4284; x_wconf 84' lang='grc' dir='ltr'><strong><em>ύύοοοιι</em></strong></span> <span class='ocrx_word' id='word_1_223' title='bbox 1187 4222 1237 4285; x_wconf 78' lang='grc' dir='ltr'>ἐπὶ</span> <span class='ocrx_word' id='word_1_224' title='bbox 1254 4222 1311 4292; x_wconf 81' lang='grc' dir='ltr'><em>ἑνὸς</em></span> <span class='ocrx_word' id='word_1_225' title='bbox 1327 4222 1447 4299; x_wconf 77' lang='grc' dir='ltr'><strong><em>βωμοῦ,</em></strong></span> 
     </span>
     <span class='ocr_line' id='line_1_31' title="bbox 432 4336 1445 4421; baseline 0.003 -19"><span class='ocrx_word' id='word_1_226' title='bbox 432 4338 465 4402; x_wconf 82' lang='grc' dir='ltr'>τὸ</span> <span class='ocrx_word' id='word_1_227' title='bbox 495 4338 524 4401; x_wconf 76' lang='grc' dir='ltr'>δὲ</span> <span class='ocrx_word' id='word_1_228' title='bbox 554 4336 643 4401; x_wconf 62' lang='lat' dir='ltr'>atrior</span> <span class='ocrx_word' id='word_1_229' title='bbox 673 4336 775 4402; x_wconf 80' lang='grc' dir='ltr'><strong><em>τούτου</em></strong></span> <span class='ocrx_word' id='word_1_230' title='bbox 805 4337 990 4419; x_wconf 75' lang='grc' dir='ltr'><strong><em>οιοιρεδύλωοὲ</em></strong></span> <span class='ocrx_word' id='word_1_231' title='bbox 1013 4361 1068 4402; x_wconf 79' lang='grc' dir='ltr'>που</span> <span class='ocrx_word' id='word_1_232' title='bbox 1093 4339 1142 4402; x_wconf 81' lang='grc' dir='ltr'>κού</span> <span class='ocrx_word' id='word_1_233' title='bbox 1167 4338 1303 4420; x_wconf 73' lang='grc' dir='ltr'><strong><em>Πίιδοιρος</em></strong></span> <span class='ocrx_word' id='word_1_234' title='bbox 1327 4342 1355 4404; x_wconf 87' lang='grc' dir='ltr'>εἰι</span> <span class='ocrx_word' id='word_1_235' title='bbox 1379 4341 1445 4421; x_wconf 69' lang='grc' dir='ltr'>ᾠδῇ.</span> 
     </span>
     <span class='ocr_line' id='line_1_32' title="bbox 434 4455 1445 4543; baseline 0 -22"><span class='ocrx_word' id='word_1_236' title='bbox 434 4456 482 4522; x_wconf 85' lang='lat' dir='ltr'>De</span> <span class='ocrx_word' id='word_1_237' title='bbox 505 4455 669 4522; x_wconf 83' lang='lat' dir='ltr'>fluviorum</span> <span class='ocrx_word' id='word_1_238' title='bbox 685 4455 800 4519; x_wconf 85' lang='lat' dir='ltr'>honore</span> <span class='ocrx_word' id='word_1_239' title='bbox 816 4457 993 4542; x_wconf 84' lang='lat' dir='ltr'>scripsimus</span> <span class='ocrx_word' id='word_1_240' title='bbox 1009 4456 1048 4520; x_wconf 84' lang='lat' dir='ltr'>ad</span> <span class='ocrx_word' id='word_1_241' title='bbox 1064 4455 1114 4521; x_wconf 84' lang='lat'>01.</span> <span class='ocrx_word' id='word_1_242' title='bbox 1132 4456 1175 4534; x_wconf 78' lang='lat' dir='ltr'>V,</span> <span class='ocrx_word' id='word_1_243' title='bbox 1193 4480 1261 4542; x_wconf 84' lang='lat' dir='ltr'>pag.</span> <span class='ocrx_word' id='word_1_244' title='bbox 1280 4462 1342 4521; x_wconf 77' lang='lat'>352</span> <span class='ocrx_word' id='word_1_245' title='bbox 1362 4481 1445 4543; x_wconf 82' lang='lat' dir='ltr'>seqq.</span> 
     </span>
    </p>
   </div>
   <div class='ocr_carea' id='block_1_7' title="bbox 0 0 1888 5534">
    <p class='ocr_par' dir='ltr' id='par_1_9' title="bbox 0 0 1888 5534">
     <span class='ocr_line' id='line_1_33' title="bbox 0 0 1888 5534; baseline 0 1"><span class='ocrx_word' id='word_1_246' title='bbox 0 0 1888 5534; x_wconf 95' lang='lat' dir='ltr'> </span> 
     </span>
    </p>
   </div>
  </div>
 </body>
</html>
