3767 5534
928 734 969 790 ab

485 926 545 990 Sed
580 928 696 991 ratione
731 930 898 992 carminum
935 932 1087 1014 egregia-m
1118 931 1240 1015 pietatis
1271 933 1457 996 sententiam

439 1045 569 1108 maxime
600 1046 840 1110 commendavit:
874 1070 973 1131 neque
1000 1049 1097 1126 enim,
1122 1070 1309 1132 quamquam
1332 1050 1371 1113 ad
1397 1051 1458 1114 vic·

439 1171 519 1227 tores
550 1166 701 1242 scribens,
733 1166 764 1228 in
797 1166 861 1229 ullo
894 1167 1026 1230 carmine
1058 1190 1108 1230 eos
1132 1168 1175 1230 ita
1198 1167 1353 1244 laudavit,
1378 1169 1457 1252 quin

437 1280 519 1344 Deos
550 1292 687 1360 ornaret,
720 1291 750 1345 et
777 1283 814 1345 ad
840 1284 976 1348 Deorum
1000 1284 1146 1349 honorem
1171 1286 1314 1349 victoriae
1337 1286 1458 1371 praedi·

437 1401 587 1464 rationem
624 1402 721 1465 valere
757 1402 856 1465 vellet.
904 1402 1076 1466 Theronem
1112 1402 1320 1467 celebraturus
1343 1404 1456 1489 incipit

436 1520 601 1584 continno:
625 1518 792 1598 „Citharae
815 1520 933 1584 domini
956 1522 1077 1605 hymni,
1103 1544 1193 1605 quem
1218 1521 1334 1599 Deum,
1360 1544 1454 1605 quem

436 1638 574 1715 heroem,
606 1660 696 1721 quem
720 1640 821 1702 virum
844 1638 1087 1704 celebrabimus?
1121 1639 1193 1704 Pisa
1217 1640 1340 1723 quidem
1365 1640 1453 1705 Jovis

435 1766 498 1834 θεῖς
527 1756 706 1843 Olympium
730 1766 884 1822 certamen
908 1759 1046 1823 instituit
1069 1758 1236 1823 Hercules:
1264 1759 1364 1824 Thero
1389 1761 1454 1825 lau·

435 1877 555 1940 dandus
578 1878 618 1941 ob
641 1878 781 1941 curulem
804 1878 995 1942 victoriam.’'
1013 1880 1035 1963 ¹)
1082 1878 1296 1943 Timodemum
1315 1877 1453 1944 Nemeae

436 1998 580 2061 victorem
605 2019 734 2062 canens:
759 1997 873 2075 „Unde
895 1997 1081 2062 Homeridae
1097 1998 1159 2062 lere
1175 1998 1347 2083 incipiunt,
1365 1998 1452 2062 Jovis

436 2138 472 2178 ex
496 2116 667 2199 prooemio,
693 2116 743 2180 hic
767 2138 890 2199 quoque
915 2116 960 2179 vir
984 2125 1158 2179 sanctorum
1176 2116 1376 2180 certaminum
1392 2117 1451 2180 vie-

432 2235 527 2298 toriae
551 2235 736 2320 principium
759 2235 876 2320 accepit
899 2235 1033 2319 primum
1055 2236 1088 2298 in
1112 2233 1257 2299 Nemeaei
1276 2235 1363 2299 Jovis
1385 2234 1453 2299 lau-

434 2353 590 2418 datissimo
619 2355 758 2438 lu003’2)
804 2355 977 2420 Praestauti
1001 2378 1070 2418 vero
1095 2356 1218 2440 pietatis
1241 2354 1334 2418 laude
1357 2354 1452 2418 Psau-

433 2472 523 2536 midis
547 2473 737 2537 Camarinaei
760 2474 918 2538 victoriam
942 2473 1110 2538 decoravit:
1131 2474 1214 2552 „Ille
1234 2482 1321 2538 tuam
1342 2473 1451 2538 urbem

436 2616 569 2678 augens,
594 2593 774 2670 Camarina,
800 2615 865 2656 aras
890 2592 936 2657 bis
961 2616 1013 2657 sex
1036 2593 1197 2657 honoravit
1221 2593 1252 2656 in
1269 2593 1354 2656 iestis
1371 2593 1451 2657 Deo·

433 2734 501 2775 rum
534 2712 691 2796 maximis,
723 2712 853 2775 victimis
886 2720 916 2775 et
947 2710 1174 2775 certaminibus.
1222 2710 1292 2775 Tibi
1319 2709 1451 2795 gloriam

433 2830 544 2894 laetam
574 2830 672 2894 victor
698 2830 823 2907 retulit,
848 2852 1002 2913 suumque
1026 2836 1144 2914 patrem
1167 2830 1319 2893 Aaronem
1342 2831 1452 2894 nunci-

434 2950 496 3014 avit
519 2948 682 3034 sedemque
705 2956 866 3013 recentem.
902 2948 1038 3014 Veniens
1059 2949 1097 3013 ab
1113 2947 1263 3013 Oenomai
1279 2954 1310 3012 et
1325 2947 1450 3033 Pelopis

432 3068 567 3133 amoenis
598 3067 738 3143 sedibus,
770 3090 788 3131 o
821 3075 924 3131 custos
949 3067 1033 3132 urbis
1057 3066 1175 3145 Pallas,
1201 3067 1283 3131 canit
1307 3074 1450 3131 sanctum

431 3194 521 3252 tuum
544 3188 666 3264 lucum,
691 3188 881 3271 fluviumque
905 3186 1024 3265 Oanin,
1050 3194 1080 3251 et
1102 3187 1206 3250 lacum
1229 3186 1361 3250 incolam
1388 3208 1450 3249 am-

432 3330 545 3391 nesque
569 3307 683 3385 claros,
708 3307 821 3391 quibus
846 3306 993 3391 Hipparis
1018 3305 1168 3391 populum
1191 3305 1367 3390 irrigat.”3)

475 3426 632 3490 Possimus
668 3433 770 3490 autem
805 3426 864 3488 hoc
898 3424 966 3489 loco
1002 3448 1067 3489 esse
1102 3426 1239 3510 copiosi,
1275 3432 1305 3488 et
1340 3424 1447 3489 afferre

431 3544 578 3629 exempla
603 3544 846 3629 quamplurima,
883 3545 996 3628 quibus
1030 3551 1192 3629 appareat,
1226 3554 1256 3607 et
1286 3545 1447 3609 referendo

432 3664 470 3729 ad
498 3664 579 3729 Deos
607 3673 745 3748 acceptas
773 3664 916 3727 victorias
945 3685 1127 3746 omnemque
1156 3663 1265 3727 laetam
1290 3663 1445 3727 fortunam

432 3786 576 3870 pietatem
608 3807 679 3868 erga
709 3784 791 3846 Deos
823 3771 1051 3847 commendasse
1081 3782 1265 3859 Pindarum,
1298 3790 1328 3847 et
1360 3805 1445 3868 spem

431 3926 533 3967 rerum
555 3902 729 3966 futurarum
754 3901 786 3964 in
807 3902 914 3965 iisdem
935 3900 1106 3986 ponendam
1127 3924 1192 3985 esse
1212 3900 1370 3965 docuisse:
1391 3900 1444 3965 sed

431 4023 544 4088 dixisse
567 4022 640 4085 satis
664 4023 721 4098 sit,
747 4043 817 4084 eum
841 4043 959 4105 semper
984 4019 1169 4105 praeclaram
1193 4018 1231 4083 de
1254 4019 1322 4083 Diis
1346 4018 1445 4102 deque

431 4143 535 4206 divino
554 4164 656 4206 rerum
676 4141 879 4205 humanarum
900 4139 1106 4203 moderamine
1126 4139 1325 4217 sententiam,
1342 4160 1446 4222 quem·

431 4261 596 4325 admodum
628 4282 694 4323 eam
723 4266 813 4323 antea
843 4258 1013 4323 describere
1045 4259 1146 4323 conati
1170 4280 1292 4334 sumus,
1319 4257 1362 4320 ita
1386 4264 1445 4320 tra-

468 4536 492 4593 n
512 4536 549 4585 or.
567 4535 607 4584 rr.
625 4534 653 4592 1,
670 4550 730 4598 seqq.
814 4535 839 4593 a)
858 4536 924 4585 aaa.
943 4535 982 4583 rr.
1002 4535 1023 4584 1.
1109 4534 1132 4595 a)
1153 4535 1188 4584 or.
1211 4536 1235 4584 a.
1255 4533 1284 4592 a,
1302 4549 1362 4599 seqq.
