3767 5534
864 454 931 515 464

621 652 689 732 πρὸς
713 654 738 718 δ’
761 655 822 737 ἐμᾷ
843 658 936 736 ψυχᾷ
959 653 1060 733 θράσος
1083 652 1171 732 ἧσται

619 771 740 847 θεοσεβῆ
762 776 851 853 φῶτα
873 770 960 836 κεδνὰ
983 771 1119 851 προέξειν·

395 911 457 974 quo
487 890 652 974 significari
682 888 818 968 videtur,
845 890 942 953 sirum
966 890 1052 975 pium
1076 898 1107 955 et
1130 890 1315 977 hospitalem
1338 913 1411 957 nac·

394 1015 497 1073 turum
529 1031 594 1073 esse
625 1015 737 1072 sortem
764 1006 888 1093 dignam
913 1030 949 1073 eo
972 1031 1089 1089 amore,
1115 1010 1300 1095 quemaliis
1324 1032 1412 1096 prae·

392 1128 512 1193 stiterit.
561 1130 663 1214 Atque
694 1128 752 1192 hoc
782 1127 910 1193 Pindari
932 1129 1001 1194 loco
1033 1130 1184 1208 συγγόνων
1206 1131 1295 1197 κεδναὶ
1316 1131 1408 1213 χάρις

391 1254 438 1311 est
468 1246 567 1312 dulcis
599 1256 629 1312 et
660 1248 709 1333 pie
741 1245 888 1312 colendus
919 1270 1004 1311 amor
1027 1249 1141 1326 nostri,
1165 1271 1258 1334 quam
1281 1270 1409 1315 consan-

390 1366 495 1451 guinei
518 1366 632 1430 mortui
655 1373 786 1430 servant.

438 1486 512 1548 106.
547 1482 655 1567 Ἰφίων.
692 1482 757 1563 Qui
779 1483 894 1548 fuerim
917 1483 1030 1570 Iphiou
1055 1493 1086 1550 et
1101 1484 1325 1565 Callimachus,
1343 1510 1403 1553 nou

390 1611 473 1667 certo
507 1610 649 1688 apparet:
686 1603 718 1666 in
749 1602 874 1667 scholiis
906 1602 985 1667 nihil
1017 1603 1202 1669 affirmatur:
1234 1605 1403 1671 secundnm

391 1720 540 1804 quosdam
572 1720 719 1785 dicuntur
741 1720 831 1786 ambo
853 1720 950 1785 fuisse
974 1722 1210 1806 consanguinei,
1234 1723 1403 1790 secundum

391 1839 467 1904 alios
485 1838 600 1924 Iphion
612 1846 699 1924 pater
711 1838 943 1917 Alcimedontis,
958 1839 1165 1904 Callimachus
1178 1849 1318 1925 patruus.
1342 1841 1400 1907 Ne

387 1981 446 2043 que
467 1979 523 2043 ego
536 1956 704 2043 quidquam
717 1956 920 2021 affirmavero:
935 1980 1005 2022 vero
1019 1958 1118 2023 simile
1132 1966 1234 2024 tamen
1247 1958 1325 2026 mihi
1336 1982 1400 2026 esse

386 2076 525 2153 videtur,
557 2074 721 2160 Iphionem
751 2073 975 2139 Alcimedontis
1006 2082 1151 2160 patruum
1173 2075 1268 2141 fuisse
1291 2085 1324 2142 et
1345 2099 1400 2144 uu·

386 2196 514 2281 perrime
544 2201 718 2259 mortuum:
751 2200 869 2279 patrem
902 2192 1145 2273 Callimachum,
1177 2201 1208 2259 et
1239 2194 1397 2279 aliquanto

386 2322 476 2401 autea
499 2314 627 2378 obiisse:
652 2319 688 2377 ut
711 2311 824 2396 Iphion
850 2312 940 2376 etiam
964 2319 1030 2376 tum
1055 2312 1179 2390 vixerit,
1203 2334 1301 2397 quum
1319 2312 1399 2377 Alci·

384 2433 495 2497 medon
521 2440 673 2497 certamen
687 2430 838 2515 ¹parabat,
863 2452 947 2494 nunc
971 2451 1060 2508 vero,
1085 2431 1172 2516 qnasi
1196 2430 1331 2516 quodam
1353 2453 1397 2496 rc·

384 2552 519 2616 cautiore
542 2572 611 2615 enm
635 2549 726 2615 rebus
748 2548 917 2613 viventium
933 2548 1132 2627 commercio,
1149 2549 1232 2633 prior
1248 2549 1395 2615 nuncium

383 2668 499 2733 audiat.
546 2667 634 2748 Quae
665 2668 690 2731 si
723 2666 766 2731 ita
788 2673 879 2744 sunt,
904 2673 991 2730 tanto
1013 2666 1113 2752 majus
1137 2674 1217 2732 certe
1241 2667 1322 2751 patri
1344 2688 1395 2753 pa·

381 2788 454 2867 tris,
487 2789 609 2854 duobus
639 2786 711 2851 filiis
743 2786 878 2863 amissis,
910 2808 927 2850 e
955 2786 1075 2871 nepotis
1098 2785 1226 2850 victoria
1248 2784 1392 2850 solatium

381 2907 508 2973 exstitit.
543 2905 657 2971 Similis
681 2911 784 2970 autem
808 2904 880 2968 huic
902 2904 971 2968 loco
995 2910 1040 2969 est
1064 2901 1114 2968 01.
1145 2901 1222 2968 XIV
1249 2905 1304 2969 28.
1350 2902 1391 2969 Et

380 3027 464 3114 apud
497 3024 697 3111 Euripidem,
734 3003 889 3089 Hieraclid.
926 3025 1010 3100 320,
1045 2994 1151 3087 Iolaus
1181 3020 1391 3107 Demophouti

377 3147 520 3225 affirmat,
537 3144 696 3232 adjuvanti
709 3143 822 3209 liberos
836 3142 996 3217 Herculis,
1009 3164 1040 3205 se
1052 3149 1210 3206 mortuum
1221 3141 1387 3226 aliquando

380 3265 496 3330 Theseo
520 3271 716 3329 narraturum
739 3284 773 3326 ea
790 3260 906 3337 omnia,
925 3267 957 3324 et
972 3258 1209 3337 affirmaturum,
1222 3259 1313 3325 illum
1325 3259 1390 3344 dig·

379 3405 456 3448 num
479 3405 544 3447 essa
567 3389 653 3468 patre
678 3403 744 3444 suo.
758 3380 785 3462 1)

427 3504 500 3567 107.
536 3499 715 3578 Ἀγγελίας.
751 3497 821 3562 Hoc
851 3518 914 3561 uno
945 3495 1030 3574 loco,
1063 3502 1216 3580 quantum
1239 3495 1320 3574 seio,
1345 3502 1389 3561 est

379 3620 464 3685 Deae
491 3620 598 3685 instar.
637 3616 770 3682 Videtur
793 3638 828 3680 ea
849 3614 998 3679 nuncium
1022 3614 1100 3678 ferre
1123 3614 1156 3677 in
1178 3613 1311 3691 inferos,
1334 3613 1389 3676 ior·

381 3748 461 3804 tasse
492 3737 606 3803 idcirco
637 3735 782 3800 Mercurii
813 3734 876 3798 filia
906 3732 1005 3797 dicta:
1037 3738 1139 3796 tamen
1170 3730 1276 3795 eodem
1301 3730 1389 3796 modo

381 3858 466 3923 Echo
497 3857 530 3921 id
561 3856 657 3919 facere
689 3845 809 3917 dicitur
833 3850 884 3916 Ol.
916 3849 1004 3915 XIV.
1052 3849 1191 3934 Heynius
1221 3849 1388 3923 existimat,

382 3977 544 4064 Iphionem
578 3982 735 4041 mortuum
767 3996 831 4038 esse
862 3994 898 4036 eo
928 3979 1082 4056 tempore,
1111 3966 1195 4053 quod
1226 3967 1286 4032 fuit
1315 3967 1388 4032 inter

419 4252 444 4313 1)
469 4251 496 4299 Si
513 4248 609 4314 qnidam
626 4247 660 4297 ibi
679 4245 806 4311 legandum
823 4248 859 4294 ast
875 4247 931 4297 ὅταν
947 4247 1013 4295 θάνω.
