<?xml version="1.0" encoding="UTF-8"?>
<!DOCTYPE html PUBLIC "-//W3C//DTD XHTML 1.0 Transitional//EN"
    "http://www.w3.org/TR/xhtml1/DTD/xhtml1-transitional.dtd">
<html xmlns="http://www.w3.org/1999/xhtml" xml:lang="en" lang="en">
 <head>
  <title>
</title>
<meta http-equiv="Content-Type" content="text/html;charset=utf-8" />
  <meta name='ocr-system' content='tesseract 3.04.00' />
  <meta name='ocr-capabilities' content='ocr_page ocr_carea ocr_par ocr_line ocrx_word'/>
</head>
<body>
  <div class='ocr_page' id='page_1' title='image "./pindaricarminao00pindgoog_0081.png"; bbox 0 0 3767 5534; ppageno 0'>
   <div class='ocr_carea' id='block_1_1' title="bbox 913 734 952 796">
    <p class='ocr_par' dir='ltr' id='par_1_1' title="bbox 913 734 952 796">
     <span class='ocr_line' id='line_1_1' title="bbox 913 734 952 796; baseline 0.026 -1"><span class='ocrx_word' id='word_1_1' title='bbox 913 734 952 796; x_wconf 80' lang='lat'><strong>57</strong></span> 
     </span>
    </p>
   </div>
   <div class='ocr_carea' id='block_1_2' title="bbox 432 922 1497 4337">
    <p class='ocr_par' dir='ltr' id='par_1_2' title="bbox 456 922 1441 1259">
     <span class='ocr_line' id='line_1_2' title="bbox 456 922 1436 1021; baseline -0.01 -23"><span class='ocrx_word' id='word_1_2' title='bbox 456 932 559 1017; x_wconf 48' lang='lat' dir='ltr'><strong>nuqua,</strong></span> <span class='ocrx_word' id='word_1_3' title='bbox 581 943 739 1021; x_wconf 77' lang='lat' dir='ltr'><strong>captantes</strong></span> <span class='ocrx_word' id='word_1_4' title='bbox 761 934 866 999; x_wconf 86' lang='lat' dir='ltr'><strong>inania</strong></span> <span class='ocrx_word' id='word_1_5' title='bbox 888 955 942 1019; x_wconf 90' lang='lat' dir='ltr'><strong>spe</strong></span> <span class='ocrx_word' id='word_1_6' title='bbox 966 930 1083 997; x_wconf 54' lang='lat' dir='ltr'><strong>irrita?</strong></span> <span class='ocrx_word' id='word_1_7' title='bbox 1097 930 1122 1014; x_wconf 88' lang='grc'><strong>1)</strong></span> <span class='ocrx_word' id='word_1_8' title='bbox 1158 930 1260 1013; x_wconf 77' lang='lat' dir='ltr'><strong>Atque</strong></span> <span class='ocrx_word' id='word_1_9' title='bbox 1279 928 1313 991; x_wconf 91' lang='lat' dir='ltr'><strong>in</strong></span> <span class='ocrx_word' id='word_1_10' title='bbox 1332 922 1436 990; x_wconf 93' lang='lat' dir='ltr'><strong>eodem</strong></span> 
     </span>
     <span class='ocr_line' id='line_1_3' title="bbox 456 1049 1441 1140; baseline -0.008 -25"><span class='ocrx_word' id='word_1_11' title='bbox 456 1051 575 1132; x_wconf 86' lang='lat' dir='ltr'><strong>carmine,</strong></span> <span class='ocrx_word' id='word_1_12' title='bbox 595 1061 759 1140; x_wconf 90' lang='lat' dir='ltr'><strong>postquam</strong></span> <span class='ocrx_word' id='word_1_13' title='bbox 782 1052 958 1138; x_wconf 80' lang='lat' dir='ltr'><strong>Aesculapii</strong></span> <span class='ocrx_word' id='word_1_14' title='bbox 978 1049 1152 1135; x_wconf 81' lang='lat' dir='ltr'><strong>superbiam</strong></span> <span class='ocrx_word' id='word_1_15' title='bbox 1169 1066 1357 1133; x_wconf 88' lang='lat' dir='ltr'><strong>poenamque</strong></span> <span class='ocrx_word' id='word_1_16' title='bbox 1373 1066 1441 1108; x_wconf 88' lang='lat' dir='ltr'><strong>nar·</strong></span> 
     </span>
     <span class='ocr_line' id='line_1_4' title="bbox 456 1170 726 1259; baseline 0.033 -30"><span class='ocrx_word' id='word_1_17' title='bbox 456 1170 529 1249; x_wconf 78' lang='lat' dir='ltr'><strong>ravit,</strong></span> <span class='ocrx_word' id='word_1_18' title='bbox 548 1172 706 1259; x_wconf 82' lang='lat' dir='ltr'><strong>subjungit</strong></span> <span class='ocrx_word' id='word_1_19' title='bbox 719 1199 726 1237; x_wconf 77' lang='grc' dir='ltr'>ι</span> 
     </span>
    </p>

    <p class='ocr_par' dir='ltr' id='par_1_3' title="bbox 598 1291 943 1372">
     <span class='ocr_line' id='line_1_5' title="bbox 598 1291 943 1372; baseline -0.003 -16"><span class='ocrx_word' id='word_1_20' title='bbox 598 1295 658 1372; x_wconf 70' lang='grc' dir='ltr'><strong>χρὴ</strong></span> <span class='ocrx_word' id='word_1_21' title='bbox 680 1292 722 1357; x_wconf 73' lang='grc' dir='ltr'><strong>τὰ</strong></span> <span class='ocrx_word' id='word_1_22' title='bbox 744 1291 858 1357; x_wconf 71' lang='grc' dir='ltr'><strong>ἐοικότα</strong></span> <span class='ocrx_word' id='word_1_23' title='bbox 883 1292 943 1371; x_wconf 72' lang='grc' dir='ltr'><strong>ταν</strong></span> 
     </span>
    </p>

    <p class='ocr_par' dir='ltr' id='par_1_4' title="bbox 597 1405 1215 1488">
     <span class='ocr_line' id='line_1_6' title="bbox 597 1405 1215 1488; baseline -0.008 -14"><span class='ocrx_word' id='word_1_24' title='bbox 597 1409 737 1488; x_wconf 71' lang='grc' dir='ltr'><strong>δαιμόνων</strong></span> <span class='ocrx_word' id='word_1_25' title='bbox 759 1408 946 1488; x_wconf 78' lang='grc' dir='ltr'><em>μαστευέμεν</em></span> <span class='ocrx_word' id='word_1_26' title='bbox 969 1408 1088 1476; x_wconf 78' lang='grc' dir='ltr'><em>θναταῖς</em></span> <span class='ocrx_word' id='word_1_27' title='bbox 1112 1405 1215 1487; x_wconf 73' lang='grc' dir='ltr'><em>Φνετὶ,</em></span> 
     </span>
    </p>

    <p class='ocr_par' dir='ltr' id='par_1_5' title="bbox 598 1521 1272 1611">
     <span class='ocr_line' id='line_1_7' title="bbox 598 1521 1272 1611; baseline -0.012 -17"><span class='ocrx_word' id='word_1_28' title='bbox 598 1528 708 1606; x_wconf 73' lang='grc' dir='ltr'><em>ννὸντα</em></span> <span class='ocrx_word' id='word_1_29' title='bbox 730 1530 765 1594; x_wconf 74' lang='grc' dir='ltr'><strong>τὸ</strong></span> <span class='ocrx_word' id='word_1_30' title='bbox 786 1529 847 1607; x_wconf 73' lang='grc' dir='ltr'><strong>τὰρ</strong></span> <span class='ocrx_word' id='word_1_31' title='bbox 869 1526 970 1611; x_wconf 70' lang='grc' dir='ltr'>ποδὸς,</span> <span class='ocrx_word' id='word_1_32' title='bbox 994 1524 1054 1599; x_wconf 79' lang='grc' dir='ltr'><em>οἵας</em></span> <span class='ocrx_word' id='word_1_33' title='bbox 1077 1524 1156 1603; x_wconf 80' lang='grc' dir='ltr'><em>εἰμὲν</em></span> <span class='ocrx_word' id='word_1_34' title='bbox 1177 1521 1272 1593; x_wconf 69' lang='grc' dir='ltr'><em>αἴσας.</em></span> 
     </span>
    </p>

    <p class='ocr_par' dir='ltr' id='par_1_6' title="bbox 444 1635 1443 2561">
     <span class='ocr_line' id='line_1_8' title="bbox 489 1635 1443 1728; baseline -0.003 -23"><span class='ocrx_word' id='word_1_35' title='bbox 489 1643 591 1720; x_wconf 89' lang='lat' dir='ltr'><strong>„Decet</strong></span> <span class='ocrx_word' id='word_1_36' title='bbox 610 1645 822 1710; x_wconf 90' lang='lat' dir='ltr'><strong>convenientia</strong></span> <span class='ocrx_word' id='word_1_37' title='bbox 840 1653 942 1711; x_wconf 91' lang='lat' dir='ltr'><strong>mente</strong></span> <span class='ocrx_word' id='word_1_38' title='bbox 962 1643 1085 1708; x_wconf 81' lang='lat' dir='ltr'><strong>mortali</strong></span> <span class='ocrx_word' id='word_1_39' title='bbox 1096 1635 1221 1728; x_wconf 74' lang='lat' dir='ltr'><strong>‘precari</strong></span> <span class='ocrx_word' id='word_1_40' title='bbox 1242 1664 1260 1705; x_wconf 89' lang='lat' dir='ltr'><strong>a</strong></span> <span class='ocrx_word' id='word_1_41' title='bbox 1279 1640 1362 1714; x_wconf 86' lang='lat' dir='ltr'><strong>Diis,</strong></span> <span class='ocrx_word' id='word_1_42' title='bbox 1383 1661 1443 1703; x_wconf 90' lang='lat' dir='ltr'><strong>me·</strong></span> 
     </span>
     <span class='ocr_line' id='line_1_9' title="bbox 453 1759 1443 1851; baseline -0.006 -24"><span class='ocrx_word' id='word_1_43' title='bbox 453 1779 543 1827; x_wconf 83' lang='lat' dir='ltr'><strong>meren</strong></span> <span class='ocrx_word' id='word_1_44' title='bbox 571 1765 617 1829; x_wconf 87' lang='lat' dir='ltr'><strong>rei</strong></span> <span class='ocrx_word' id='word_1_45' title='bbox 647 1766 832 1850; x_wconf 88' lang='lat' dir='ltr'><strong>praesentis,</strong></span> <span class='ocrx_word' id='word_1_46' title='bbox 860 1766 949 1851; x_wconf 89' lang='lat' dir='ltr'><strong>cujus</strong></span> <span class='ocrx_word' id='word_1_47' title='bbox 977 1764 1066 1828; x_wconf 88' lang='lat' dir='ltr'><strong>sortis</strong></span> <span class='ocrx_word' id='word_1_48' title='bbox 1091 1763 1195 1827; x_wconf 88' lang='lat' dir='ltr'><strong>simus.</strong></span> <span class='ocrx_word' id='word_1_49' title='bbox 1243 1759 1309 1838; x_wconf 91' lang='lat' dir='ltr'><strong>Ne,</strong></span> <span class='ocrx_word' id='word_1_50' title='bbox 1334 1781 1352 1822; x_wconf 95' lang='lat' dir='ltr'><strong>o</strong></span> <span class='ocrx_word' id='word_1_51' title='bbox 1374 1780 1443 1822; x_wconf 87' lang='lat' dir='ltr'><strong>mea</strong></span> 
     </span>
     <span class='ocr_line' id='line_1_10' title="bbox 452 1879 1440 1963; baseline -0.004 -18"><span class='ocrx_word' id='word_1_52' title='bbox 452 1898 532 1959; x_wconf 82' lang='lat' dir='ltr'><strong>mens,</strong></span> <span class='ocrx_word' id='word_1_53' title='bbox 562 1884 656 1947; x_wconf 82' lang='lat' dir='ltr'><strong>vitam</strong></span> <span class='ocrx_word' id='word_1_54' title='bbox 685 1884 888 1949; x_wconf 89' lang='lat' dir='ltr'><strong>immortalem</strong></span> <span class='ocrx_word' id='word_1_55' title='bbox 920 1883 1045 1961; x_wconf 81' lang='lat' dir='ltr'><strong>affecta,</strong></span> <span class='ocrx_word' id='word_1_56' title='bbox 1078 1881 1129 1946; x_wconf 91' lang='lat' dir='ltr'><strong>sed</strong></span> <span class='ocrx_word' id='word_1_57' title='bbox 1158 1880 1190 1943; x_wconf 93' lang='lat' dir='ltr'><strong>id</strong></span> <span class='ocrx_word' id='word_1_58' title='bbox 1213 1879 1320 1944; x_wconf 85' lang='lat' dir='ltr'><strong>molire</strong></span> <span class='ocrx_word' id='word_1_59' title='bbox 1343 1900 1440 1963; x_wconf 88' lang='lat' dir='ltr'><strong>opus,</strong></span> 
     </span>
     <span class='ocr_line' id='line_1_11' title="bbox 453 1999 1441 2086; baseline -0.002 -26"><span class='ocrx_word' id='word_1_60' title='bbox 453 1999 515 2078; x_wconf 86' lang='lat' dir='ltr'><strong>quod</strong></span> <span class='ocrx_word' id='word_1_61' title='bbox 535 2002 677 2085; x_wconf 87' lang='lat' dir='ltr'><strong>perficere</strong></span> <span class='ocrx_word' id='word_1_62' title='bbox 698 2001 828 2086; x_wconf 87' lang='lat' dir='ltr'><strong>possis.”</strong></span> <span class='ocrx_word' id='word_1_63' title='bbox 840 2003 875 2086; x_wconf 63' lang='grc'><strong>2)</strong></span> <span class='ocrx_word' id='word_1_64' title='bbox 916 2001 1075 2085; x_wconf 86' lang='lat' dir='ltr'><strong>Simplicia</strong></span> <span class='ocrx_word' id='word_1_65' title='bbox 1094 2000 1169 2063; x_wconf 91' lang='lat' dir='ltr'><strong>haec</strong></span> <span class='ocrx_word' id='word_1_66' title='bbox 1188 2003 1350 2084; x_wconf 89' lang='lat' dir='ltr'><strong>praecepta</strong></span> <span class='ocrx_word' id='word_1_67' title='bbox 1368 2005 1441 2059; x_wconf 89' lang='lat' dir='ltr'><strong>sunt</strong></span> 
     </span>
     <span class='ocr_line' id='line_1_12' title="bbox 451 2111 1441 2205; baseline 0 -28"><span class='ocrx_word' id='word_1_68' title='bbox 451 2111 478 2179; x_wconf 92' lang='lat' dir='ltr'><strong>de</strong></span> <span class='ocrx_word' id='word_1_69' title='bbox 495 2119 697 2184; x_wconf 88' lang='lat' dir='ltr'><strong>continentia:</strong></span> <span class='ocrx_word' id='word_1_70' title='bbox 722 2120 774 2183; x_wconf 90' lang='lat' dir='ltr'><strong>sed</strong></span> <span class='ocrx_word' id='word_1_71' title='bbox 798 2119 873 2205; x_wconf 90' lang='lat' dir='ltr'><strong>quid</strong></span> <span class='ocrx_word' id='word_1_72' title='bbox 891 2120 959 2204; x_wconf 86' lang='lat' dir='ltr'><strong>ipsa</strong></span> <span class='ocrx_word' id='word_1_73' title='bbox 978 2119 1146 2203; x_wconf 87' lang='lat' dir='ltr'><strong>simplicius</strong></span> <span class='ocrx_word' id='word_1_74' title='bbox 1167 2116 1356 2180; x_wconf 87' lang='lat' dir='ltr'><strong>continentia</strong></span> <span class='ocrx_word' id='word_1_75' title='bbox 1376 2112 1441 2178; x_wconf 79' lang='lat' dir='ltr'><strong>est?</strong></span> 
     </span>
     <span class='ocr_line' id='line_1_13' title="bbox 449 2230 1440 2320; baseline -0.005 -19"><span class='ocrx_word' id='word_1_76' title='bbox 449 2230 539 2320; x_wconf 83' lang='lat' dir='ltr'><strong>Neque</strong></span> <span class='ocrx_word' id='word_1_77' title='bbox 557 2237 590 2301; x_wconf 93' lang='lat' dir='ltr'><strong>id</strong></span> <span class='ocrx_word' id='word_1_78' title='bbox 610 2238 814 2303; x_wconf 86' lang='lat' dir='ltr'><strong>omittendum</strong></span> <span class='ocrx_word' id='word_1_79' title='bbox 831 2246 893 2317; x_wconf 88' lang='lat' dir='ltr'><strong>est,</strong></span> <span class='ocrx_word' id='word_1_80' title='bbox 910 2259 1050 2303; x_wconf 86' lang='lat' dir='ltr'><strong>revocare</strong></span> <span class='ocrx_word' id='word_1_81' title='bbox 1066 2236 1233 2300; x_wconf 85' lang='lat' dir='ltr'><strong>Pindarum</strong></span> <span class='ocrx_word' id='word_1_82' title='bbox 1250 2257 1331 2312; x_wconf 90' lang='lat' dir='ltr'><strong>eam,</strong></span> <span class='ocrx_word' id='word_1_83' title='bbox 1349 2255 1440 2318; x_wconf 86' lang='lat' dir='ltr'><strong>quam</strong></span> 
     </span>
     <span class='ocr_line' id='line_1_14' title="bbox 447 2351 1443 2442; baseline -0.006 -22"><span class='ocrx_word' id='word_1_84' title='bbox 447 2356 640 2435; x_wconf 83' lang='lat' dir='ltr'><strong>commendat,</strong></span> <span class='ocrx_word' id='word_1_85' title='bbox 672 2357 815 2421; x_wconf 85' lang='lat' dir='ltr'><strong>virtutem</strong></span> <span class='ocrx_word' id='word_1_86' title='bbox 848 2357 887 2420; x_wconf 91' lang='lat' dir='ltr'><strong>ad</strong></span> <span class='ocrx_word' id='word_1_87' title='bbox 917 2356 1070 2442; x_wconf 86' lang='lat' dir='ltr'><strong>optimum</strong></span> <span class='ocrx_word' id='word_1_88' title='bbox 1101 2355 1199 2419; x_wconf 90' lang='lat' dir='ltr'><strong>omnis</strong></span> <span class='ocrx_word' id='word_1_89' title='bbox 1231 2351 1443 2439; x_wconf 87' lang='lat' dir='ltr'><strong>philosophiae</strong></span> 
     </span>
     <span class='ocr_line' id='line_1_15' title="bbox 444 2470 1440 2561; baseline -0.002 -25"><span class='ocrx_word' id='word_1_90' title='bbox 444 2470 615 2557; x_wconf 60' lang='lat' dir='ltr'><strong>vitetisque</strong></span> <span class='ocrx_word' id='word_1_91' title='bbox 645 2475 849 2561; x_wconf 87' lang='lat' dir='ltr'><strong>principium,</strong></span> <span class='ocrx_word' id='word_1_92' title='bbox 880 2478 965 2553; x_wconf 74' lang='grc' dir='ltr'><strong>γνῶθι</strong></span> <span class='ocrx_word' id='word_1_93' title='bbox 996 2472 1135 2548; x_wconf 81' lang='grc' dir='ltr'><em>σεαυτόν,</em></span> <span class='ocrx_word' id='word_1_94' title='bbox 1160 2495 1251 2537; x_wconf 91' lang='lat' dir='ltr'><strong>nosce</strong></span> <span class='ocrx_word' id='word_1_95' title='bbox 1275 2480 1305 2536; x_wconf 91' lang='lat' dir='ltr'><strong>te</strong></span> <span class='ocrx_word' id='word_1_96' title='bbox 1328 2472 1440 2557; x_wconf 88' lang='lat' dir='ltr'><strong>ipsum.</strong></span> 
     </span>
    </p>

    <p class='ocr_par' dir='ltr' id='par_1_7' title="bbox 432 2589 1497 3984">
     <span class='ocr_line' id='line_1_16' title="bbox 480 2589 1442 2679; baseline 0 -25"><span class='ocrx_word' id='word_1_97' title='bbox 480 2589 548 2656; x_wconf 92' lang='lat' dir='ltr'><strong>Non</strong></span> <span class='ocrx_word' id='word_1_98' title='bbox 579 2615 598 2656; x_wconf 92' lang='lat' dir='ltr'><strong>a</strong></span> <span class='ocrx_word' id='word_1_99' title='bbox 626 2593 717 2658; x_wconf 89' lang='lat' dir='ltr'><strong>rebus</strong></span> <span class='ocrx_word' id='word_1_100' title='bbox 748 2592 934 2679; x_wconf 83' lang='lat' dir='ltr'><strong>grandibus,</strong></span> <span class='ocrx_word' id='word_1_101' title='bbox 966 2614 1029 2657; x_wconf 95' lang='lat' dir='ltr'><strong>non</strong></span> <span class='ocrx_word' id='word_1_102' title='bbox 1057 2592 1280 2656; x_wconf 89' lang='lat' dir='ltr'><strong>aclarrissima</strong></span> <span class='ocrx_word' id='word_1_103' title='bbox 1303 2591 1442 2675; x_wconf 85' lang='lat' dir='ltr'><strong>quamvis</strong></span> 
     </span>
     <span class='ocr_line' id='line_1_17' title="bbox 438 2710 1497 2798; baseline 0 -25"><span class='ocrx_word' id='word_1_104' title='bbox 438 2730 502 2774; x_wconf 90' lang='lat' dir='ltr'><strong>cnm</strong></span> <span class='ocrx_word' id='word_1_105' title='bbox 521 2710 625 2776; x_wconf 87' lang='lat' dir='ltr'><strong>labore</strong></span> <span class='ocrx_word' id='word_1_106' title='bbox 645 2712 780 2798; x_wconf 86' lang='lat' dir='ltr'><strong>paranda</strong></span> <span class='ocrx_word' id='word_1_107' title='bbox 799 2713 897 2798; x_wconf 85' lang='lat' dir='ltr'><strong>gloria</strong></span> <span class='ocrx_word' id='word_1_108' title='bbox 915 2719 1038 2777; x_wconf 88' lang='lat' dir='ltr'><strong>revocat</strong></span> <span class='ocrx_word' id='word_1_109' title='bbox 1056 2713 1098 2791; x_wconf 91' lang='lat' dir='ltr'><strong>is,</strong></span> <span class='ocrx_word' id='word_1_110' title='bbox 1119 2712 1174 2797; x_wconf 91' lang='lat' dir='ltr'><strong>qui</strong></span> <span class='ocrx_word' id='word_1_111' title='bbox 1190 2712 1357 2776; x_wconf 86' lang='lat' dir='ltr'><strong>amicorum</strong></span> <span class='ocrx_word' id='word_1_112' title='bbox 1373 2732 1442 2775; x_wconf 88' lang='lat' dir='ltr'><strong>suo·</strong></span> <span class='ocrx_word' id='word_1_113' title='bbox 1495 2716 1497 2719; x_wconf 50' lang='lat'><em>⁴</em></span> 
     </span>
     <span class='ocr_line' id='line_1_18' title="bbox 436 2829 1444 2916; baseline -0.002 -23"><span class='ocrx_word' id='word_1_114' title='bbox 436 2849 500 2893; x_wconf 89' lang='lat' dir='ltr'><strong>rum</strong></span> <span class='ocrx_word' id='word_1_115' title='bbox 522 2830 652 2914; x_wconf 82' lang='lat' dir='ltr'><strong>gloriam</strong></span> <span class='ocrx_word' id='word_1_116' title='bbox 674 2831 861 2909; x_wconf 85' lang='lat' dir='ltr'><strong>cumulavit,</strong></span> <span class='ocrx_word' id='word_1_117' title='bbox 886 2854 998 2916; x_wconf 90' lang='lat' dir='ltr'><strong>eosque</strong></span> <span class='ocrx_word' id='word_1_118' title='bbox 1022 2853 1140 2916; x_wconf 85' lang='lat' dir='ltr'><strong>semper</strong></span> <span class='ocrx_word' id='word_1_119' title='bbox 1165 2829 1320 2894; x_wconf 88' lang='lat' dir='ltr'><strong>incitavit:</strong></span> <span class='ocrx_word' id='word_1_120' title='bbox 1345 2850 1444 2912; x_wconf 90' lang='lat' dir='ltr'><strong>neque</strong></span> 
     </span>
     <span class='ocr_line' id='line_1_19' title="bbox 435 2946 1446 3036; baseline 0.002 -27"><span class='ocrx_word' id='word_1_121' title='bbox 435 2946 552 3011; x_wconf 91' lang='lat' dir='ltr'><strong>adalta</strong></span> <span class='ocrx_word' id='word_1_122' title='bbox 571 2948 732 3018; x_wconf 82' lang='lat' dir='ltr'><strong>tendentes</strong></span> <span class='ocrx_word' id='word_1_123' title='bbox 753 2950 887 3033; x_wconf 90' lang='lat' dir='ltr'><strong>quodam</strong></span> <span class='ocrx_word' id='word_1_124' title='bbox 907 2950 1011 3036; x_wconf 84' lang='lat' dir='ltr'><strong>lapsus</strong></span> <span class='ocrx_word' id='word_1_125' title='bbox 1030 2957 1114 3015; x_wconf 88' lang='lat' dir='ltr'><strong>metu</strong></span> <span class='ocrx_word' id='word_1_126' title='bbox 1133 2949 1279 3014; x_wconf 81' lang='lat' dir='ltr'><strong>retinuit:</strong></span> <span class='ocrx_word' id='word_1_127' title='bbox 1301 2948 1354 3013; x_wconf 90' lang='lat' dir='ltr'><strong>sed</strong></span> <span class='ocrx_word' id='word_1_128' title='bbox 1373 2947 1446 3012; x_wconf 86' lang='lat' dir='ltr'><strong>fecit</strong></span> 
     </span>
     <span class='ocr_line' id='line_1_20' title="bbox 433 3063 1446 3153; baseline 0.002 -26"><span class='ocrx_word' id='word_1_129' title='bbox 433 3063 477 3142; x_wconf 92' lang='lat' dir='ltr'><strong>id,</strong></span> <span class='ocrx_word' id='word_1_130' title='bbox 498 3065 581 3149; x_wconf 91' lang='lat' dir='ltr'><strong>quod</strong></span> <span class='ocrx_word' id='word_1_131' title='bbox 601 3066 740 3132; x_wconf 83' lang='lat' dir='ltr'><strong>videatur</strong></span> <span class='ocrx_word' id='word_1_132' title='bbox 759 3067 988 3147; x_wconf 89' lang='lat' dir='ltr'><strong>difficillimum,</strong></span> <span class='ocrx_word' id='word_1_133' title='bbox 1009 3076 1046 3132; x_wconf 87' lang='lat' dir='ltr'><strong>ut</strong></span> <span class='ocrx_word' id='word_1_134' title='bbox 1066 3068 1195 3153; x_wconf 84' lang='lat' dir='ltr'><strong>erigeret</strong></span> <span class='ocrx_word' id='word_1_135' title='bbox 1211 3067 1327 3151; x_wconf 83' lang='lat' dir='ltr'><strong>optima</strong></span> <span class='ocrx_word' id='word_1_136' title='bbox 1342 3064 1446 3130; x_wconf 92' lang='lat' dir='ltr'><strong>studia</strong></span> 
     </span>
     <span class='ocr_line' id='line_1_21' title="bbox 434 3182 1446 3272; baseline 0.003 -26"><span class='ocrx_word' id='word_1_137' title='bbox 434 3189 463 3247; x_wconf 87' lang='lat' dir='ltr'><strong>et</strong></span> <span class='ocrx_word' id='word_1_138' title='bbox 492 3182 594 3247; x_wconf 88' lang='lat' dir='ltr'><strong>landis</strong></span> <span class='ocrx_word' id='word_1_139' title='bbox 625 3185 774 3270; x_wconf 87' lang='lat' dir='ltr'><strong>impetum</strong></span> <span class='ocrx_word' id='word_1_140' title='bbox 805 3187 933 3251; x_wconf 91' lang='lat' dir='ltr'><strong>consilio</strong></span> <span class='ocrx_word' id='word_1_141' title='bbox 963 3195 1091 3272; x_wconf 83' lang='lat' dir='ltr'><strong>regeret.</strong></span> <span class='ocrx_word' id='word_1_142' title='bbox 1127 3185 1224 3250; x_wconf 85' lang='lat' dir='ltr'><strong>Velut</strong></span> <span class='ocrx_word' id='word_1_143' title='bbox 1245 3186 1279 3250; x_wconf 90' lang='lat' dir='ltr'><strong>in</strong></span> <span class='ocrx_word' id='word_1_144' title='bbox 1302 3186 1360 3249; x_wconf 94' lang='lat' dir='ltr'><strong>hoc</strong></span> <span class='ocrx_word' id='word_1_145' title='bbox 1384 3207 1446 3250; x_wconf 87' lang='lat' dir='ltr'><strong>oar·</strong></span> 
     </span>
     <span class='ocr_line' id='line_1_22' title="bbox 433 3300 1443 3390; baseline 0.004 -27"><span class='ocrx_word' id='word_1_146' title='bbox 433 3300 527 3378; x_wconf 90' lang='lat' dir='ltr'><strong>mine,</strong></span> <span class='ocrx_word' id='word_1_147' title='bbox 547 3300 581 3363; x_wconf 91' lang='lat' dir='ltr'><strong>in</strong></span> <span class='ocrx_word' id='word_1_148' title='bbox 601 3323 663 3386; x_wconf 93' lang='lat' dir='ltr'><strong>quo</strong></span> <span class='ocrx_word' id='word_1_149' title='bbox 682 3301 867 3369; x_wconf 80' lang='lat' dir='ltr'><strong>Coronidem</strong></span> <span class='ocrx_word' id='word_1_150' title='bbox 886 3311 917 3369; x_wconf 92' lang='lat' dir='ltr'><strong>et</strong></span> <span class='ocrx_word' id='word_1_151' title='bbox 937 3304 1158 3390; x_wconf 82' lang='lat' dir='ltr'><strong>Aesculapium</strong></span> <span class='ocrx_word' id='word_1_152' title='bbox 1180 3305 1443 3381; x_wconf 83' lang='lat' dir='ltr'><strong>commemoravit,</strong></span> 
     </span>
     <span class='ocr_line' id='line_1_23' title="bbox 433 3418 1444 3503; baseline 0.005 -22"><span class='ocrx_word' id='word_1_153' title='bbox 433 3418 546 3503; x_wconf 87' lang='lat' dir='ltr'><strong>scripto</strong></span> <span class='ocrx_word' id='word_1_154' title='bbox 563 3419 602 3483; x_wconf 88' lang='lat' dir='ltr'><strong>ad</strong></span> <span class='ocrx_word' id='word_1_155' title='bbox 617 3420 800 3501; x_wconf 89' lang='lat' dir='ltr'><strong>Hieronem,</strong></span> <span class='ocrx_word' id='word_1_156' title='bbox 817 3423 923 3488; x_wconf 88' lang='lat' dir='ltr'><strong>morbo</strong></span> <span class='ocrx_word' id='word_1_157' title='bbox 938 3430 1007 3488; x_wconf 90' lang='lat' dir='ltr'><strong>tum</strong></span> <span class='ocrx_word' id='word_1_158' title='bbox 1023 3424 1228 3501; x_wconf 88' lang='lat' dir='ltr'><strong>laborantem,</strong></span> <span class='ocrx_word' id='word_1_159' title='bbox 1246 3424 1347 3487; x_wconf 89' lang='lat' dir='ltr'><strong>animo</strong></span> <span class='ocrx_word' id='word_1_160' title='bbox 1364 3445 1444 3501; x_wconf 90' lang='lat' dir='ltr'><strong>vero,</strong></span> 
     </span>
     <span class='ocr_line' id='line_1_24' title="bbox 432 3538 1446 3628; baseline 0.003 -26"><span class='ocrx_word' id='word_1_161' title='bbox 432 3545 468 3602; x_wconf 87' lang='lat' dir='ltr'><strong>ut</strong></span> <span class='ocrx_word' id='word_1_162' title='bbox 482 3538 618 3616; x_wconf 85' lang='lat' dir='ltr'><strong>videtur,</strong></span> <span class='ocrx_word' id='word_1_163' title='bbox 636 3539 829 3625; x_wconf 86' lang='lat' dir='ltr'><strong>aliquantum</strong></span> <span class='ocrx_word' id='word_1_164' title='bbox 845 3542 1039 3628; x_wconf 87' lang='lat' dir='ltr'><strong>depressum,</strong></span> <span class='ocrx_word' id='word_1_165' title='bbox 1057 3543 1160 3628; x_wconf 85' lang='lat' dir='ltr'><strong>attigit</strong></span> <span class='ocrx_word' id='word_1_166' title='bbox 1174 3564 1297 3627; x_wconf 88' lang='lat' dir='ltr'><strong>quoque</strong></span> <span class='ocrx_word' id='word_1_167' title='bbox 1309 3542 1446 3628; x_wconf 88' lang='lat' dir='ltr'><strong>priorum</strong></span> 
     </span>
     <span class='ocr_line' id='line_1_25' title="bbox 432 3656 1445 3746; baseline 0.004 -25"><span class='ocrx_word' id='word_1_168' title='bbox 432 3656 630 3736; x_wconf 86' lang='lat' dir='ltr'><strong>sententiam,</strong></span> <span class='ocrx_word' id='word_1_169' title='bbox 652 3681 746 3742; x_wconf 90' lang='lat' dir='ltr'><strong>quam</strong></span> <span class='ocrx_word' id='word_1_170' title='bbox 765 3669 855 3725; x_wconf 88' lang='lat' dir='ltr'><strong>antea</strong></span> <span class='ocrx_word' id='word_1_171' title='bbox 875 3662 1088 3746; x_wconf 84' lang='lat' dir='ltr'><strong>exposuimus,</strong></span> <span class='ocrx_word' id='word_1_172' title='bbox 1105 3662 1195 3746; x_wconf 86' lang='lat' dir='ltr'><strong>juxta</strong></span> <span class='ocrx_word' id='word_1_173' title='bbox 1213 3684 1311 3726; x_wconf 89' lang='lat' dir='ltr'><strong>unum</strong></span> <span class='ocrx_word' id='word_1_174' title='bbox 1331 3662 1445 3725; x_wconf 90' lang='lat' dir='ltr'><strong>bonum</strong></span> 
     </span>
     <span class='ocr_line' id='line_1_26' title="bbox 432 3760 1446 3865; baseline 0.008 -28"><span class='ocrx_word' id='word_1_175' title='bbox 432 3760 495 3838; x_wconf 86' lang='lat' dir='ltr'><strong>duo</strong></span> <span class='ocrx_word' id='word_1_176' title='bbox 524 3775 606 3838; x_wconf 91' lang='lat' dir='ltr'><strong>mala</strong></span> <span class='ocrx_word' id='word_1_177' title='bbox 636 3778 816 3843; x_wconf 88' lang='lat' dir='ltr'><strong>mortalibus</strong></span> <span class='ocrx_word' id='word_1_178' title='bbox 847 3780 983 3845; x_wconf 86' lang='lat' dir='ltr'><strong>tribuere</strong></span> <span class='ocrx_word' id='word_1_179' title='bbox 1012 3780 1103 3845; x_wconf 87' lang='lat' dir='ltr'><strong>Deos.</strong></span> <span class='ocrx_word' id='word_1_180' title='bbox 1116 3781 1140 3865; x_wconf 78' lang='lat'><strong>³)</strong></span> <span class='ocrx_word' id='word_1_181' title='bbox 1186 3780 1246 3845; x_wconf 82' lang='lat' dir='ltr'><strong>Sed</strong></span> <span class='ocrx_word' id='word_1_182' title='bbox 1270 3802 1331 3865; x_wconf 93' lang='lat' dir='ltr'><strong>quo</strong></span> <span class='ocrx_word' id='word_1_183' title='bbox 1355 3779 1446 3845; x_wconf 90' lang='lat' dir='ltr'><strong>modo</strong></span> 
     </span>
     <span class='ocr_line' id='line_1_27' title="bbox 432 3891 1444 3984; baseline 0.009 -31"><span class='ocrx_word' id='word_1_184' title='bbox 432 3891 582 3975; x_wconf 85' lang='lat' dir='ltr'><strong>ejusmodi</strong></span> <span class='ocrx_word' id='word_1_185' title='bbox 604 3894 780 3961; x_wconf 89' lang='lat' dir='ltr'><strong>conditione</strong></span> <span class='ocrx_word' id='word_1_186' title='bbox 803 3898 956 3962; x_wconf 89' lang='lat' dir='ltr'><strong>utendum</strong></span> <span class='ocrx_word' id='word_1_187' title='bbox 980 3905 1084 3984; x_wconf 87' lang='lat' dir='ltr'><strong>putet,</strong></span> <span class='ocrx_word' id='word_1_188' title='bbox 1108 3900 1261 3984; x_wconf 86' lang='lat' dir='ltr'><strong>praeclare</strong></span> <span class='ocrx_word' id='word_1_189' title='bbox 1280 3899 1444 3983; x_wconf 85' lang='lat' dir='ltr'><strong>praecipit:</strong></span> 
     </span>
    </p>

    <p class='ocr_par' dir='ltr' id='par_1_8' title="bbox 602 4010 1274 4337">
     <span class='ocr_line' id='line_1_28' title="bbox 602 4010 778 4090; baseline 0.017 -14"><span class='ocrx_word' id='word_1_190' title='bbox 602 4012 644 4077; x_wconf 72' lang='lat' dir='ltr'><strong>rol</strong></span> <span class='ocrx_word' id='word_1_191' title='bbox 665 4014 720 4090; x_wconf 77' lang='grc' dir='ltr'><strong>μὲν</strong></span> <span class='ocrx_word' id='word_1_192' title='bbox 742 4010 778 4079; x_wconf 76' lang='grc' dir='ltr'><strong>ὧν</strong></span> 
     </span>
     <span class='ocr_line' id='line_1_29' title="bbox 603 4130 1165 4217; baseline 0.012 -23"><span class='ocrx_word' id='word_1_193' title='bbox 603 4132 635 4195; x_wconf 83' lang='grc' dir='ltr'><strong>οὐ</strong></span> <span class='ocrx_word' id='word_1_194' title='bbox 658 4130 794 4197; x_wconf 70' lang='grc' dir='ltr'><em>δύνανται</em></span> <span class='ocrx_word' id='word_1_195' title='bbox 817 4134 908 4209; x_wconf 77' lang='grc' dir='ltr'><em>νήπιον</em></span> <span class='ocrx_word' id='word_1_196' title='bbox 931 4136 1031 4217; x_wconf 67' lang='grc' dir='ltr'><strong><em>κόσμῳ</em></strong></span> <span class='ocrx_word' id='word_1_197' title='bbox 1054 4136 1165 4217; x_wconf 78' lang='grc' dir='ltr'><strong>φέρειν,</strong></span> 
     </span>
     <span class='ocr_line' id='line_1_30' title="bbox 603 4250 1274 4337; baseline 0.01 -25"><span class='ocrx_word' id='word_1_198' title='bbox 603 4250 675 4314; x_wconf 76' lang='grc' dir='ltr'><strong>αλλ’</strong></span> <span class='ocrx_word' id='word_1_199' title='bbox 701 4253 820 4329; x_wconf 53' lang='lat' dir='ltr'><strong>malou</strong></span> <span class='ocrx_word' id='word_1_200' title='bbox 851 4255 891 4319; x_wconf 75' lang='lat' dir='ltr'><strong>rol</strong></span> <span class='ocrx_word' id='word_1_201' title='bbox 913 4256 997 4321; x_wconf 75' lang='grc' dir='ltr'><em>καλὰ</em></span> <span class='ocrx_word' id='word_1_202' title='bbox 1020 4256 1180 4337; x_wconf 75' lang='grc' dir='ltr'><em>τρέψαντες</em></span> <span class='ocrx_word' id='word_1_203' title='bbox 1205 4253 1274 4332; x_wconf 76' lang='grc' dir='ltr'><strong>ἔξω·</strong></span> 
     </span>
    </p>
   </div>
   <div class='ocr_carea' id='block_1_3' title="bbox 467 4520 1312 4595">
    <p class='ocr_par' dir='ltr' id='par_1_9' title="bbox 467 4520 1312 4595">
     <span class='ocr_line' id='line_1_31' title="bbox 467 4520 1312 4595; baseline 0.012 -26"><span class='ocrx_word' id='word_1_204' title='bbox 467 4520 492 4583; x_wconf 91' lang='grc' dir='ltr'><strong>ι)</strong></span> <span class='ocrx_word' id='word_1_205' title='bbox 510 4521 552 4586; x_wconf 61' lang='lat' dir='ltr'><strong>ry.</strong></span> <span class='ocrx_word' id='word_1_206' title='bbox 570 4523 626 4573; x_wconf 85' lang='lat' dir='ltr'><strong>m.</strong></span> <span class='ocrx_word' id='word_1_207' title='bbox 644 4524 685 4574; x_wconf 76' lang='lat' dir='ltr'><strong>aa.</strong></span> <span class='ocrx_word' id='word_1_208' title='bbox 785 4526 810 4588; x_wconf 84' lang='lat' dir='ltr'><strong>a)</strong></span> <span class='ocrx_word' id='word_1_209' title='bbox 829 4526 892 4577; x_wconf 78' lang='grc' dir='ltr'><em>[αν.</em></span> <span class='ocrx_word' id='word_1_210' title='bbox 910 4527 967 4577; x_wconf 79' lang='lat'>1⁰5.</span> <span class='ocrx_word' id='word_1_211' title='bbox 1068 4528 1093 4590; x_wconf 82' lang='lat' dir='ltr'><strong>a)</strong></span> <span class='ocrx_word' id='word_1_212' title='bbox 1111 4528 1184 4580; x_wconf 74' lang='lat' dir='ltr'><strong>cont.</strong></span> <span class='ocrx_word' id='word_1_213' title='bbox 1197 4545 1255 4595; x_wconf 58' lang='lat' dir='ltr'><strong>paq,</strong></span> <span class='ocrx_word' id='word_1_214' title='bbox 1272 4529 1312 4580; x_wconf 87' lang='lat' dir='ltr'><strong>ac.</strong></span> 
     </span>
    </p>
   </div>
   <div class='ocr_carea' id='block_1_4' title="bbox 0 0 1888 5534">
    <p class='ocr_par' dir='ltr' id='par_1_10' title="bbox 0 0 1888 5534">
     <span class='ocr_line' id='line_1_32' title="bbox 0 0 1888 5534; baseline 0 8"><span class='ocrx_word' id='word_1_215' title='bbox 0 0 1888 5534; x_wconf 95' lang='lat' dir='ltr'><strong> </strong></span> 
     </span>
    </p>
   </div>
  </div>
 </body>
</html>
