3767 5534
921 734 962 793 69

465 929 558 997 „lovis”
571 938 590 1019 ¹)
635 938 739 1019 Atque
771 936 845 998 haec
877 942 939 998 tam
971 933 1075 997 dulcia
1104 933 1260 997 laboribus
1292 931 1450 996 tributae

465 1047 543 1115 Musis
558 1055 689 1140 praemia
707 1054 810 1119 eadem
832 1052 1018 1137 sempiterna
1039 1058 1126 1116 sunt:
1146 1051 1365 1137 „Hymnorum
1386 1049 1452 1112 the·

464 1188 562 1237 caurum
579 1196 680 1257 neque
699 1171 845 1237 hibernus
866 1173 962 1237 imber
983 1171 1163 1249 adveniens,
1186 1170 1340 1235 frementis
1361 1169 1452 1233 nubis

463 1283 569 1355 inruens
599 1291 766 1370 exereitus,
794 1315 851 1356 nec
875 1292 957 1356 venti
982 1290 1152 1375 quatient.’'
1165 1291 1188 1373 2)
1233 1289 1357 1353 Excitat
1381 1311 1451 1353 vero

461 1410 569 1473 vetustas
600 1410 692 1474 Musa
722 1409 845 1488 laudes,
878 1411 1041 1494 quaejam
1065 1410 1283 1473 intermortuae
1306 1406 1452 1470 videban-

459 1527 509 1589 tur:
528 1528 679 1607 „Vetusta
702 1530 815 1594 dormit
837 1529 920 1607 laus,
945 1552 1001 1594 nec
1025 1529 1188 1593 meminere
1206 1527 1365 1605 mortales,
1389 1527 1448 1590 nisi

456 1647 520 1726 quod
541 1671 680 1713 summus
699 1648 866 1733 sapientiae
886 1649 942 1711 flos
962 1647 1103 1732 gloriosis
1123 1647 1291 1711 carminum
1313 1644 1447 1709 fluxibus

453 1766 590 1851 attingit.”
603 1768 629 1851 3)

482 1884 664 1950 Emendasse
687 1894 789 1950 autem
813 1886 981 1950 Pindarum
1006 1884 1140 1948 fabulam
1160 1884 1197 1948 de
1213 1882 1342 1947 Tantalo
1360 1890 1448 1946 antea

444 2003 619 2087 scripsimus,
634 2007 659 2088 4)
704 2003 752 2067 Ex
783 2026 845 2088 quo
878 2003 1027 2080 vidimus,
1052 2003 1220 2087 sejnrrxisse
1244 2024 1315 2066 eurn
1338 2024 1356 2064 a
1379 2001 1447 2064 Diis

440 2121 614 2203 pravitatem
645 2121 820 2185 humanam.
868 2120 984 2186 Verum
1016 2121 1123 2185 eodem
1154 2120 1327 2185 declaratur
1359 2119 1447 2184 nobis

437 2248 631 2324 argumento,
656 2240 714 2303 hoe
737 2240 765 2303 ei
788 2240 882 2304 luisse
901 2240 1035 2304 musicae
1055 2262 1152 2304 unum
1172 2261 1300 2316 munus,
1322 2247 1359 2302 ut
1378 2260 1447 2301 vera

435 2366 464 2422 et
492 2358 661 2423 laudabilia
690 2359 894 2443 praedicaret,
925 2382 982 2423 nee
1010 2358 1167 2423 veritatem
1191 2359 1367 2423 obscuraret
1390 2379 1446 2422 nee

433 2476 642 2541 maledicendo
673 2476 885 2542 delectaretur.
932 2477 1054 2541 Tantali
1087 2476 1222 2541 fabulam
1249 2484 1444 2541 narraturus:

432 2596 554 2672 „multa
575 2618 648 2659 sane
670 2596 761 2673 mira,
785 2596 904 2679 iuquit,
929 2598 1083 2679 „fictaque
1106 2611 1200 2681 supra
1220 2595 1379 2660 veritatem
1400 2617 1448 2658 va·

432 2714 483 2777 riis
506 2713 672 2777 mendaciis
696 2714 788 2777 verba
810 2713 922 2779 fallunt
945 2714 1111 2799 aliquando
1135 2721 1251 2778 mentes
1275 2714 1445 2777 hominnm.

433 2832 556 2910 Gratia,
588 2854 667 2916 qnae
697 2833 800 2896 omnia
830 2834 935 2896 suavia
965 2833 1039 2897 facit
1066 2832 1266 2910 mortalibus,
1299 2832 1446 2895 honorem

433 2951 572 3015 adferens
602 2950 781 3016 incredibile
813 2974 902 3038 saepe
933 2952 1025 3016 etiam
1055 2951 1128 3015 fecit
1159 2960 1195 3015 ut
1225 2974 1330 3015 verum
1357 2951 1448 3016 habe-

431 3078 532 3135 retur:
564 3070 618 3134 sed
645 3075 807 3154 sequentes
831 3069 895 3134 dies
919 3077 993 3133 sunt
1015 3077 1108 3134 testes
1131 3069 1364 3154 sapientissimi:
1389 3090 1445 3153 ego

431 3189 575 3254 adversus
597 3189 713 3273 priores
736 3189 866 3253 dicam.''
879 3191 904 3272 5)

476 3309 581 3392 Atque
612 3315 648 3372 ut
678 3309 711 3371 in
741 3308 798 3372 hae
829 3308 934 3372 fabula
965 3307 1171 3386 emendando,
1196 3307 1239 3371 sic
1261 3306 1294 3371 in
1318 3306 1385 3370 aliis
1410 3306 1448 3369 si-

431 3426 523 3491 lendo
554 3426 705 3491 deteriora
735 3427 857 3504 vitavit,
886 3427 1082 3510 officiumque
1109 3425 1234 3504 Musae,
1259 3426 1286 3489 si
1308 3433 1445 3510 poterat,

432 3568 492 3611 non
522 3546 604 3610 ultra
626 3568 714 3610 verae
736 3545 837 3610 landis
861 3545 1119 3631 praedicationem
1142 3544 1359 3631 proferendum
1383 3566 1447 3608 esse

429 3664 644 3750 judicavisset:
683 3664 716 3728 in
751 3665 818 3749 ipsa
853 3664 975 3747 quidem
1012 3663 1190 3727 laudatione
1226 3662 1447 3727 continentiam

432 3782 592 3860 adhibuit,
625 3791 661 3847 ut
693 3791 808 3847 arceret
837 3782 1001 3846 invidiam:
1016 3784 1041 3867 6)
1071 3782 1170 3846 multo
1201 3804 1270 3846 vero
1294 3782 1391 3867 magis
1413 3783 1447 3846 in

432 3900 591 3985 vituperiis
614 3901 766 3985 rebusque
789 3901 918 3985 ingratis
942 3901 1110 3964 orationem
1133 3900 1271 3964 retinnit.
1314 3899 1448 3964 Bellero·

432 4018 558 4103 phontis
588 4020 724 4103 egregias
755 4019 881 4097 laudes,
914 4041 1011 4103 quum
1039 4018 1180 4083 Corinthi
1203 4019 1378 4083 memoriam
1402 4041 1449 4081 or-

375 4137 381 4150 '
433 4145 534 4214 naret,
565 4159 770 4222 magnamque
801 4139 833 4200 in
864 4137 981 4221 Pegaso
1012 4136 1164 4201 domando
1188 4136 1448 4221 opprimendaque

433 4316 610 4327 ...ι-

470 4422 494 4484 1)
514 4423 551 4472 Ol.
567 4424 598 4473 X.
616 4423 656 4473 99.
832 4424 856 4485 2)
872 4424 914 4489 ry.
936 4425 975 4473 VI.
995 4423 1035 4474 10.
1211 4422 1235 4483 3)
1251 4423 1311 4472 Isth.
1334 4424 1388 4473 VII.
1407 4423 1448 4472 23.

466 4519 491 4578 4)
508 4516 579 4567 Cous.
592 4534 648 4583 paq.
666 4518 690 4566 8.
829 4519 853 4578 5)
872 4517 908 4567 Ol.
925 4519 948 4566 I.
965 4517 1006 4566 48.
1206 4517 1231 4579 t)
1249 4517 1319 4567 (lons.
1333 4535 1389 4583 pap.
1406 4518 1446 4568 63.
