3767 5534
994 713 1057 775 318

523 916 695 1000 pertinent:
720 878 820 1000 neque
843 916 921 979 enim
945 916 1040 1001 ipsam
1065 916 1170 981 urbem
1187 918 1419 1003 Agrigentinam
1434 918 1533 984 Poeta

490 1071 497 1097 ι
523 1034 671 1119 signifieat
706 1057 759 1119 per
792 1042 910 1097 tantum
948 1056 1097 1098 annornm
1130 1037 1261 1120 spatium
1285 1037 1404 1101 nullum
1428 1039 1529 1103 virum

522 1153 661 1218 Therone
694 1153 897 1218 liberaliorem
932 1154 1113 1239 protulisse:
1150 1178 1253 1219 verum
1280 1156 1397 1221 nullam
1420 1157 1529 1222 urbem

524 1296 576 1358 per
599 1282 721 1337 eentum
744 1296 838 1337 annos
862 1295 1045 1359 quemquam
1062 1275 1161 1338 virum
1177 1276 1357 1360 protulisse,
1382 1278 1436 1361 qui
1451 1276 1531 1341 The-

522 1415 624 1457 ronem
656 1392 837 1456 liberalitate
868 1402 1033 1478 superaret.
1080 1403 1157 1459 Τινα
1183 1418 1244 1459 non
1268 1417 1337 1460 eum
1361 1393 1450 1476 ἄνδρα
1473 1397 1530 1461 sed

524 1535 594 1576 cnm
616 1512 699 1577 πόλιν
723 1512 969 1597 conjungendum
993 1520 1054 1576 est:
1078 1536 1135 1577 nee
1154 1515 1307 1598 genitivus
1322 1515 1424 1580 ἑκατὸν
1443 1514 1530 1580 ἐτέων

522 1654 591 1697 oum
621 1632 704 1697 πόλιν
732 1632 962 1717 conjungendus
993 1641 1055 1711 est,
1087 1634 1140 1696 sed
1172 1634 1318 1712 sinificet,
1343 1634 1423 1698 intra
1446 1633 1529 1697 illud

522 1758 657 1836 tempus:
688 1774 765 1835 quae
789 1752 970 1835 significatio
999 1753 1125 1837 genitivi
1148 1754 1180 1816 in
1204 1761 1339 1838 tempore
1362 1754 1529 1839 praeterito

523 1870 720 1955 significando
737 1871 828 1935 etiam
844 1879 889 1934 est
905 1871 986 1955 apud
999 1871 1168 1949 Platonem,
1185 1871 1339 1935 Phaedon.
1358 1875 1397 1937 5⁷
1416 1874 1444 1936 A
1459 1872 1529 1961 σξίπε

522 2014 565 2061 τις
594 1989 671 2065 ξένος
699 1993 827 2071 ἀφῖκται
853 1990 955 2070 χρόνον
979 1998 1087 2071 συχνοῦ
1112 1993 1222 2058 ἐκεῖθεν.
1269 1991 1310 2054 Et
1333 1992 1435 2077 Symp.
1462 1995 1527 2057 172

523 2107 547 2171 G
576 2115 690 2173 πολλῶν
717 2112 786 2173 ἐπῶν
812 2109 947 2187 ’Apatna
974 2110 1069 2174 ἐνίσίδε
1092 2112 1143 2175 οὐκ
1165 2111 1378 2187 ε’πιδεδιίμνκεν.
1425 2110 1529 2175 Xeno·

522 2227 619 2311 phou,
644 2228 741 2292 Anah.
765 2226 802 2291 L.
827 2228 843 2291 I
867 2227 901 2291 Ο.
925 2227 973 2291 ΙΧ
998 2230 1038 2290 25
1063 2236 1173 2293 arenaria
1197 2229 1309 2309 χρόνον.

570 2350 640 2412 170.
676 2349 782 2429 φίλοις.
818 2347 999 2412 Karstenins
1029 2348 1088 2412 boo
1120 2348 1301 2433 adjectivum
1325 2371 1395 2414 eum
1418 2351 1528 2429 πραπί-

521 2454 564 2531 σιν
595 2467 840 2552 eonjnngendum
872 2475 992 2544 censet,
1017 2489 1195 2552 comparans
1219 2468 1415 2533 Homericum
1439 2470 1528 2549 φίλον

522 2582 585 2667 ἦτορ
617 2595 648 2650 et
675 2587 801 2650 similia:
826 2609 930 2651 verum
943 2587 998 2650 *ita
1020 2610 1089 2650 eum
1113 2586 1246 2650 hnmano
1270 2586 1403 2670 quodam
1426 2610 1528 2652 errore

522 2705 675 2789 scripsisse
707 2706 862 2769 existimo:
891 2707 1112 2789 nequeenim,
1138 2712 1286 2788 quantum
1312 2706 1390 2783 seio,
1415 2708 1528 2785 πραπίς

522 2824 581 2887 alio
604 2824 664 2887 nisi
686 2823 832 2888 feminino
856 2846 966 2909 genere
987 2824 1120 2908 ponitur.
1157 2823 1297 2888 (laterum
1313 2823 1527 2888 liberalitatem

521 2942 669 3007 Theronis
696 2945 758 3028 jam
789 2966 823 3006 vs
856 2945 894 3005 11
927 2941 1023 3006 Poeta
1054 2943 1167 3027 attigit.
1214 2943 1346 3007 Pulchre
1377 2942 1528 3006 hocloco

522 3064 752 3148 conjunguntur
784 3061 939 3143 εὐεργέταν
970 3063 1108 3142 πραπίσιν
1139 3069 1169 3126 et
1199 3061 1401 3143 ἄφίσνέσπερον
1431 3062 1526 3142 χέρα,

522 3187 610 3244 utet
633 3181 727 3244 animi
750 3180 890 3243 voluntas
914 3188 945 3243 et
968 3181 1046 3244 aetio
1073 3180 1288 3244 beneficentiae
1305 3180 1526 3264 significentur.

569 3303 641 3365 173.
676 3300 744 3377 ἔβα.
780 3299 859 3364 Cum
882 3300 1054 3363 accusativo
1078 3300 1204 3384 ponitur
1227 3298 1390 3363 invadendi
1414 3298 1528 3383 signifi·

522 3420 649 3483 catione.
695 3418 841 3483 Similiter
871 3418 951 3504 apud
982 3417 1088 3502 Eurip.
1121 3417 1248 3503 Hippol.
1282 3420 1343 3480 841
1369 3416 1527 3494 ίανσίσιμσς

521 3538 606 3618 τύχα
629 3538 684 3602 σία
709 3539 767 3615 ἔβα
789 3538 917 3619 καρδίαν.
965 3537 1006 3600 Et
1031 3539 1114 3602 1371
1139 3540 1172 3612 μ’
1195 3538 1280 3601 ίδιίνα
1302 3536 1407 3609 βαίνει.

567 3657 660 3738 Κίρσς.
697 3657 884 3735 Fastidium,
907 3655 1060 3733 taedium,
1079 3663 1181 3719 ortum
1198 3678 1233 3719 ax
1249 3632 1396 3719 satietate.
1433 3654 1527 3735 Quod

523 3777 572 3841 hic
596 3776 787 3842 referendum
811 3784 857 3840 est
880 3776 918 3839 ad
942 3776 1073 3854 μοίρνονς
1096 3773 1216 3858 ἄνδρας,
1242 3797 1317 3859 quos
1334 3774 1435 3838 landis
1450 3773 1528 3838 The·

521 3900 604 3962 ronis
626 3897 777 3962 taedebat.
812 3896 903 3981 Ergo
917 3897 976 3959 hoe
998 3895 1065 3959 loeo
1082 3896 1142 3959 fere
1157 3894 1237 3959 idem
1255 3894 1397 3979 estquod
1413 3894 1526 3972 Φίίνσς.

570 4019 643 4082 174.
679 4015 754 4099 δίαορ.
790 4014 880 4079 Certe
903 4013 1081 4090 σονοίνπομαι
1105 4014 1196 4078 etiam
1219 4036 1288 4078 eum
1312 4012 1414 4077 dativo
1438 4035 1527 4097 saepe

522 4136 663 4220 ponitur:
688 4156 793 4198 verum
815 4133 865 4197 hic
889 4134 955 4197 sino
969 4155 1041 4197 easu
1058 4140 1118 4210 est,
1143 4131 1295 4217 quomodo
1311 4154 1345 4195 vs
1363 4133 1403 4196 70
1420 4131 1527 4197 ἔκτεινε

522 4254 614 4319 Λσίϊον
643 4252 699 4325 υίὸς
730 4252 945 4329 συναντόμενος.
992 4250 1138 4315 Similiter
1160 4251 1227 4314 hio:
1257 4248 1332 4315 αίνον
1361 4250 1421 4328 ἔβα
1449 4250 1526 4329 κόρος

523 4372 738 4451 συναντόμενος.
786 4371 916 4434 Dativus
946 4370 1011 4453 δίκρι
1043 4370 1130 4454 quasi
1162 4392 1215 4453 pro
1247 4369 1388 4434 adverbio
1411 4369 1526 4439 δικαίως

523 4493 641 4577 positus
665 4499 718 4555 est.
