3767 5534
918 753 979 814 142

619 954 658 1018 Δ’
679 951 721 1027 εἴη
744 953 799 1031 μέν.
820 953 1069 1041 Ὀλυμπιονίκαις,

617 1073 708 1153 Βωμῷ
729 1097 764 1137 τε
785 1074 913 1153 μοντείῳ
934 1076 1049 1152 τομίας
1071 1074 1140 1148 Διὸς
1162 1077 1192 1141 ἐν
1215 1077 1310 1159 Πίος,

618 1191 800 1271 Συνοικιοτὴρ
822 1216 856 1257 τε
878 1196 935 1257 τοῖν
958 1197 1075 1258 κλεινᾶν
1097 1204 1192 1277 Συροο-

660 1312 784 1374 κουσοῖν·
807 1310 875 1375 σι’νοο
896 1335 946 1375 κεν
967 1312 1061 1393 φύγοι
1085 1310 1172 1393 ὕμνον

615 1434 711 1501 Κοῖνος
732 1429 802 1507 sisino
824 1430 992 1511 ἐπικύρσαις
1014 1432 1145 1512 ἀφθόνων

615 1549 728 1613 Ἀοοῶν
749 1550 780 1612 ἕν
801 1549 934 1628 ἱμερταῖς
957 1551 1083 1630 οὶοιδοιῖςς

805 1667 854 1734 Ἀ.
878 1669 918 1736 ον’.
964 1679 999 1734 K.
1023 1662 1086 1735 ιοι’.’

577 1834 579 1841 .
610 1785 697 1850 Ἴσον
721 1786 781 1866 γὰρ
803 1788 946 1869 ἐντούτῳ
968 1788 1046 1853 πεδί-

657 1918 699 1985 λῳ
721 1904 862 1982 διοιμόνιον
885 1905 950 1970 πόδ’
972 1904 1049 1989 ἔχων

612 2023 786 2105 Σωστράτου
809 2024 878 2095 υἱός.
901 2025 1038 2090 ἀκίνδυνοι
1062 2026 1086 2090 δ’
1100 2028 1202 2109 uipera}

472 2158 482 2187 s
615 2142 695 2208 Οὔτε
718 2145 787 2221 παρ’
810 2144 946 2227 οὶνὶροὶσιν
969 2145 1028 2211 οὔτ’
1051 2147 1080 2211 ἐν
1102 2147 1185 2212 νοιυοὶ
1207 2146 1319 2219 κοίλοις
1409 2151 1450 2212 15

615 2261 738 2339 Τι’μιοιι·
762 2264 864 2327 πολλοὶ
887 2263 917 2327 δὲ
939 2263 992 2340 μέ-

468 2552 492 2605 7.
518 2552 577 2601 Post
596 2556 644 2611 Διὸς
660 2552 684 2602 in
701 2552 771 2603 Uret.
788 2555 810 2602 A
827 2553 922 2603 additur
939 2560 985 2607 sni.

468 2647 491 2701 ’1.
517 2653 587 2716 Πὶσᾳ.
621 2650 650 2699 In
670 2649 738 2699 libris
758 2655 782 2699 et
799 2649 828 2699 eb
845 2650 942 2715 Heynio
959 2651 1004 2701 hoo
1022 2650 1165 2701 vocabulum
1182 2652 1207 2701 in
1225 2652 1294 2702 initio
1312 2669 1398 2703 versus
1411 2671 1451 2705 oo·

436 2746 486 2794 teri
508 2746 621 2809 ponitur,
645 2746 755 2810 idemque
778 2746 809 2795 tit
831 2746 856 2796 in
878 2746 981 2809 septimo
999 2762 1094 2812 quoque
1111 2752 1135 2797 et
1151 2752 1235 2798 ooteso
1252 2749 1407 2813 stropharum
1426 2756 1451 2801 et

436 2841 638 2921 antistrophprum
664 2856 747 2900 versu,
773 2844 800 2890 ut
824 2857 852 2890 ex
877 2841 921 2891 ilio
947 2858 1009 2891 uuus
1032 2842 1127 2906 jambus
1152 2843 1182 2893 sd
1207 2843 1272 2893 huno
1293 2844 1450 2909 adjungetur.

436 2937 583 2987 Boeokhium
605 2937 701 3001 quidem
724 2937 748 2985 in
765 2952 808 2986 sua
826 2953 937 2987 versuum
955 2937 1071 2987 divisione
1089 2942 1143 3004 post
1159 2939 1223 2989 huno
1237 2939 1346 3003 jambam
1363 2956 1449 2991 versus
1518 2933 1521 2938 ⁸

434 3048 490 3082 suos
507 3033 626 3091 divisisse,
644 3048 692 3081 nou
710 3048 853 3097 magnopere
869 3032 958 3083 attinet
974 3033 1065 3094 dicere,
1080 3039 1206 3100 propterea
1217 3034 1280 3099 qood
1291 3050 1305 3083 a
1316 3038 1368 3085 tote
1379 3036 1449 3086 illios

435 3144 546 3180 versuum
563 3129 678 3179 divisione
694 3129 815 3179 dissentio.
842 3130 1011 3180 Verumtamen
1028 3146 1087 3195 ego,
1105 3147 1179 3196 quum
1194 3131 1271 3181 multe
1283 3147 1320 3181 me
1333 3132 1448 3196 ignorare

434 3228 510 3277 istest
528 3231 553 3276 et
569 3227 598 3276 eb
617 3227 715 3277 eudsoie
731 3226 822 3275 slienus
838 3226 897 3285 sim,
915 3231 995 3277 temen
1013 3227 1053 3276 hio
1070 3228 1183 3278 meditem
1200 3244 1214 3277 a
1231 3228 1352 3293 prioribus
1369 3230 1445 3279 retio-

433 3341 487 3374 nem
511 3324 605 3388 reliqui.
639 3323 718 3373 litium
741 3324 882 3381 aneonius‚
908 3340 955 3373 non
980 3324 1098 3383 uorandi,
1124 3329 1150 3373 ut
1172 3325 1255 3384 oredo,
1275 3325 1300 3373 iu
1317 3325 1356 3374 his
1373 3326 1446 3377 rebus

433 3423 473 3471 sed
490 3421 630 3471 emendandi
647 3420 727 3470 studio
745 3421 844 3479 duetus,
862 3421 960 3470 eandem
978 3420 1120 3471 divisionem
1132 3420 1198 3471 feeit.
1226 3422 1330 3471 Maxime
1343 3428 1446 3489 propter

433 3533 513 3567 versus
531 3520 576 3577 54,
595 3517 655 3575 115,
674 3516 722 3565 126
739 3517 774 3566 ito
790 3517 924 3567 faciendum
941 3517 1032 3581 putavi.

466 3616 489 3664 8.
515 3622 660 3684 συνοικιστήρ.
695 3614 723 3661 in
748 3612 887 3676 quibusdem
904 3612 973 3662 libris
989 3617 1014 3662 et
1031 3612 1056 3662 iu
1074 3611 1186 3663 lemmate
1203 3613 1290 3662 veteris
1306 3613 1391 3663 scholii
1409 3614 1445 3681 ip-

432 3725 505 3774 eoque
521 3709 610 3759 scholio
628 3712 664 3758 est
681 3717 823 3768 συνσικοστής.

464 3806 488 3855 9.
513 3815 660 3876 Συρακοσσᾶν.
694 3804 723 3853 ln
740 3802 792 3853 Pel.
809 3802 830 3851 C
846 3806 882 3852 est
899 3812 1056 3873 Συρακοσσᾶν,
1074 3804 1099 3851 et
1115 3801 1140 3851 in
1158 3802 1323 3867 Gottingaei,
1341 3807 1370 3852 ut
1385 3803 1444 3853 sori·

431 3902 467 3952 bit
487 3902 632 3952 Boeokhius:
657 3900 764 3965 Heynius
784 3915 813 3949 ex
829 3916 858 3949 eo
874 3908 1003 3970 ῑυροιιιοσᾶυ
1025 3901 1139 3948 annotet:
1157 3901 1194 3948 est
1210 3902 1331 3965 praetereo
1348 3899 1374 3949 iu
1392 3916 1442 3951 uno

430 4007 565 4068 Σορονσσᾶν.
598 3997 669 4046 Prius
692 3996 782 4060 recepit
800 3995 951 4055 Boeckhim,
969 3998 994 4044 et
1010 3994 1163 4045 scribendum
1180 4010 1231 4049 osse
1248 3995 1352 4045 affirmet
1368 4006 1441 4067 xvpa-

429 4104 507 4153 κσσᾶο,
525 4093 619 4159 quoties
635 4092 726 4157 syllsbs
742 4093 821 4143 brevis
836 4091 982 4156 requiriture
1000 4091 1020 4141 si
1037 4094 1134 4151 contre,
1152 4100 1302 4163 ιυροαοσσᾶο.

464 4191 503 4240 10.
528 4191 599 4260 pieton
631 4188 681 4239 Pel.
698 4188 719 4238 Ο
736 4189 804 4259 ρυρρ,
823 4186 934 4251 idemque
951 4186 1133 4251 Gottingensis3
1151 4201 1222 4251 quem
1238 4186 1334 4252 quidem
1348 4187 1445 4247 adver-A

429 4303 482 4337 sum
499 4286 607 4351 proxime
623 4284 804 4350 praecedentem
819 4284 957 4335 Boeokhius
974 4284 1092 4349 optimum
1109 4298 1161 4333 esse
1178 4284 1254 4343 dixit,
1271 4283 1441 4335 commenderis

430 4383 573 4450 scripturam
598 4392 752 4454 Συρακοσσᾶν
778 4381 825 4431 hoo
848 4386 928 4431 temen
952 4381 1005 4430 loeo
1022 4379 1087 4430 illius
1104 4379 1159 4430 libri
1177 4380 1322 4445 praestantis
1337 4396 1387 4431 non
1405 4380 1441 4431 ite

430 4484 553 4541 movetur,
570 4482 598 4529 ut
614 4480 671 4551 ρ’σρη
686 4478 794 4546 recipiet.

463 4576 502 4626 1⁵.
527 4576 573 4629 ὥτ’
590 4580 613 4627 ts
627 4579 697 4629 sassi.
730 4575 782 4627 Pel.
799 4574 819 4624 G
836 4577 888 4628 οὔτε
905 4577 981 4633 ναυσὶ,
1000 4588 1054 4623 oum
1070 4572 1148 4638 glossa
1165 4572 1262 4630 νοιῦτιιις-
