<?xml version="1.0" encoding="UTF-8"?>
<!DOCTYPE html PUBLIC "-//W3C//DTD XHTML 1.0 Transitional//EN"
    "http://www.w3.org/TR/xhtml1/DTD/xhtml1-transitional.dtd">
<html xmlns="http://www.w3.org/1999/xhtml" xml:lang="en" lang="en">
 <head>
  <title>
</title>
<meta http-equiv="Content-Type" content="text/html;charset=utf-8" />
  <meta name='ocr-system' content='tesseract 3.04.00' />
  <meta name='ocr-capabilities' content='ocr_page ocr_carea ocr_par ocr_line ocrx_word'/>
</head>
<body>
  <div class='ocr_page' id='page_1' title='image "./pindaricarminao00pindgoog_0150.png"; bbox 0 0 3767 5534; ppageno 0'>
   <div class='ocr_carea' id='block_1_1' title="bbox 929 733 986 793">
    <p class='ocr_par' dir='ltr' id='par_1_1' title="bbox 929 733 986 793">
     <span class='ocr_line' id='line_1_1' title="bbox 929 733 986 793; baseline 0 -1"><span class='ocrx_word' id='word_1_1' title='bbox 929 733 986 793; x_wconf 72' lang='lat'><strong>126</strong></span> 
     </span>
    </p>
   </div>
   <div class='ocr_carea' id='block_1_2' title="bbox 600 931 1457 2445">
    <p class='ocr_par' dir='ltr' id='par_1_2' title="bbox 600 931 1457 2445">
     <span class='ocr_line' id='line_1_2' title="bbox 823 931 1071 999; baseline -0.004 0"><span class='ocrx_word' id='word_1_2' title='bbox 823 931 868 999; x_wconf 79' lang='grc' dir='ltr'><strong>Ἦ.</strong></span> <span class='ocrx_word' id='word_1_3' title='bbox 893 934 932 998; x_wconf 82' lang='grc' dir='ltr'><strong><em>ον’.</em></strong></span> <span class='ocrx_word' id='word_1_4' title='bbox 980 945 1014 998; x_wconf 84' lang='grc' dir='ltr'><strong>Κ.</strong></span> <span class='ocrx_word' id='word_1_5' title='bbox 1038 936 1071 999; x_wconf 78' lang='grc' dir='ltr'><strong>θ’.</strong></span> 
     </span>
     <span class='ocr_line' id='line_1_3' title="bbox 617 1054 1070 1137; baseline -0.004 -17"><span class='ocrx_word' id='word_1_6' title='bbox 617 1055 679 1120; x_wconf 80' lang='grc' dir='ltr'><strong><em>Ὧν</em></strong></span> <span class='ocrx_word' id='word_1_7' title='bbox 703 1079 772 1130; x_wconf 81' lang='grc' dir='ltr'><strong><em>πονο,</em></strong></span> <span class='ocrx_word' id='word_1_8' title='bbox 794 1054 911 1133; x_wconf 81' lang='grc' dir='ltr'><strong><em>κροοίνων</em></strong></span> <span class='ocrx_word' id='word_1_9' title='bbox 934 1054 1070 1137; x_wconf 69' lang='grc' dir='ltr'><strong><em>ἐφετμὰς</em></strong></span> 
     </span>
     <span class='ocr_line' id='line_1_4' title="bbox 625 1173 955 1254; baseline -0.009 -15"><span class='ocrx_word' id='word_1_10' title='bbox 625 1173 780 1254; x_wconf 78' lang='grc' dir='ltr'><strong><em>Ἡροωιλέος</em></strong></span> <span class='ocrx_word' id='word_1_11' title='bbox 803 1173 955 1253; x_wconf 73' lang='grc' dir='ltr'><strong><em>προτέρως,</em></strong></span> 
     </span>
     <span class='ocr_line' id='line_1_5' title="bbox 621 1292 1171 1377; baseline -0.004 -18"><span class='ocrx_word' id='word_1_12' title='bbox 621 1292 760 1375; x_wconf 73' lang='grc' dir='ltr'><strong><em>Ἀπρεκὶνς</em></strong></span> <span class='ocrx_word' id='word_1_13' title='bbox 780 1293 992 1365; x_wconf 69' lang='grc' dir='ltr'><strong>Ἑλλανοδίκαις</strong></span> <span class='ocrx_word' id='word_1_14' title='bbox 1011 1294 1171 1377; x_wconf 74' lang='grc' dir='ltr'><strong>βλεφάρων</strong></span> 
     </span>
     <span class='ocr_line' id='line_1_6' title="bbox 622 1393 969 1494; baseline -0.006 -16"><span class='ocrx_word' id='word_1_15' title='bbox 622 1414 751 1485; x_wconf 70' lang='grc' dir='ltr'><strong><em>Αἰτωλὸς</em></strong></span> <span class='ocrx_word' id='word_1_16' title='bbox 774 1393 844 1494; x_wconf 66' lang='lat' dir='ltr'><strong>stell</strong></span> <span class='ocrx_word' id='word_1_17' title='bbox 867 1411 969 1486; x_wconf 77' lang='grc' dir='ltr'><strong><em>ὑψόθεν</em></strong></span> 
     </span>
     <span class='ocr_line' id='line_1_7' title="bbox 622 1529 1086 1614; baseline -0.002 -19"><span class='ocrx_word' id='word_1_18' title='bbox 622 1529 721 1614; x_wconf 77' lang='grc' dir='ltr'><strong>Ἀμφὶ</strong></span> <span class='ocrx_word' id='word_1_19' title='bbox 744 1530 862 1608; x_wconf 81' lang='grc' dir='ltr'><strong><em>κόρονωον</em></strong></span> <span class='ocrx_word' id='word_1_20' title='bbox 884 1530 968 1611; x_wconf 74' lang='grc' dir='ltr'><strong><em>βοὶλρ</em></strong></span> <span class='ocrx_word' id='word_1_21' title='bbox 990 1545 1086 1607; x_wconf 76' lang='grc' dir='ltr'><strong><em>νλοου·</em></strong></span> 
     </span>
     <span class='ocr_line' id='line_1_8' title="bbox 665 1649 1213 1732; baseline -0.004 -15"><span class='ocrx_word' id='word_1_22' title='bbox 665 1652 775 1732; x_wconf 78' lang='grc' dir='ltr'><strong><em>κδχροοο</em></strong></span> <span class='ocrx_word' id='word_1_23' title='bbox 796 1649 901 1728; x_wconf 82' lang='grc' dir='ltr'><strong><em>κόσμον</em></strong></span> <span class='ocrx_word' id='word_1_24' title='bbox 924 1651 1038 1721; x_wconf 73' lang='grc' dir='ltr'><strong><em>ἐλαίοις.</em></strong></span> <span class='ocrx_word' id='word_1_25' title='bbox 1062 1649 1118 1715; x_wconf 73' lang='grc' dir='ltr'><strong><em>πρὶν</em></strong></span> <span class='ocrx_word' id='word_1_26' title='bbox 1142 1674 1213 1715; x_wconf 81' lang='grc' dir='ltr'><strong><em>ποτε</em></strong></span> 
     </span>
     <span class='ocr_line' id='line_1_9' title="bbox 615 1768 1457 1849; baseline -0.004 -14"><span class='ocrx_word' id='word_1_27' title='bbox 615 1768 728 1849; x_wconf 76' lang='grc' dir='ltr'><strong><em>Ἴστρου</em></strong></span> <span class='ocrx_word' id='word_1_28' title='bbox 751 1769 810 1833; x_wconf 69' lang='grc' dir='ltr'><strong>ἀπὸ</strong></span> <span class='ocrx_word' id='word_1_29' title='bbox 833 1771 953 1849; x_wconf 80' lang='grc' dir='ltr'><strong><em>οκνοιρῖον</em></strong></span> <span class='ocrx_word' id='word_1_30' title='bbox 976 1773 1082 1846; x_wconf 58' lang='lat' dir='ltr'><strong>ruyro</strong></span> <span class='ocrx_word' id='word_1_31' title='bbox 1106 1768 1208 1834; x_wconf 77' lang='grc' dir='ltr'><strong><em>ἔνεικεν</em></strong></span> <span class='ocrx_word' id='word_1_32' title='bbox 1414 1772 1457 1832; x_wconf 77' lang='grc'><strong>25</strong></span> 
     </span>
     <span class='ocr_line' id='line_1_10' title="bbox 619 1887 910 1969; baseline -0.01 -15"><span class='ocrx_word' id='word_1_33' title='bbox 619 1887 910 1969; x_wconf 67' lang='grc' dir='ltr'><strong>Ἀμφιτρυωνιάδας,</strong></span> 
     </span>
     <span class='ocr_line' id='line_1_11' title="bbox 600 1994 1296 2091; baseline -0.004 -17"><span class='ocrx_word' id='word_1_34' title='bbox 600 1994 738 2085; x_wconf 80' lang='grc' dir='ltr'><strong>ΙΜνο”οροοο</strong></span> <span class='ocrx_word' id='word_1_35' title='bbox 756 2013 811 2072; x_wconf 84' lang='grc' dir='ltr'><strong><em>πῶν</em></strong></span> <span class='ocrx_word' id='word_1_36' title='bbox 832 2007 996 2091; x_wconf 72' lang='grc' dir='ltr'><strong>Οὐλυμπίᾳ</strong></span> <span class='ocrx_word' id='word_1_37' title='bbox 1014 2007 1173 2074; x_wconf 74' lang='grc' dir='ltr'><strong><em>κοέλλνοπον</em></strong></span> <span class='ocrx_word' id='word_1_38' title='bbox 1192 2006 1296 2083; x_wconf 66' lang='grc' dir='ltr'><strong><em>ἄθλων,</em></strong></span> 
     </span>
     <span class='ocr_line' id='line_1_12' title="bbox 824 2126 1065 2204; baseline 0 -13"><span class='ocrx_word' id='word_1_39' title='bbox 824 2138 861 2191; x_wconf 92' lang='grc' dir='ltr'><strong>Σ.</strong></span> <span class='ocrx_word' id='word_1_40' title='bbox 883 2126 926 2204; x_wconf 85' lang='grc' dir='ltr'><strong>β.</strong></span> <span class='ocrx_word' id='word_1_41' title='bbox 972 2138 1007 2194; x_wconf 89' lang='grc' dir='ltr'><strong>Κ.</strong></span> <span class='ocrx_word' id='word_1_42' title='bbox 1031 2128 1065 2191; x_wconf 80' lang='grc' dir='ltr'><strong>θ’.</strong></span> 
     </span>
     <span class='ocr_line' id='line_1_13' title="bbox 620 2246 1224 2328; baseline -0.002 -16"><span class='ocrx_word' id='word_1_43' title='bbox 620 2251 724 2326; x_wconf 68' lang='grc' dir='ltr'><strong><em>Δεῖμον</em></strong></span> <span class='ocrx_word' id='word_1_44' title='bbox 745 2246 938 2328; x_wconf 75' lang='grc' dir='ltr'><strong><em>Ὑπερβορέων</em></strong></span> <span class='ocrx_word' id='word_1_45' title='bbox 961 2247 1093 2323; x_wconf 73' lang='grc' dir='ltr'><strong><em>πείσαις,</em></strong></span> <span class='ocrx_word' id='word_1_46' title='bbox 1116 2248 1224 2313; x_wconf 82' lang='grc' dir='ltr'><strong><em>Ἀπόλ·</em></strong></span> 
     </span>
     <span class='ocr_line' id='line_1_14' title="bbox 662 2366 1054 2445; baseline 0 -15"><span class='ocrx_word' id='word_1_47' title='bbox 662 2383 747 2438; x_wconf 76' lang='grc' dir='ltr'><strong><em>λωνος</em></strong></span> <span class='ocrx_word' id='word_1_48' title='bbox 770 2366 939 2445; x_wconf 74' lang='grc' dir='ltr'><strong><em>θεράποντε.</em></strong></span> <span class='ocrx_word' id='word_1_49' title='bbox 973 2366 1054 2444; x_wconf 73' lang='grc' dir='ltr'><strong>Ὅγε</strong></span> 
     </span>
    </p>
   </div>
   <div class='ocr_carea' id='block_1_3' title="bbox 439 2536 612 2548">
    <p class='ocr_par' dir='ltr' id='par_1_3' title="bbox 439 2536 612 2548">
     <span class='ocr_line' id='line_1_15' title="bbox 439 2536 612 2548; baseline 0.006 -2"><span class='ocrx_word' id='word_1_50' title='bbox 439 2536 612 2548; x_wconf 50' lang='grc' dir='ltr'><strong>σ-ψ--η</strong></span> 
     </span>
    </p>
   </div>
   <div class='ocr_carea' id='block_1_4' title="bbox 429 2623 1516 4515">
    <p class='ocr_par' dir='ltr' id='par_1_4' title="bbox 435 2623 1516 3654">
     <span class='ocr_line' id='line_1_16' title="bbox 439 2623 1457 2691; baseline 0.002 -17"><span class='ocrx_word' id='word_1_51' title='bbox 439 2626 463 2675; x_wconf 92' lang='lat' dir='ltr'><strong>iu</strong></span> <span class='ocrx_word' id='word_1_52' title='bbox 486 2626 567 2691; x_wconf 84' lang='lat' dir='ltr'><strong>sliquo</strong></span> <span class='ocrx_word' id='word_1_53' title='bbox 592 2623 703 2685; x_wconf 49' lang='grc' dir='ltr'><strong><em>ἥκοντ’,</em></strong></span> <span class='ocrx_word' id='word_1_54' title='bbox 728 2629 754 2675; x_wconf 88' lang='lat' dir='ltr'><strong>st</strong></span> <span class='ocrx_word' id='word_1_55' title='bbox 777 2625 802 2673; x_wconf 90' lang='lat' dir='ltr'><strong>in</strong></span> <span class='ocrx_word' id='word_1_56' title='bbox 825 2625 872 2674; x_wconf 85' lang='lat' dir='ltr'><strong>olio</strong></span> <span class='ocrx_word' id='word_1_57' title='bbox 892 2625 986 2684; x_wconf 61' lang='lat' dir='ltr'><strong>clossr&#39;.</strong></span> <span class='ocrx_word' id='word_1_58' title='bbox 1020 2626 1110 2675; x_wconf 85' lang='lat' dir='ltr'><strong>Similis</strong></span> <span class='ocrx_word' id='word_1_59' title='bbox 1133 2625 1264 2690; x_wconf 75' lang='lat' dir='ltr'>scripturae</span> <span class='ocrx_word' id='word_1_60' title='bbox 1288 2624 1394 2675; x_wconf 76' lang='lat' dir='ltr'><strong>uarietas</strong></span> <span class='ocrx_word' id='word_1_61' title='bbox 1418 2630 1457 2676; x_wconf 85' lang='lat' dir='ltr'><strong>est</strong></span> 
     </span>
     <span class='ocr_line' id='line_1_17' title="bbox 440 2703 1516 2781; baseline 0.001 -11"><span class='ocrx_word' id='word_1_62' title='bbox 440 2738 508 2772; x_wconf 86' lang='lat' dir='ltr'><strong>versu</strong></span> <span class='ocrx_word' id='word_1_63' title='bbox 525 2722 573 2781; x_wconf 85' lang='grc'><strong>64,</strong></span> <span class='ocrx_word' id='word_1_64' title='bbox 590 2727 614 2771; x_wconf 89' lang='lat' dir='ltr'><strong>et</strong></span> <span class='ocrx_word' id='word_1_65' title='bbox 631 2721 684 2771; x_wconf 81' lang='lat' dir='ltr'><strong>eliis</strong></span> <span class='ocrx_word' id='word_1_66' title='bbox 701 2720 772 2770; x_wconf 81' lang='lat' dir='ltr'><strong>locis:</strong></span> <span class='ocrx_word' id='word_1_67' title='bbox 790 2720 861 2769; x_wconf 84' lang='lat' dir='ltr'><strong>etiem</strong></span> <span class='ocrx_word' id='word_1_68' title='bbox 878 2721 903 2769; x_wconf 90' lang='lat' dir='ltr'><strong>in</strong></span> <span class='ocrx_word' id='word_1_69' title='bbox 920 2720 1041 2781; x_wconf 75' lang='lat' dir='ltr'>Hesiodo,</span> <span class='ocrx_word' id='word_1_70' title='bbox 1059 2722 1124 2771; x_wconf 87' lang='lat' dir='ltr'><strong>Scut.</strong></span> <span class='ocrx_word' id='word_1_71' title='bbox 1143 2721 1214 2770; x_wconf 89' lang='lat' dir='ltr'><strong>Herc.</strong></span> <span class='ocrx_word' id='word_1_72' title='bbox 1231 2720 1291 2779; x_wconf 74' lang='grc'><strong>469,</strong></span> <span class='ocrx_word' id='word_1_73' title='bbox 1309 2724 1337 2769; x_wconf 90' lang='lat' dir='ltr'><strong>ut</strong></span> <span class='ocrx_word' id='word_1_74' title='bbox 1353 2721 1456 2771; x_wconf 83' lang='lat' dir='ltr'><strong>odeum</strong></span> <span class='ocrx_word' id='word_1_75' title='bbox 1514 2703 1516 2708; x_wconf 28' lang='grc' dir='ltr'>Ι</span> 
     </span>
     <span class='ocr_line' id='line_1_18' title="bbox 439 2816 1454 2885; baseline 0 -17"><span class='ocrx_word' id='word_1_76' title='bbox 439 2819 517 2869; x_wconf 84' lang='lat' dir='ltr'><strong>locum</strong></span> <span class='ocrx_word' id='word_1_77' title='bbox 543 2819 675 2883; x_wconf 81' lang='lat' dir='ltr'><strong>explicatur</strong></span> <span class='ocrx_word' id='word_1_78' title='bbox 697 2818 856 2881; x_wconf 69' lang='lat' dir='ltr'><strong>elaeonepio.</strong></span> <span class='ocrx_word' id='word_1_79' title='bbox 890 2817 1030 2867; x_wconf 79' lang='lat' dir='ltr'><strong>Eustetths</strong></span> <span class='ocrx_word' id='word_1_80' title='bbox 1051 2818 1079 2867; x_wconf 86' lang='lat' dir='ltr'><strong>od</strong></span> <span class='ocrx_word' id='word_1_81' title='bbox 1103 2820 1258 2885; x_wconf 75' lang='grc' dir='ltr'><strong><em>μετενεὶσετο,</em></strong></span> <span class='ocrx_word' id='word_1_82' title='bbox 1281 2816 1326 2867; x_wconf 88' lang='lat' dir='ltr'><strong>Od.</strong></span> <span class='ocrx_word' id='word_1_83' title='bbox 1347 2818 1384 2867; x_wconf 88' lang='lat' dir='ltr'><strong>IX</strong></span> <span class='ocrx_word' id='word_1_84' title='bbox 1407 2819 1454 2878; x_wconf 76' lang='lat'><strong>58,</strong></span> 
     </span>
     <span class='ocr_line' id='line_1_19' title="bbox 439 2913 1454 2979; baseline -0.002 -14"><span class='ocrx_word' id='word_1_85' title='bbox 439 2913 538 2974; x_wconf 88' lang='lat' dir='ltr'><strong>scribit,</strong></span> <span class='ocrx_word' id='word_1_86' title='bbox 554 2915 666 2979; x_wconf 82' lang='lat' dir='ltr'><strong>antiquos</strong></span> <span class='ocrx_word' id='word_1_87' title='bbox 683 2914 804 2979; x_wconf 75' lang='lat' dir='ltr'><strong>scripsisse</strong></span> <span class='ocrx_word' id='word_1_88' title='bbox 819 2929 862 2977; x_wconf 91' lang='lat' dir='ltr'><strong>per</strong></span> <span class='ocrx_word' id='word_1_89' title='bbox 879 2913 1039 2979; x_wconf 79' lang='lat' dir='ltr'><strong>dipthougum</strong></span> <span class='ocrx_word' id='word_1_90' title='bbox 1056 2917 1081 2963; x_wconf 90' lang='lat' dir='ltr'><strong>et</strong></span> <span class='ocrx_word' id='word_1_91' title='bbox 1095 2914 1194 2979; x_wconf 85' lang='lat' dir='ltr'><strong>simplex</strong></span> <span class='ocrx_word' id='word_1_92' title='bbox 1212 2914 1300 2978; x_wconf 80' lang='lat' dir='ltr'><strong>sigma,</strong></span> <span class='ocrx_word' id='word_1_93' title='bbox 1318 2917 1346 2962; x_wconf 89' lang='lat' dir='ltr'><strong>ut</strong></span> <span class='ocrx_word' id='word_1_94' title='bbox 1362 2918 1454 2965; x_wconf 78' lang='lat' dir='ltr'><strong>essoto</strong></span> 
     </span>
     <span class='ocr_line' id='line_1_20' title="bbox 437 3010 1455 3076; baseline -0.003 -12"><span class='ocrx_word' id='word_1_95' title='bbox 437 3018 491 3069; x_wconf 72' lang='lat' dir='ltr'><strong>vro,</strong></span> <span class='ocrx_word' id='word_1_96' title='bbox 509 3014 572 3067; x_wconf 83' lang='grc' dir='ltr'><strong><em>νείω,</em></strong></span> <span class='ocrx_word' id='word_1_97' title='bbox 589 3013 666 3069; x_wconf 76' lang='lat' dir='ltr'><strong>seluo,</strong></span> <span class='ocrx_word' id='word_1_98' title='bbox 683 3010 882 3076; x_wconf 74' lang='lat' dir='ltr'><strong>quemodmorlum</strong></span> <span class='ocrx_word' id='word_1_99' title='bbox 900 3013 953 3062; x_wconf 81' lang='grc' dir='ltr'><strong><em>κεὶω</em></strong></span> <span class='ocrx_word' id='word_1_100' title='bbox 969 3014 1048 3062; x_wconf 71' lang='lat' dir='ltr'><strong>retro:</strong></span> <span class='ocrx_word' id='word_1_101' title='bbox 1066 3011 1209 3075; x_wconf 72' lang='lat' dir='ltr'><strong>posteriores</strong></span> <span class='ocrx_word' id='word_1_102' title='bbox 1227 3027 1283 3060; x_wconf 85' lang='lat' dir='ltr'><strong>vero</strong></span> <span class='ocrx_word' id='word_1_103' title='bbox 1300 3026 1342 3076; x_wconf 91' lang='lat' dir='ltr'><strong>per</strong></span> <span class='ocrx_word' id='word_1_104' title='bbox 1356 3011 1413 3075; x_wconf 69' lang='lat' dir='ltr'><strong>jota</strong></span> <span class='ocrx_word' id='word_1_105' title='bbox 1428 3015 1455 3061; x_wconf 81' lang='lat' dir='ltr'><strong>et</strong></span> 
     </span>
     <span class='ocr_line' id='line_1_21' title="bbox 438 3108 1453 3177; baseline -0.001 -19"><span class='ocrx_word' id='word_1_106' title='bbox 438 3108 524 3173; x_wconf 83' lang='lat' dir='ltr'><strong>duplex</strong></span> <span class='ocrx_word' id='word_1_107' title='bbox 542 3109 629 3171; x_wconf 80' lang='lat' dir='ltr'><strong>elgmo:</strong></span> <span class='ocrx_word' id='word_1_108' title='bbox 648 3112 677 3165; x_wconf 81' lang='grc' dir='ltr'><strong>ὡς</strong></span> <span class='ocrx_word' id='word_1_109' title='bbox 692 3112 739 3177; x_wconf 72' lang='grc' dir='ltr'><strong>γὰρ</strong></span> <span class='ocrx_word' id='word_1_110' title='bbox 755 3112 819 3165; x_wconf 79' lang='grc' dir='ltr'><strong><em>ἥθεον</em></strong></span> <span class='ocrx_word' id='word_1_111' title='bbox 837 3108 914 3171; x_wconf 79' lang='grc' dir='ltr'><strong><em>αὐτοὶ,</em></strong></span> <span class='ocrx_word' id='word_1_112' title='bbox 939 3110 981 3174; x_wconf 84' lang='grc' dir='ltr'><strong>οὐχ</strong></span> <span class='ocrx_word' id='word_1_113' title='bbox 1002 3110 1107 3173; x_wconf 71' lang='grc' dir='ltr'><strong><em>ἑπόμενοι</em></strong></span> <span class='ocrx_word' id='word_1_114' title='bbox 1123 3115 1170 3166; x_wconf 82' lang='grc' dir='ltr'><strong><em>τοῖς</em></strong></span> <span class='ocrx_word' id='word_1_115' title='bbox 1186 3112 1306 3166; x_wconf 65' lang='lat' dir='ltr'><strong>calutate:</strong></span> <span class='ocrx_word' id='word_1_116' title='bbox 1324 3112 1391 3158; x_wconf 82' lang='lat' dir='ltr'><strong>certe</strong></span> <span class='ocrx_word' id='word_1_117' title='bbox 1407 3125 1453 3174; x_wconf 86' lang='lat' dir='ltr'><strong>pro</strong></span> 
     </span>
     <span class='ocr_line' id='line_1_22' title="bbox 437 3203 1452 3268; baseline 0 -13"><span class='ocrx_word' id='word_1_118' title='bbox 437 3208 501 3263; x_wconf 73' lang='grc' dir='ltr'><strong><em>ἥθεον</em></strong></span> <span class='ocrx_word' id='word_1_119' title='bbox 523 3203 674 3253; x_wconf 83' lang='lat' dir='ltr'><strong>scribendum</strong></span> <span class='ocrx_word' id='word_1_120' title='bbox 695 3206 731 3252; x_wconf 87' lang='lat' dir='ltr'><strong>est</strong></span> <span class='ocrx_word' id='word_1_121' title='bbox 747 3207 831 3261; x_wconf 75' lang='grc' dir='ltr'><strong><em>ἢθελεν.</em></strong></span> <span class='ocrx_word' id='word_1_122' title='bbox 863 3203 955 3253; x_wconf 78' lang='lat' dir='ltr'>Contra</span> <span class='ocrx_word' id='word_1_123' title='bbox 972 3220 1027 3254; x_wconf 84' lang='lat' dir='ltr'><strong>vero</strong></span> <span class='ocrx_word' id='word_1_124' title='bbox 1045 3204 1108 3254; x_wconf 86' lang='lat' dir='ltr'><strong>idem</strong></span> <span class='ocrx_word' id='word_1_125' title='bbox 1125 3205 1154 3253; x_wconf 80' lang='lat' dir='ltr'><strong>orl</strong></span> <span class='ocrx_word' id='word_1_126' title='bbox 1172 3205 1199 3254; x_wconf 95' lang='lat' dir='ltr'><strong>ll.</strong></span> <span class='ocrx_word' id='word_1_127' title='bbox 1218 3205 1274 3254; x_wconf 86' lang='lat' dir='ltr'><strong>XVI</strong></span> <span class='ocrx_word' id='word_1_128' title='bbox 1291 3203 1339 3256; x_wconf 73' lang='lat' dir='ltr'><strong>tls</strong></span> <span class='ocrx_word' id='word_1_129' title='bbox 1359 3204 1452 3268; x_wconf 85' lang='lat' dir='ltr'><strong>prims-</strong></span> 
     </span>
     <span class='ocr_line' id='line_1_23' title="bbox 438 3299 1451 3366; baseline 0.003 -17"><span class='ocrx_word' id='word_1_130' title='bbox 438 3299 496 3349; x_wconf 83' lang='lat' dir='ltr'><strong>riem</strong></span> <span class='ocrx_word' id='word_1_131' title='bbox 522 3300 622 3350; x_wconf 81' lang='lat' dir='ltr'><strong>formem</strong></span> <span class='ocrx_word' id='word_1_132' title='bbox 644 3315 694 3348; x_wconf 85' lang='lat' dir='ltr'><strong>esee</strong></span> <span class='ocrx_word' id='word_1_133' title='bbox 718 3300 776 3349; x_wconf 88' lang='lat' dir='ltr'><strong>dicit</strong></span> <span class='ocrx_word' id='word_1_134' title='bbox 800 3303 919 3364; x_wconf 73' lang='grc' dir='ltr'><strong><em>νὶσσομαι,</em></strong></span> <span class='ocrx_word' id='word_1_135' title='bbox 946 3300 1057 3349; x_wconf 88' lang='lat' dir='ltr'><strong>similiter</strong></span> <span class='ocrx_word' id='word_1_136' title='bbox 1081 3316 1108 3350; x_wconf 86' lang='lat' dir='ltr'><strong>ec</strong></span> <span class='ocrx_word' id='word_1_137' title='bbox 1133 3303 1248 3365; x_wconf 73' lang='grc' dir='ltr'><strong><em>λὶοοομαε.</em></strong></span> <span class='ocrx_word' id='word_1_138' title='bbox 1281 3300 1341 3350; x_wconf 80' lang='lat' dir='ltr'><strong>eum</strong></span> <span class='ocrx_word' id='word_1_139' title='bbox 1367 3302 1451 3366; x_wconf 90' lang='lat' dir='ltr'><strong>priore</strong></span> 
     </span>
     <span class='ocr_line' id='line_1_24' title="bbox 436 3396 1450 3462; baseline 0.001 -15"><span class='ocrx_word' id='word_1_140' title='bbox 436 3397 529 3447; x_wconf 78' lang='lat' dir='ltr'><strong>reticos</strong></span> <span class='ocrx_word' id='word_1_141' title='bbox 547 3396 665 3445; x_wconf 78' lang='lat' dir='ltr'><strong>consentit</strong></span> <span class='ocrx_word' id='word_1_142' title='bbox 682 3396 786 3462; x_wconf 85' lang='lat' dir='ltr'><strong>scriptor</strong></span> <span class='ocrx_word' id='word_1_143' title='bbox 803 3397 968 3462; x_wconf 76' lang='lat' dir='ltr'><strong>Etymologioi</strong></span> <span class='ocrx_word' id='word_1_144' title='bbox 984 3396 1077 3461; x_wconf 74' lang='lat' dir='ltr'><strong>Magni.</strong></span> <span class='ocrx_word' id='word_1_145' title='bbox 1110 3399 1190 3462; x_wconf 81' lang='lat' dir='ltr'><strong>Atque</strong></span> <span class='ocrx_word' id='word_1_146' title='bbox 1207 3397 1246 3447; x_wconf 89' lang='lat' dir='ltr'><strong>hic</strong></span> <span class='ocrx_word' id='word_1_147' title='bbox 1263 3398 1371 3448; x_wconf 82' lang='lat' dir='ltr'><strong>futurum</strong></span> <span class='ocrx_word' id='word_1_148' title='bbox 1391 3399 1450 3448; x_wconf 85' lang='lat' dir='ltr'><strong>scri·</strong></span> 
     </span>
     <span class='ocr_line' id='line_1_25' title="bbox 435 3492 1449 3558; baseline 0.005 -18"><span class='ocrx_word' id='word_1_149' title='bbox 435 3492 472 3541; x_wconf 91' lang='lat' dir='ltr'><strong>bit</strong></span> <span class='ocrx_word' id='word_1_150' title='bbox 487 3508 531 3556; x_wconf 91' lang='lat' dir='ltr'><strong>per</strong></span> <span class='ocrx_word' id='word_1_151' title='bbox 547 3492 622 3556; x_wconf 78' lang='lat' dir='ltr'><strong>sigma</strong></span> <span class='ocrx_word' id='word_1_152' title='bbox 639 3492 755 3558; x_wconf 88' lang='lat' dir='ltr'><strong>simplex,</strong></span> <span class='ocrx_word' id='word_1_153' title='bbox 779 3497 806 3543; x_wconf 89' lang='lat' dir='ltr'><strong>ut</strong></span> <span class='ocrx_word' id='word_1_154' title='bbox 823 3494 895 3542; x_wconf 82' lang='lat' dir='ltr'><strong>ctiam</strong></span> <span class='ocrx_word' id='word_1_155' title='bbox 915 3493 967 3542; x_wconf 86' lang='lat' dir='ltr'><strong>fieri</strong></span> <span class='ocrx_word' id='word_1_156' title='bbox 985 3496 1095 3558; x_wconf 88' lang='lat' dir='ltr'><strong>oportere</strong></span> <span class='ocrx_word' id='word_1_157' title='bbox 1113 3496 1194 3543; x_wconf 90' lang='lat' dir='ltr'><strong>mouet</strong></span> <span class='ocrx_word' id='word_1_158' title='bbox 1211 3494 1353 3543; x_wconf 81' lang='lat' dir='ltr'><strong>Eustothius</strong></span> <span class='ocrx_word' id='word_1_159' title='bbox 1369 3494 1401 3543; x_wconf 85' lang='lat' dir='ltr'><strong>od</strong></span> <span class='ocrx_word' id='word_1_160' title='bbox 1418 3494 1449 3545; x_wconf 91' lang='lat' dir='ltr'><strong>Il.</strong></span> 
     </span>
     <span class='ocr_line' id='line_1_26' title="bbox 435 3588 1297 3654; baseline 0.002 -17"><span class='ocrx_word' id='word_1_161' title='bbox 435 3589 527 3637; x_wconf 82' lang='lat' dir='ltr'><strong>XXIII.</strong></span> <span class='ocrx_word' id='word_1_162' title='bbox 545 3588 586 3641; x_wconf 77' lang='lat'><strong>76.</strong></span> <span class='ocrx_word' id='word_1_163' title='bbox 621 3589 724 3638; x_wconf 87' lang='lat' dir='ltr'><strong>Verbum</strong></span> <span class='ocrx_word' id='word_1_164' title='bbox 742 3590 863 3654; x_wconf 88' lang='lat' dir='ltr'><strong>poeticum</strong></span> <span class='ocrx_word' id='word_1_165' title='bbox 882 3606 932 3638; x_wconf 84' lang='lat' dir='ltr'><strong>esse</strong></span> <span class='ocrx_word' id='word_1_166' title='bbox 949 3592 1031 3639; x_wconf 88' lang='lat' dir='ltr'><strong>mouet</strong></span> <span class='ocrx_word' id='word_1_167' title='bbox 1048 3588 1078 3639; x_wconf 85' lang='lat' dir='ltr'><strong>sd</strong></span> <span class='ocrx_word' id='word_1_168' title='bbox 1094 3590 1124 3639; x_wconf 89' lang='lat' dir='ltr'><strong>II.</strong></span> <span class='ocrx_word' id='word_1_169' title='bbox 1141 3589 1223 3639; x_wconf 86' lang='lat' dir='ltr'><strong>XVIII</strong></span> <span class='ocrx_word' id='word_1_170' title='bbox 1241 3590 1297 3639; x_wconf 80' lang='grc'>565.</span> 
     </span>
    </p>

    <p class='ocr_par' dir='ltr' id='par_1_5' title="bbox 432 3684 1451 4036">
     <span class='ocr_line' id='line_1_27' title="bbox 468 3684 1451 3755; baseline 0.004 -22"><span class='ocrx_word' id='word_1_171' title='bbox 468 3684 510 3734; x_wconf 80' lang='grc'><strong>21.</strong></span> <span class='ocrx_word' id='word_1_172' title='bbox 535 3689 662 3755; x_wconf 73' lang='grc' dir='ltr'><strong><em>βλεφάρων.</em></strong></span> <span class='ocrx_word' id='word_1_173' title='bbox 697 3685 735 3735; x_wconf 80' lang='lat' dir='ltr'><strong>Sto</strong></span> <span class='ocrx_word' id='word_1_174' title='bbox 759 3686 828 3744; x_wconf 87' lang='lat' dir='ltr'><strong>libri,</strong></span> <span class='ocrx_word' id='word_1_175' title='bbox 852 3690 968 3750; x_wconf 78' lang='lat' dir='ltr'><strong>quantum</strong></span> <span class='ocrx_word' id='word_1_176' title='bbox 993 3686 1050 3736; x_wconf 93' lang='lat' dir='ltr'><strong>scio.</strong></span> <span class='ocrx_word' id='word_1_177' title='bbox 1084 3685 1192 3749; x_wconf 86' lang='lat' dir='ltr'><strong>Heynius</strong></span> <span class='ocrx_word' id='word_1_178' title='bbox 1206 3684 1257 3749; x_wconf 85' lang='lat' dir='ltr'><strong>jem</strong></span> <span class='ocrx_word' id='word_1_179' title='bbox 1274 3684 1349 3734; x_wconf 79' lang='lat' dir='ltr'><strong>ecidit</strong></span> <span class='ocrx_word' id='word_1_180' title='bbox 1364 3687 1451 3753; x_wconf 74' lang='grc' dir='ltr'><strong><em>γλεφά·</em></strong></span> 
     </span>
     <span class='ocr_line' id='line_1_28' title="bbox 432 3781 1449 3850; baseline 0.001 -19"><span class='ocrx_word' id='word_1_181' title='bbox 432 3802 488 3850; x_wconf 78' lang='grc' dir='ltr'><strong><em>ρων,</em></strong></span> <span class='ocrx_word' id='word_1_182' title='bbox 512 3785 638 3846; x_wconf 80' lang='lat' dir='ltr'><strong>propterea</strong></span> <span class='ocrx_word' id='word_1_183' title='bbox 660 3782 723 3846; x_wconf 86' lang='lat' dir='ltr'><strong>quod</strong></span> <span class='ocrx_word' id='word_1_184' title='bbox 739 3782 773 3831; x_wconf 83' lang='lat' dir='ltr'><strong>ito</strong></span> <span class='ocrx_word' id='word_1_185' title='bbox 791 3782 907 3847; x_wconf 87' lang='lat' dir='ltr'><strong>scriptum</strong></span> <span class='ocrx_word' id='word_1_186' title='bbox 925 3785 961 3831; x_wconf 90' lang='lat' dir='ltr'><strong>est</strong></span> <span class='ocrx_word' id='word_1_187' title='bbox 978 3782 1022 3847; x_wconf 83' lang='lat' dir='ltr'><strong>Py.</strong></span> <span class='ocrx_word' id='word_1_188' title='bbox 1043 3782 1074 3830; x_wconf 87' lang='lat' dir='ltr'><strong>IV</strong></span> <span class='ocrx_word' id='word_1_189' title='bbox 1093 3782 1154 3840; x_wconf 82' lang='lat'><strong>216,</strong></span> <span class='ocrx_word' id='word_1_190' title='bbox 1173 3782 1215 3831; x_wconf 91' lang='lat' dir='ltr'><strong>lst.</strong></span> <span class='ocrx_word' id='word_1_191' title='bbox 1233 3781 1294 3830; x_wconf 89' lang='lat' dir='ltr'><strong>Vlll</strong></span> <span class='ocrx_word' id='word_1_192' title='bbox 1311 3781 1351 3831; x_wconf 81' lang='lat'><strong>99.</strong></span> <span class='ocrx_word' id='word_1_193' title='bbox 1386 3782 1449 3832; x_wconf 74' lang='lat' dir='ltr'><strong>Ilor-</strong></span> 
     </span>
     <span class='ocr_line' id='line_1_29' title="bbox 434 3877 1449 3943; baseline 0.002 -18"><span class='ocrx_word' id='word_1_194' title='bbox 434 3881 496 3925; x_wconf 83' lang='lat' dir='ltr'><strong>tesse</strong></span> <span class='ocrx_word' id='word_1_195' title='bbox 521 3892 584 3926; x_wconf 87' lang='lat' dir='ltr'><strong>vere.</strong></span> <span class='ocrx_word' id='word_1_196' title='bbox 616 3877 705 3926; x_wconf 88' lang='lat' dir='ltr'><strong>Verum</strong></span> <span class='ocrx_word' id='word_1_197' title='bbox 732 3877 783 3925; x_wconf 88' lang='lat' dir='ltr'><strong>fieri</strong></span> <span class='ocrx_word' id='word_1_198' title='bbox 810 3881 903 3941; x_wconf 88' lang='lat' dir='ltr'><strong>potest,</strong></span> <span class='ocrx_word' id='word_1_199' title='bbox 930 3882 959 3927; x_wconf 87' lang='lat' dir='ltr'><strong>ut</strong></span> <span class='ocrx_word' id='word_1_200' title='bbox 984 3878 1058 3927; x_wconf 83' lang='lat' dir='ltr'><strong>Poetc</strong></span> <span class='ocrx_word' id='word_1_201' title='bbox 1082 3894 1130 3926; x_wconf 87' lang='lat' dir='ltr'><strong>noo</strong></span> <span class='ocrx_word' id='word_1_202' title='bbox 1154 3893 1247 3943; x_wconf 89' lang='lat' dir='ltr'><strong>semper</strong></span> <span class='ocrx_word' id='word_1_203' title='bbox 1270 3878 1353 3926; x_wconf 85' lang='lat' dir='ltr'><strong>eodem</strong></span> <span class='ocrx_word' id='word_1_204' title='bbox 1374 3878 1449 3927; x_wconf 78' lang='lat' dir='ltr'><strong>morlo</strong></span> 
     </span>
     <span class='ocr_line' id='line_1_30' title="bbox 433 3972 563 4036; baseline 0.008 -16"><span class='ocrx_word' id='word_1_205' title='bbox 433 3972 563 4036; x_wconf 85' lang='lat' dir='ltr'><strong>scripserIt.</strong></span> 
     </span>
    </p>

    <p class='ocr_par' dir='ltr' id='par_1_6' title="bbox 432 4068 1447 4230">
     <span class='ocr_line' id='line_1_31' title="bbox 469 4068 1447 4139; baseline 0.001 -22"><span class='ocrx_word' id='word_1_206' title='bbox 469 4068 508 4118; x_wconf 82' lang='lat'><strong>23.</strong></span> <span class='ocrx_word' id='word_1_207' title='bbox 534 4073 604 4139; x_wconf 64' lang='grc' dir='ltr'><strong><em>βάλῃ.</em></strong></span> <span class='ocrx_word' id='word_1_208' title='bbox 640 4069 676 4117; x_wconf 85' lang='lat' dir='ltr'><strong>lto</strong></span> <span class='ocrx_word' id='word_1_209' title='bbox 693 4068 770 4118; x_wconf 88' lang='lat' dir='ltr'><strong>edidit</strong></span> <span class='ocrx_word' id='word_1_210' title='bbox 787 4068 934 4127; x_wconf 84' lang='lat' dir='ltr'><strong>Boeclrhius,</strong></span> <span class='ocrx_word' id='word_1_211' title='bbox 952 4085 1000 4117; x_wconf 90' lang='lat' dir='ltr'><strong>uon</strong></span> <span class='ocrx_word' id='word_1_212' title='bbox 1018 4068 1069 4117; x_wconf 91' lang='lat' dir='ltr'><strong>sine</strong></span> <span class='ocrx_word' id='word_1_213' title='bbox 1086 4068 1200 4119; x_wconf 89' lang='lat' dir='ltr'><strong>librorum</strong></span> <span class='ocrx_word' id='word_1_214' title='bbox 1213 4069 1363 4121; x_wconf 67' lang='lat' dir='ltr'><strong>auctoritate.</strong></span> <span class='ocrx_word' id='word_1_215' title='bbox 1379 4068 1447 4136; x_wconf 77' lang='lat' dir='ltr'><strong>Hey·</strong></span> 
     </span>
     <span class='ocr_line' id='line_1_32' title="bbox 432 4162 578 4230; baseline -0.007 -19"><span class='ocrx_word' id='word_1_216' title='bbox 432 4162 486 4211; x_wconf 89' lang='lat' dir='ltr'><strong>uius</strong></span> <span class='ocrx_word' id='word_1_217' title='bbox 502 4167 578 4230; x_wconf 77' lang='grc' dir='ltr'><strong><em>βάλοι.</em></strong></span> 
     </span>
    </p>

    <p class='ocr_par' dir='ltr' id='par_1_7' title="bbox 429 4254 1446 4515">
     <span class='ocr_line' id='line_1_33' title="bbox 465 4254 1445 4329; baseline 0.004 -22"><span class='ocrx_word' id='word_1_218' title='bbox 465 4258 505 4309; x_wconf 80' lang='lat'><strong>26.</strong></span> <span class='ocrx_word' id='word_1_219' title='bbox 530 4259 743 4329; x_wconf 64' lang='grc' dir='ltr'><strong><em>Ἀμφιτρυωνιάδας.</em></strong></span> <span class='ocrx_word' id='word_1_220' title='bbox 778 4260 817 4308; x_wconf 83' lang='lat' dir='ltr'><strong>lto</strong></span> <span class='ocrx_word' id='word_1_221' title='bbox 839 4263 937 4323; x_wconf 88' lang='lat' dir='ltr'><strong>propter</strong></span> <span class='ocrx_word' id='word_1_222' title='bbox 960 4264 1064 4309; x_wconf 87' lang='lat' dir='ltr'><strong>metrum</strong></span> <span class='ocrx_word' id='word_1_223' title='bbox 1082 4260 1197 4324; x_wconf 89' lang='lat' dir='ltr'><strong>scriptum</strong></span> <span class='ocrx_word' id='word_1_224' title='bbox 1214 4254 1264 4310; x_wconf 77' lang='lat' dir='ltr'><strong>esse</strong></span> <span class='ocrx_word' id='word_1_225' title='bbox 1281 4259 1339 4309; x_wconf 86' lang='lat' dir='ltr'><strong>dicit</strong></span> <span class='ocrx_word' id='word_1_226' title='bbox 1355 4258 1445 4311; x_wconf 83' lang='lat' dir='ltr'><strong>scholi·</strong></span> 
     </span>
     <span class='ocr_line' id='line_1_34' title="bbox 430 4356 1446 4426; baseline 0.006 -23"><span class='ocrx_word' id='word_1_227' title='bbox 430 4359 482 4403; x_wconf 85' lang='lat' dir='ltr'><strong>esto</strong></span> <span class='ocrx_word' id='word_1_228' title='bbox 505 4356 624 4404; x_wconf 87' lang='lat' dir='ltr'><strong>recentior</strong></span> <span class='ocrx_word' id='word_1_229' title='bbox 647 4371 691 4418; x_wconf 88' lang='lat' dir='ltr'><strong>pro</strong></span> <span class='ocrx_word' id='word_1_230' title='bbox 717 4356 913 4423; x_wconf 62' lang='lat' dir='ltr'><strong>’Apprrpooslioe</strong></span> <span class='ocrx_word' id='word_1_231' title='bbox 949 4357 980 4404; x_wconf 80' lang='lat' dir='ltr'><strong>llt</strong></span> <span class='ocrx_word' id='word_1_232' title='bbox 1004 4356 1030 4405; x_wconf 88' lang='lat' dir='ltr'><strong>iu</strong></span> <span class='ocrx_word' id='word_1_233' title='bbox 1053 4356 1104 4406; x_wconf 79' lang='lat' dir='ltr'><strong>Pal.</strong></span> <span class='ocrx_word' id='word_1_234' title='bbox 1131 4357 1150 4404; x_wconf 80' lang='grc' dir='ltr'>Ο</span> <span class='ocrx_word' id='word_1_235' title='bbox 1176 4373 1226 4407; x_wconf 80' lang='lat' dir='ltr'><strong>erse</strong></span> <span class='ocrx_word' id='word_1_236' title='bbox 1252 4356 1446 4426; x_wconf 72' lang='grc' dir='ltr'><strong><em>Ἀρριτρνωνὶδας</em></strong></span> 
     </span>
     <span class='ocr_line' id='line_1_35' title="bbox 429 4451 643 4515; baseline 0.005 -16"><span class='ocrx_word' id='word_1_237' title='bbox 429 4451 500 4499; x_wconf 87' lang='lat' dir='ltr'><strong>docet</strong></span> <span class='ocrx_word' id='word_1_238' title='bbox 517 4451 643 4515; x_wconf 82' lang='lat' dir='ltr'><strong>Koyeerus.</strong></span> 
     </span>
    </p>
   </div>
   <div class='ocr_carea' id='block_1_5' title="bbox 463 4543 1445 4612">
    <p class='ocr_par' dir='ltr' id='par_1_8' title="bbox 463 4543 1445 4612">
     <span class='ocr_line' id='line_1_36' title="bbox 463 4543 1445 4612; baseline 0.003 -18"><span class='ocrx_word' id='word_1_239' title='bbox 463 4545 503 4596; x_wconf 79' lang='lat'><strong>29.</strong></span> <span class='ocrx_word' id='word_1_240' title='bbox 527 4543 592 4612; x_wconf 61' lang='lat'>⁵⁰7¹·</span> <span class='ocrx_word' id='word_1_241' title='bbox 625 4547 663 4595; x_wconf 87' lang='lat' dir='ltr'><strong>Sic</strong></span> <span class='ocrx_word' id='word_1_242' title='bbox 684 4546 777 4595; x_wconf 79' lang='lat' dir='ltr'><strong>codices</strong></span> <span class='ocrx_word' id='word_1_243' title='bbox 799 4546 920 4611; x_wconf 88' lang='lat' dir='ltr'><strong>plerique,</strong></span> <span class='ocrx_word' id='word_1_244' title='bbox 939 4546 964 4594; x_wconf 90' lang='lat' dir='ltr'><strong>in</strong></span> <span class='ocrx_word' id='word_1_245' title='bbox 983 4546 1011 4595; x_wconf 91' lang='lat' dir='ltr'><strong>iis</strong></span> <span class='ocrx_word' id='word_1_246' title='bbox 1028 4546 1089 4596; x_wconf 79' lang='lat' dir='ltr'><strong>Uret</strong></span> <span class='ocrx_word' id='word_1_247' title='bbox 1106 4549 1127 4596; x_wconf 79' lang='lat' dir='ltr'>A</span> <span class='ocrx_word' id='word_1_248' title='bbox 1145 4552 1169 4597; x_wconf 89' lang='lat' dir='ltr'><strong>et</strong></span> <span class='ocrx_word' id='word_1_249' title='bbox 1187 4548 1215 4596; x_wconf 92' lang='lat' dir='ltr'><strong>B.</strong></span> <span class='ocrx_word' id='word_1_250' title='bbox 1249 4548 1276 4596; x_wconf 87' lang='lat' dir='ltr'><strong>lo</strong></span> <span class='ocrx_word' id='word_1_251' title='bbox 1293 4548 1346 4598; x_wconf 85' lang='lat' dir='ltr'><strong>Pel.</strong></span> <span class='ocrx_word' id='word_1_252' title='bbox 1364 4548 1397 4607; x_wconf 84' lang='lat' dir='ltr'><strong>C,</strong></span> <span class='ocrx_word' id='word_1_253' title='bbox 1415 4551 1445 4597; x_wconf 89' lang='lat' dir='ltr'><strong>ot</strong></span> 
     </span>
    </p>
   </div>
   <div class='ocr_carea' id='block_1_6' title="bbox 0 0 1888 5534">
    <p class='ocr_par' dir='ltr' id='par_1_9' title="bbox 0 0 1888 5534">
     <span class='ocr_line' id='line_1_37' title="bbox 0 0 1888 5534; baseline 0 8"><span class='ocrx_word' id='word_1_254' title='bbox 0 0 1888 5534; x_wconf 95' lang='lat' dir='ltr'><strong> </strong></span> 
     </span>
    </p>
   </div>
  </div>
 </body>
</html>
