3767 5534
926 711 968 771 lo

434 932 532 994 quum
563 910 611 974 vel
640 911 777 975 fabulam
808 912 985 975 emendaret
1010 913 1057 976 vel
1081 914 1245 998 corrigeret
1268 937 1305 977 ca
1327 913 1449 990 studia,

432 1051 513 1113 qnae
534 1052 628 1115 prava
645 1030 809 1116 judiearet.
855 1031 914 1095 llle
938 1054 1010 1095 sero
1028 1032 1164 1096 multum
1180 1056 1304 1117 quoque
1323 1034 1450 1119 perfecit

432 1148 569 1212 silendo:
600 1150 677 1233 quid
708 1152 791 1214 enim
821 1175 840 1214 a
865 1154 1034 1237 jactatione
1060 1161 1212 1217 remotum
1234 1155 1349 1237 magis,
1372 1154 1449 1237 quid

433 1269 601 1353 sapientiae
624 1270 821 1355 conjunctius
843 1293 937 1354 qnam
960 1271 1073 1334 silere?
1087 1272 1112 1353 ¹)

479 1389 583 1471 Atque
611 1388 705 1473 hujus
736 1389 852 1452 silentii
882 1389 1057 1475 exemplum
1088 1391 1120 1453 in
1144 1390 1279 1475 ejusdem
1305 1390 1449 1455 Herculis

431 1506 610 1570 laudatione
629 1506 732 1571 videre
750 1508 831 1571 licet.
867 1507 1021 1572 Novimus
1040 1532 1114 1572 sane
1129 1509 1297 1573 Herculeos
1314 1509 1448 1585 laboras,

431 1633 525 1709 atque
558 1626 592 1689 in
626 1627 726 1710 poetis
756 1628 893 1711 antiquis
923 1629 1000 1691 iram
1029 1628 1163 1692 Jnnonis
1192 1630 1263 1691 ferri
1292 1636 1447 1691 tantarum

432 1767 556 1810 cansam
578 1745 798 1810 molestiarum.
845 1746 985 1810 Multum
1007 1755 1111 1811 antem
1133 1756 1165 1811 et
1187 1770 1277 1832 saepe
1296 1747 1448 1810 Pindarus

433 1865 467 1929 in
489 1864 625 1930 Hercule
647 1867 775 1951 ejusque
798 1868 942 1952 operibus
966 1868 1111 1931 canendis
1130 1874 1282 1943 versatur,
1303 1875 1340 1930 ut
1357 1888 1448 1930 nemo

434 1991 595 2070 pottarum
624 1985 739 2070 magis:
771 1994 803 2049 et
832 1994 936 2050 tamen
966 2009 1085 2071 semper
1112 1986 1262 2051 abstinuit
1285 2009 1304 2049 a
1325 1986 1450 2070 copiosa

434 2111 466 2167 et
496 2104 598 2189 ampla
627 2105 761 2169 invidiae
789 2105 924 2169 Junonis
957 2106 1253 2169 commemoratione.
1300 2104 1338 2167 In
1360 2104 1450 2167 inuu-

433 2222 525 2287 meris
555 2246 651 2308 paene
681 2224 773 2302 loeis,
806 2225 919 2309 quibus
941 2225 996 2288 illa
1019 2225 1283 2301 commemoratio,
1307 2224 1333 2286 si
1356 2222 1449 2285 tradi·

433 2351 501 2405 tum
532 2365 551 2405 a
580 2343 734 2427 prioribus
766 2366 881 2408 morem
912 2353 1037 2408 secutus
1067 2344 1168 2408 fuerat
1191 2343 1359 2419 Pindarus,
1383 2342 1448 2404 fieri

434 2461 577 2525 debuisse
608 2462 786 2540 videbatur,
819 2486 916 2527 unum
946 2470 1068 2526 tantum
1090 2462 1245 2538 invenias,
1270 2483 1332 2545 quo
1355 2483 1373 2523 a
1394 2460 1449 2524 Ju-

434 2603 514 2645 none
546 2582 674 2646 missum
701 2583 871 2667 periculum
896 2590 1058 2647 memoret:
1083 2582 1115 2645 iu
1139 2604 1237 2664 eoque
1259 2582 1326 2665 ipso
1349 2579 1448 2643 brevis

435 2708 497 2777 est,
533 2723 589 2765 uec
623 2723 824 2787 magnopere,
861 2711 897 2765 ut
931 2708 1038 2786 poetae
1073 2701 1190 2777 solent,
1221 2699 1325 2763 infesti
1354 2697 1448 2761 animi

434 2819 571 2904 epitheta
600 2820 687 2884 addit
716 2822 838 2905 reginae
865 2820 1011 2884 Deorum.
1058 2818 1160 2883 Locus
1184 2827 1230 2882 est
1253 2815 1446 2903 hujusmodi:

434 2938 563 3018 „Quum
587 2962 603 3002 e
626 2939 742 3024 gremio
771 2941 877 3003 matris
907 2940 1054 3004 continuo
1078 2941 1110 3003 in
1133 2939 1234 3002 lucem
1257 2936 1343 2999 Jovis
1366 2935 1447 2998 filius

435 3080 505 3122 eum
524 3060 646 3143 gemino
665 3058 757 3123 fratre
776 3059 909 3136 veniret,
930 3081 993 3122 nou
1012 3058 1105 3122 latuit
1123 3058 1296 3134 lunonem,
1317 3054 1370 3119 sed
1389 3053 1449 3117 De·

435 3199 523 3240 orum
543 3178 650 3261 regina
673 3177 799 3241 incitata
822 3178 924 3241 animo
948 3178 1032 3241 misit
1055 3186 1209 3261 serpentes
1233 3171 1413 3239 contiuuo.''
1426 3172 1448 3255 9)

435 3295 545 3381 Neque
568 3296 700 3382 amplius
723 3298 756 3361 in
777 3297 901 3361 Juuoue
927 3305 1081 3374 moratur,
1107 3295 1160 3359 sed
1183 3295 1282 3381 pergit
1302 3293 1449 3357 continuo

435 3416 474 3479 ad
504 3415 612 3480 laudes
643 3415 786 3480 Herculis
817 3416 984 3481 interfectis
1009 3413 1199 3499 serpentibus
1222 3421 1341 3498 partas,
1366 3433 1449 3497 prae-

436 3534 616 3619 sagiumque
639 3535 670 3597 in
695 3534 732 3597 iis
756 3534 891 3619 positum
915 3534 1089 3619 ingentium
1112 3533 1318 3596 victoriarum.
1366 3528 1450 3608 Qua·

435 3659 560 3738 propter
591 3659 730 3737 apertum
762 3652 886 3735 quidem
918 3658 979 3729 est,
1009 3651 1135 3735 periculi
1158 3650 1344 3714 mentionem
1366 3648 1449 3724 fieri,

436 3795 499 3836 nou
522 3794 584 3856 quo
607 3772 653 3835 ira
675 3780 878 3855 cognoscatur
900 3771 1000 3848 illius,
1024 3792 1101 3853 quae
1120 3768 1291 3854 periculum
1310 3768 1449 3844 miserat,
1528 3804 1534 3815 ·

436 3891 490 3955 sed
509 3897 545 3955 ut
564 3891 590 3954 is
610 3890 829 3967 celebraretur,
850 3890 905 3974 qui
925 3897 1129 3974 superaverat.
1165 3888 1206 3952 Et
1221 3896 1323 3951 tamen
1339 3886 1450 3962 fateor,

436 4010 513 4075 mihi
535 4032 598 4074 non
622 4010 747 4073 omnino
771 4010 855 4073 hunc
878 4008 980 4073 locum
1005 4030 1073 4071 cum
1090 4007 1210 4091 reliquo
1227 4005 1353 4069 Pindari
1367 4026 1451 4068 more

436 4130 598 4195 convenire
628 4129 733 4193 videri.
781 4129 980 4215 Quapropter
1004 4126 1202 4191 statuendum
1226 4133 1289 4202 est,
1314 4123 1450 4188 studium

437 4248 530 4312 brisce
560 4247 693 4311 Pindaro
725 4247 852 4311 meliora
883 4247 920 4311 de
953 4247 1020 4311 Diis
1045 4245 1184 4322 dicendi,
1208 4267 1271 4308 non
1295 4264 1364 4307 vero
1387 4264 1453 4327 per·

437 4416 616 4429 μ

474 4512 498 4571 1)
514 4508 583 4559 conr.
603 4508 640 4558 ot.
659 4507 698 4557 ιι.
716 4506 855 4558 ias-las.
956 4506 980 4566 a)
997 4507 1062 4556 sem.
1080 4506 1104 4555 J.
1122 4505 1162 4555 sa.
