3767 5534
1012 708 1074 769 382

540 912 592 969 tur
615 905 653 969 de
676 906 783 971 decore
807 909 936 971 maxime
960 898 1134 995 conspicuo
1160 908 1218 971 Sed
1242 909 1291 972 hio
1314 909 1437 993 quidem
1455 910 1552 994 magis

540 1026 721 1109 significatio
751 1028 890 1090 convenit
915 1021 1140 1112 quodammodo
1164 1050 1233 1092 cum
1258 1028 1435 1093 Herodoto:
1462 1052 1552 1129 nam,

437 1203 440 1211 .
540 1166 723 1227 quamquam
747 1143 863 1208 decoris
887 1153 917 1207 11
940 1146 1076 1209 caritatis
1097 1146 1317 1229 significatione
1338 1169 1400 1211 non
1417 1155 1551 1223 semota,

538 1269 639 1327 tamen
658 1263 849 1348 praedicatur
870 1264 999 1328 maxime
1019 1264 1087 1327 laus
1100 1264 1253 1341 vaticinii,
1267 1287 1328 1349 quo
1342 1265 1550 1351 Amphiaraus

537 1382 664 1446 consilia
683 1382 832 1461 dedisset,
849 1382 1006 1446 veritatem
1018 1384 1200 1467 aperuisset,
1216 1384 1319 1448 lutura
1335 1384 1544 1469 praevidisset.

528 1504 532 1512 '
583 1502 634 1566 27.
670 1502 844 1584 ἀμφότερον.
880 1500 1414 1569 011161Η1111Π1179

579 1619 743 1701 ἀμφότερον
766 1619 909 1696 βασιλεύς
934 1620 962 1684 τ’
985 1621 1094 1697 avuta
1118 1621 1252 1701 κρατερός
1275 1625 1303 1686 τ’
1326 1624 1492 1702 αἰχμητής.

534 1739 580 1803 De
603 1738 789 1823 Amphiarao
813 1738 908 1825 Soph.
933 1739 1009 1804 Oed.
1036 1738 1101 1803 Col.
1129 1743 1212 1804 1313

664 1854 716 1930 οἷος
740 1858 898 1939 δορύσσους·
911 1860 1119 1940 Ἀμφιάρεω,
1144 1860 1185 1924 τὰ
1209 1864 1310 1940 πρῶτοι
1333 1860 1387 1938 μὲν

663 1976 716 2056 δορὶ
740 1976 884 2057 κροντύνων
907 1981 1008 2058 πρῶτοι
1031 1975 1054 2041 δ’
1078 1978 1174 2042 οἰωνῶν
1197 1978 1276 2049 ὁδοῖς.

576 2098 627 2159 30.
663 2097 767 2172 κώμου.
804 2096 883 2159 Sunt
915 2097 969 2180 qui
1000 2096 1058 2159 hoc
1091 2096 1239 2160 vocabulo
1262 2118 1405 2181 pompam
1429 2096 1543 2180 signifi·

532 2215 593 2278 cari
616 2215 749 2278 credant.
797 2214 854 2278 Est
876 2237 947 2277 vero
971 2215 1082 2279 festum
1100 2236 1236 2279 carmen.
1262 2212 1307 2280 Of.
1332 2214 1541 2300 Ρ11Π131

532 2343 562 2397 11
593 2334 690 2397 multa
720 2333 866 2417 exempla.
915 2332 1059 2397 Getarum
1089 2334 1156 2397 laus
1181 2334 1360 2418 Amphiarai
1383 2356 1480 2418 quum
1503 2334 1541 2398 ad

533 2454 673 2537 Agesiam
697 2453 911 2530 transferatur,
936 2452 1100 2516 scholiasta
1124 2461 1211 2516 vetus
1233 2475 1302 2516 eum
1319 2475 1389 2517 cum
1407 2452 1542 2517 Hierone
1642 2482 1645 2489 >

530 2571 675 2635 militasse
699 2579 730 2636 et
751 2571 850 2636 multa
873 2571 953 2635 bella
976 2571 1120 2635 vaticinio
1137 2578 1166 2635 et
1181 2572 1363 2636 fortitudine
1378 2572 1541 2656 perfecisse

529 2689 620 2754 dicit:
652 2690 759 2755 saltem
782 2690 813 2754 id
836 2691 969 2766 narrari,
993 2691 1071 2770 φασὶ
1096 2690 1163 2770 γάρ.
1211 2689 1354 2754 11111111
1377 2698 1483 2753 vatum
1507 2690 1540 2754 in

528 2809 615 2875 bellis
629 2809 767 2894 gerendis
783 2810 945 2873 maximam
961 2810 1054 2872 luisse
1065 2809 1230 2872 utilitatem
1242 2810 1454 2872 annotavimus
1468 2831 1537 2895 pag.

528 2932 591 2995 372
604 2936 635 2993 et
647 2932 726 2995 373:
741 2930 829 2993 etiam
841 2902 1065 3013 Thrasybulus,
1079 2929 1117 2993 de
1126 2951 1187 3013 quo
1197 2929 1371 3015 scripsimus
1380 2951 1448 3013 pag.
1460 2930 1537 3007 373,

525 3051 557 3113 in
589 3049 703 3136 proelio
737 3048 996 3112 Mantineensium
1023 3049 1167 3112 adversus
1191 3047 1447 3112 Lacedaemonios
1470 3047 1537 3132 ipse
1622 3038 1625 3044 ’

528 3168 693 3255 pugnando
723 3168 878 3232 interluit:
906 3170 982 3241 νίκνν
1005 3194 1039 3232 τε
1061 3175 1121 3238 τοῖς
1144 3173 1322 3232 Μαντινεῦσι
1346 3166 1537 3246 προηγόρευσε

525 3290 575 3354 κον)
599 3288 686 3360 αὐτός
709 3294 808 3369 σφισιν
832 3294 882 3352 τοῦ
905 3288 988 3367 ἔργου
1013 3280 1178 3368 protegar:
1202 3287 1334 3351 Pausan.
1359 3287 1380 3351 l.
1402 3287 1422 3351 l.
1447 3271 1535 3352 Prae

525 3416 607 3473 terea
637 3408 695 3471 hoc
725 3407 856 3471 carmine
888 3430 921 3469 vs
948 3409 1121 3472 165-175
1146 3407 1280 3471 amicitia
1303 3413 1334 3471 et
1357 3408 1532 3492 conjunctio

524 3527 667 3609 Hieronis
691 3534 722 3589 et
744 3526 873 3609 Agesiac
893 3524 1047 3590 laudatur.
1072 3526 1165 3590 Recte
1177 3535 1278 3590 tamen
1291 3526 1397 3590 scribit
1409 3500 1532 3590 Karste-

522 3645 610 3721 nius,
634 3644 717 3709 haud
739 3644 902 3709 verisimile
924 3667 1006 3721 1111,
1020 3644 1181 3708 aPindaro
1194 3653 1310 3708 tantam
1324 3644 1453 3727 Agesiae
1465 3644 1529 3708 lau·

524 3763 592 3828 dem
614 3764 659 3827 ita
681 3764 791 3848 raptim
815 3770 845 3826 11
868 3762 996 3827 obscure
1020 3762 1185 3827 aPindaro
1202 3762 1401 3847 significatam
1420 3762 1529 3841 1111111,

524 3891 555 3947 11
577 3882 757 3947 scholiastae
780 3882 989 3946 testimonium
1013 3904 1112 3945 carere
1137 3881 1328 3945 auctoritate.
1372 3878 1531 3965 Compara·

523 4009 575 4065 tur
606 4003 730 4065 omnino
761 4000 874 4085 duplex
906 3999 1082 4084 Amphiarai
1112 4000 1179 4063 laus
1208 4021 1278 4062 cum
1301 3997 1417 4082 duplici
1439 3997 1530 4062 laude

523 4122 668 4205 Agesiae:
699 4120 792 4206 hujus
815 4118 937 4205 quidem
962 4120 994 4182 in
1019 4118 1163 4182 vaticinio
1187 4125 1216 4182 11
1239 4118 1403 4181 certamine
1427 4115 1531 4202 Olym·

521 4241 572 4326 pio
604 4240 718 4326 posita:
750 4262 821 4304 nam
844 4238 903 4302 hoc
925 4239 1026 4323 ipsum
1049 4260 1145 4322 genus
1169 4236 1306 4300 certandi
1329 4259 1418 4321 saepe
1441 4236 1529 4321 quasi

520 4348 646 4424 bellicae
677 4357 880 4422 contentionis
911 4355 1042 4420 habetur
1073 4354 1187 4437 simile:
1220 4354 1298 4419 vide⁴
1314 4354 1407 4440 hujus
1430 4355 1527 4439 ipsius

520 4478 661 4543 carminis
684 4500 717 4541 vs
744 4478 889 4540 ldss-ll:
915 4473 1074 4539 111171
