3767 5534
904 714 968 775 259

479 916 631 982 Memorat
659 916 792 981 Thomas
820 917 988 1023 Magister,
1014 915 1248 1001 Aristophanem
1274 916 1447 999 grammati·

433 1054 506 1097 cum
536 1032 723 1120 disposuisse
752 1033 880 1099 Pindari
910 1035 1064 1112 carmina,
1100 1041 1131 1097 et
1162 1034 1260 1119 primo
1291 1033 1357 1097 loco
1389 1035 1447 1097 lroc

433 1175 556 1219 carmen
588 1155 744 1240 posuisse,
773 1155 847 1239 quia
878 1156 1048 1221 contineret
1071 1155 1244 1219 certaminis
1267 1154 1362 1239 ipsius
1387 1155 1449 1219 lou·

432 1272 590 1340 datiomm
613 1283 714 1339 otras
736 1273 874 1361 Pelopis,
898 1276 953 1360 qui
978 1277 1093 1360 primus
1117 1276 1150 1339 in
1169 1273 1258 1339 Elide
1278 1274 1447 1339 certaverit.

480 1392 583 1458 Etiam
606 1393 681 1459 alibi
704 1415 772 1460 cum
797 1391 960 1480 Olympico
984 1393 1148 1458 certamine
1173 1392 1295 1479 Pelopis
1319 1393 1446 1479 gloriam

432 1510 532 1576 Poeta
554 1512 731 1599 conjungit,
757 1514 841 1577 velut
864 1510 962 1578 Olv
986 1515 1026 1575 21
1053 1519 1084 1577 et
1107 1510 1157 1577 Ol.
1182 1512 1229 1576 IX
1258 1515 1308 1577 15.

484 1752 514 1814 l.
547 1747 662 1831 ἄριστον
683 1750 738 1829 μὲν
761 1747 840 1831 ὕδωρ.
888 1749 1004 1815 Eodem
1033 1757 1079 1814 est
1103 1771 1201 1836 aquae
1225 1757 1256 1813 et
1280 1749 1347 1814 auri
1370 1770 1451 1813 com·

433 1868 555 1953 paratio
578 1890 649 1933 cnm
673 1890 792 1933 summa
815 1891 917 1933 rerum
942 1869 1129 1954 praestantia
1147 1866 1197 1931 Ol.
1219 1866 1271 1932 III
1293 1871 1343 1934 75.
1372 1868 1452 1933 Lau·

433 1986 512 2050 data
541 1994 643 2051 autem
674 1994 721 2051 est
751 1992 831 2072 aqua
862 1995 987 2073 propter
1017 1987 1203 2065 utilitatem,
1236 1994 1271 2050 ut
1299 1994 1346 2051 est
1369 1986 1452 2071 apud

433 2105 653 2183 Aristotelem,
677 2104 768 2170 Rhet.
793 2104 810 2169 I
835 2109 870 2172 l:
894 2104 987 2171 ἄλλον
1010 2106 1040 2169 δέ
1062 2105 1164 2187 τρόπον
1183 2106 1216 2171 τὸ
1235 2102 1358 2187 ἄφθονον
1380 2107 1455 2189 (μεί-

432 2223 495 2309 ζον)
520 2230 570 2290 ποῦ
592 2223 732 2302 σπανίον,
756 2223 799 2290 ὅτι
822 2226 839 2301 >l
862 2233 966 2305 χρῆσις
991 2224 1145 2304 ὑπερέχει·
1168 2224 1202 2289 πὸ
1224 2225 1285 2305 γαρ
1311 2224 1453 2297 πολλοίκις

432 2347 490 2409 ποῦ
513 2343 647 2420 ὀλιγάκις
671 2342 824 2423 ὑπερέχει·
848 2340 908 2407 ὅθεν
930 2341 1055 2419 λέγεται
1079 2340 1193 2423 ιίρισπον
1216 2345 1269 2415 μὲν
1294 2339 1373 2418 ὕδωρ.

431 2461 434 2465 ’
484 2460 499 2523 ὁ
527 2459 556 2523 δὲ
585 2460 694 2542 χρυσὸς
724 2486 753 2525 κ.
783 2485 811 2527 π.
843 2475 873 2527 λ.
919 2459 1090 2524 Construe:
1119 2460 1185 2526 ἰδὲ
1208 2462 1316 2541 χρυσὸς
1339 2459 1454 2541 ἄρισπθς

434 2580 519 2657 ἐστι,
551 2578 599 2643 vel
630 2578 734 2664 potius
757 2579 906 2659 διαπρέπει
929 2579 1088 2661 μεγοίνορος
1111 2578 1206 2660 ἔξοχα
1228 2579 1375 2657 πλούτου,
1399 2577 1454 2645 cira

435 2697 586 2777 αἰθόμενον
609 2704 666 2780 πῦρ
689 2698 839 2780 διαπρέπει
863 2699 954 2765 ννκπί.

487 2819 517 2882 2.
552 2817 698 2896 αἰθθμενον
731 2822 799 2897 πῦρ.
844 2815 959 2882 Crebro
994 2817 1038 2881 sic
1075 2824 1182 2907 poetae
1212 2817 1348 2900 antiqui:
1376 2817 1458 2881 velut

438 2935 534 3001 Hom.
558 2934 598 3000 Il.
623 2933 702 3000 XVI
727 2938 768 2999 81

758 3057 801 3133 μὴ
823 3055 856 3131 tn
879 3052 966 3136 πνριίς
990 3055 1144 3133 αἰθομένοιο

576 3182 647 3250 νῆας
669 3175 846 3256 ἐνιπρήσωσι.

438 3291 555 3359 ibidem
581 3295 645 3356 293

760 3412 842 3477 καπιί
865 3411 890 3475 δ’
913 3411 1035 3490 ἔσβεσεν
1058 3410 1205 3490 αἰθόμενον
1227 3417 1293 3491 πῦρ.

439 3530 572 3595 Hesiod.
596 3529 681 3595 Sont.
707 3530 801 3596 Hero.
828 3534 869 3595 60

577 3648 700 3729 πεθχεσι
723 3650 930 3729 λαμπομένους
954 3650 1044 3723 σέιιας
1066 3646 1103 3723 ὣς
1127 3649 1212 3728 πυρὸς
1235 3646 1398 3725 αἰθομένοιο.

442 3764 487 3830 nt
510 3768 574 3833 275

579 3894 652 3960 πῆλε
675 3886 700 3949 δ’
721 3890 777 3951 ἀπ’
800 3887 951 3966 αἰθομένων
974 3888 1080 3953 δαΐδων
1104 3887 1194 3959 σέλας
1217 3883 1369 3968 εἰλύφαζ.

444 4004 550 4088 Atque
573 4003 622 4067 his
647 4004 774 4070 Homeri
797 4006 872 4072 locis
898 4008 943 4071 vis
967 4007 1105 4071 flammae
1129 4013 1160 4070 et
1182 4003 1317 4070 incendii
1339 4002 1460 4066 videtur

445 4145 534 4207 posse
558 4122 743 4207 significari,
769 4133 924 4191 ettamen
949 4126 1070 4213 proprie
1094 4147 1156 4189 non
1177 4124 1308 4189 calorem
1328 4122 1386 4186 hoc
1402 4121 1463 4207 epi·

445 4242 532 4308 theto
564 4245 691 4328 exprimi
720 4245 827 4325 oredo,
852 4247 906 4311 sed
930 4270 1002 4311 eum
1025 4247 1106 4332 ignis
1129 4245 1296 4330 lirlgorem,
1323 4242 1376 4329 qui
1400 4263 1461 4305 cer·

446 4361 531 4425 nitur
554 4361 670 4426 oculis:
696 4385 773 4447 qnae
790 4365 974 4454 significatio
991 4372 1096 4449 aperta
1112 4364 1209 4429 estiis
1226 4359 1355 4425 Hesiodi
1371 4359 1461 4436 locis,

447 4502 525 4564 qnae
556 4480 666 4559 attuli,
695 4490 725 4546 et
752 4484 810 4547 lroo
839 4483 967 4548 Pindari
990 4484 1076 4549 loco:
1101 4482 1288 4567 intelligitur
1311 4479 1402 4543 etiam
1426 4500 1463 4541 ex

1284 4600 1340 4663 ll*
