3767 5534
921 701 962 759 28

435 904 558 990 proeliis
589 904 743 969 laudatus.
790 902 867 967 Inde
898 903 1047 987 originem
1077 926 1151 988 gens
1174 902 1323 968 Theronis
1348 902 1449 967 habet.

433 1022 565 1109 Oportet
586 1022 758 1087 Pheronem
781 1022 915 1087 carmina
937 1022 1109 1087 laudatoria
1131 1022 1274 1107 lyrasque
1297 1022 1449 1099 nancisci,

433 1165 504 1207 nam
523 1141 685 1229 Olympiae
700 1141 858 1206 victoriam
874 1141 1073 1226 reportavit.’'
1085 1139 1109 1225 1)
1140 1140 1189 1206 Sic
1206 1138 1332 1225 quidem
1348 1140 1449 1226 gentis

431 1261 530 1349 illius
546 1262 708 1337 memoria,
733 1283 811 1344 quae
835 1260 989 1345 quendam
1012 1267 1158 1324 terrorem
1181 1259 1287 1324 afferre
1310 1259 1447 1337 solebat,

435 1403 453 1444 a
474 1379 608 1445 Pindaro
633 1380 670 1444 ad
690 1380 911 1445 vicissitudinis
931 1402 1033 1444 rerum
1054 1380 1257 1444 humanarum
1279 1377 1450 1464 exemplum

433 1506 464 1564 et
494 1499 532 1564 ad
559 1498 799 1564 consolationem
823 1498 962 1563 adhibita
985 1507 1040 1563 est.
1088 1498 1129 1562 Et
1152 1506 1308 1585 praeterea
1331 1500 1362 1563 in
1388 1520 1452 1562 om-

433 1618 525 1683 nibus
555 1619 621 1704 ejus
652 1618 838 1683 carminibus
869 1617 963 1682 semel
995 1624 1040 1682 est
1071 1617 1317 1682 Labdacidarum
1351 1616 1453 1681 brevis

433 1737 562 1815 mentio,
586 1738 618 1818 in
643 1737 775 1802 carmine
800 1737 929 1801 Isthmio
949 1737 1057 1815 tertio,
1072 1712 1117 1800 ad
1137 1735 1300 1801 Melissnm
1321 1735 1453 1821 scripto,

434 1858 489 1941 qui
511 1865 681 1922 maternam
705 1880 722 1921 a
744 1856 930 1921 Labdacidis
954 1857 1085 1922 ducebat
1105 1857 1269 1941 originem,
1290 1855 1395 1940 ibique
1413 1854 1454 1919 de

431 1976 609 2042 infortuniis
632 1977 788 2042 silentium
813 1983 876 2041 est:
900 1976 1002 2062 regiae
1028 1977 1128 2061 gentis
1152 1976 1320 2041 laudantur
1341 1976 1452 2063 opesl)

434 2094 503 2160 Hoc
533 2096 673 2161 videatur
703 2097 734 2160 in
767 2103 857 2183 poeta
888 2095 1035 2160 Thebano
1066 2097 1195 2174 mirum,
1228 2118 1317 2182 parce
1345 2117 1453 2160 canere

432 2221 546 2279 veteres
569 2214 731 2280 Thebanos
753 2238 849 2300 reges,
887 2214 947 2279 Sed
968 2213 1120 2279 Pindarus
1143 2214 1344 2279 Aeacidarum
1364 2215 1454 2300 justi·

432 2334 476 2398 tia
499 2335 602 2420 potius
626 2341 656 2398 et
678 2333 861 2398 fortitudine
884 2334 1027 2399 Herculis
1052 2334 1221 2399 delectatus
1245 2348 1306 2398 est:
1327 2333 1452 2419 tragicis

433 2452 528 2539 Lajus
552 2464 582 2518 et
602 2453 756 2540 Oedipus,
776 2454 900 2540 tragicis
919 2453 1060 2518 Eteocles
1081 2462 1112 2518 et
1132 2453 1307 2538 Polynices,
1327 2452 1451 2539 tragicis

434 2573 532 2658 poetis
564 2573 691 2658 inquam
716 2574 829 2637 vetusti
853 2572 1018 2637 difficultas
1042 2572 1177 2650 oraculi,
1202 2572 1364 2657 fatalisque
1387 2594 1452 2637 cae·

433 2689 487 2755 des
511 2700 541 2755 et
564 2691 696 2777 Erinnys
720 2692 780 2755 luit
802 2692 932 2756 canendi
955 2692 1113 2757 materies:
1139 2692 1182 2756 sic
1205 2691 1341 2756 misereri
1365 2712 1451 2776 reges

433 2810 553 2895 sibique
588 2812 695 2876 timere
729 2811 873 2875 mortales
908 2810 1038 2876 discant.
1094 2810 1246 2875 Pindarus
1282 2833 1353 2875 vero
1388 2833 1450 2874 non

433 2930 658 2996 miserationem
679 2931 929 2996 vitaehumanae
950 2938 981 2995 et
1002 2939 1118 2996 metum
1138 2931 1279 3017 injicere,
1301 2930 1354 2995 scd
1371 2952 1450 2994 eom·

432 3048 577 3114 mandare
599 3049 779 3114 modestiam
803 3056 834 3114 et
858 3050 1040 3114 suavitatem
1062 3049 1219 3134 impertire
1243 3048 1350 3113 voluit.

903 3291 977 3373 aa

835 3528 883 3591 De
905 3528 1047 3591 heroibus.

479 3762 529 3825 Ad
552 3763 634 3828 Deos
659 3763 795 3828 Deorum
819 3764 934 3850 prolem
959 3764 1172 3850 adjungimus,
1197 3763 1296 3847 deque
1321 3763 1448 3828 vetustis

434 3880 578 3945 heroibus
597 3882 673 3966 quid
692 3883 845 3947 Pindarus
865 3884 1007 3961 senserit,
1027 3883 1086 3947 hoc
1103 3882 1170 3947 loco
1188 3904 1337 3967 exponere
1349 3886 1447 3968 juvat.

433 3999 520 4079 Quos
552 4001 676 4086 quidem
707 4025 770 4067 non
800 4004 959 4088 potuimus
992 4003 1067 4087 quin
1095 4004 1159 4088 jam
1191 4009 1281 4066 antea
1312 4001 1448 4065 oratione

433 4126 539 4183 nostra
557 4122 794 4207 attingeremus:
815 4124 868 4188 sed
889 4146 990 4188 rerum
1007 4122 1081 4187 ordo
1097 4143 1181 4186 nunc
1197 4120 1327 4186 maxime
1343 4141 1449 4183 eorum

433 4239 608 4304 memoriam
632 4242 778 4327 postulat.
826 4241 906 4306 Nam
930 4265 1008 4327 quae
1030 4240 1130 4305 adhuc
1152 4239 1305 4326 persecuti
1324 4261 1447 4315 sumus,

469 4518 492 4578 1)
512 4519 548 4568 Ol.
567 4520 606 4568 II.
624 4518 730 4569 39-88.
795 4520 820 4581 2)
843 4520 879 4567 Va.
897 4520 938 4567 26.
