3767 5534
914 756 978 816 485

638 959 719 1037 κείνῳ
742 963 904 1037 προσαρκεῖν
928 953 974 1022 οὖν
997 958 1124 1034 ἐμοοοτόν
1147 961 1259 1040 ὠφελῶ.

440 1077 558 1142 Ibidem
583 1075 717 1155 (thorus,
748 1078 812 1138 496

752 1193 957 1271 Λοβδοοκῶοονς
982 1192 1125 1275 ἐπίκουρος

750 1312 864 1388 οὶδνὶλοον
887 1312 1026 1376 lavarat.

437 1432 543 1517 thue
574 1433 618 1496 ibi
649 1438 812 1512 ποοσοορκῶν
844 1438 873 1493 et
906 1434 1050 1512 ἐπίκουρος
1073 1431 1204 1496 ultorem
1228 1440 1259 1496 et
1281 1431 1450 1510 vindicem,

438 1553 480 1616 sio
503 1559 609 1616 eontra
633 1550 691 1615 hoe
714 1549 781 1614 looo
805 1549 938 1628 ννμοίορος
964 1549 1134 1634 adjutorem
1160 1550 1319 1634 signifieat.
1356 1550 1450 1615 Plura

436 1670 570 1756 exempla
594 1677 684 1747 sunt,
710 1669 794 1733 velut
816 1667 954 1753 Thucyd.
978 1667 1015 1731 L.
1040 1667 1087 1730 IV
1110 1667 1144 1731 C.
1172 1670 1190 1729 2
1214 1668 1448 1744 Πελοποννησίων

436 1799 498 1865 νῆες
521 1797 580 1862 τοῖς
604 1791 632 1853 ἐν
655 1792 696 1869 τῷ
719 1789 771 1869 ὅρον
795 1788 920 1866 neapol.
946 1786 1034 1850 Conl.
1060 1786 1169 1850 Aesob.
1195 1786 1289 1850 Cboe.
1315 1789 1399 1863 376,
1417 1794 1451 1851 et

436 1931 512 1994 quae
534 1907 579 1972 ibi
603 1907 825 1971 annot-avimus.
872 1906 984 1984 Μίτροον
1008 1906 1129 1990 proprie
1153 1914 1226 1969 sunt
1249 1907 1364 1984 vittae,
1388 1906 1453 1992 qui·

437 2026 492 2090 bus
526 2047 653 2089 coronae
677 2023 913 2109 implicabantur
935 2023 983 2086 vel
1008 2022 1230 2107 alligabantur:
1255 2023 1305 2087 bio
1330 2032 1450 2099 autem,

437 2144 520 2209 velut
544 2144 611 2207 aliis
635 2144 710 2207 loeis
733 2141 823 2207 ἄνθεοο
846 2141 894 2205 vel
918 2141 1076 2223 στέφανον,
1099 2147 1135 2204 ut
1152 2142 1239 2225 signa
1254 2142 1450 2206 victoriarum

435 2263 521 2345 quasi
552 2284 607 2347 pro
638 2261 713 2346 ipsis
736 2267 895 2345 ponuntur
921 2260 1066 2323 victoriis.
1103 2259 1196 2343 ¹Ergo
1221 2260 1342 2345 adjutor
1366 2262 1451 2324 vittis

436 2380 584 2457 venitis,
609 2380 663 2464 qui
686 2378 840 2442 laudando
864 2378 957 2442 decus
982 2378 1068 2441 affert
1092 2378 1235 2441 victoriis.

484 2499 556 2560 126.
591 2496 634 2561 b'r'
669 2496 857 2560 Adverbium
890 2495 1053 2559 relativum
1083 2496 1213 2559 refertur
1244 2495 1282 2559 ad
1314 2496 1448 2579 μίορνονς,

437 2637 532 2698 quum
555 2615 587 2679 in
612 2636 647 2677 eo
672 2614 820 2678 vocabulo
843 2613 1123 2698 insit‚significatio
1140 2614 1335 2678 victoriarum
1350 2637 1450 2699 repor-

439 2739 591 2810 tatarum,
617 2731 761 2817 adjuncto
785 2734 960 2818 praesertim
986 2734 1051 2818 ejus
1074 2733 1216 2810 nomine,
1241 2733 1295 2815 qui
1318 2741 1450 2818 reporta·

436 2859 535 2915 verat:
572 2874 644 2935 ergo
679 2851 912 2932 Λοομπρομνὶχοο
947 2852 1047 2929 pluat
1083 2849 1130 2915 ὅτε
1166 2858 1240 2914 sunt
1271 2874 1399 2915 coronae
1432 2874 1449 2914 a

378 2992 383 2998 ·
435 2962 677 3054 Lampromaoho
708 2977 880 3054 reportatae
912 2975 997 3046 tum,
1030 2991 1136 3052 quum.
1184 2969 1255 3032 Uno
1278 2976 1380 3033 autem
1404 2992 1451 3034 eo·

438 3087 569 3172 demque
603 3087 652 3151 die
688 3087 725 3151 ab
761 3087 910 3151 ambobus
945 3094 1113 3171 reportatas
1146 3088 1288 3151 victorias
1325 3095 1450 3173 apparet

435 3206 538 3271 ambas
560 3207 655 3270 fuisse
678 3206 841 3283 Isthmiae,
866 3215 1027 3291 propterea
1042 3205 1126 3290 quod
1142 3183 1376 3290 Lampromaebi
1393 3208 1448 3270 vit-

433 3330 483 3388 tae
499 3323 622 3392 ¹diserte
645 3324 706 3387 hoo'
727 3324 851 3388 nomine
875 3325 1086 3410 appellantur:
1112 3347 1212 3410 neque
1237 3326 1331 3409 igitur
1353 3326 1449 3389 Poeta

433 3441 539 3506 eodem
571 3441 767 3527 prarmosti
800 3444 957 3507 victoriam
986 3443 1160 3521 retulisset,
1185 3444 1245 3507 nisi
1268 3442 1382 3508 ibidem
1405 3466 1448 3507 re-

435 3566 557 3643 portata
580 3559 698 3623 fuisset.

481 3679 554 3741 127.
589 3676 680 3756 ἔργον.
716 3678 894 3755 Certamen,
929 3686 964 3742 ut
996 3677 1045 3742 Ol.
1070 3677 1153 3742 VIII
1187 3681 1228 3741 24
1262 3685 1292 3742 et
1316 3680 1446 3764 saepius.

431 3793 538 3880 Ipsum
561 3802 662 3858 autem
686 3804 837 3860 certamen
861 3796 919 3859 hoo
943 3797 1011 3860 loeo
1036 3796 1190 3881 objectum
1213 3802 1257 3859 est
1280 3797 1364 3861 verbi
1385 3798 1447 3861 vin-

433 3910 537 3975 oeudi:
564 3913 643 3976 conf.
669 3915 827 3978 annotatio
851 3914 889 3977 ad
914 3913 964 3977 Ol.
989 3914 1006 3977 I
1034 3916 1106 3977 142.

479 4031 553 4093 128.
588 4032 681 4096 ἄλλον
698 4033 726 4096 δὲ
743 4033 794 4098 δύ’.
832 4033 939 4097 Utrius
957 4035 1014 4097 hae
1031 4033 1161 4111 fuerint,
1179 4032 1315 4099 dubitari
1328 4039 1447 4117 pot-est,

433 4146 481 4210 vel
515 4148 606 4211 etiam
637 4172 675 4213 an
704 4150 798 4215 altera
822 4174 925 4214 earum
949 4150 1042 4214 fuerit
1066 4151 1201 4214 alterius.
1249 4149 1330 4213 Puto
1354 4150 1448 4214 fuisse

433 4287 483 4329 eas
505 4264 750 4350 Lampromaehi.
786 4268 893 4333 Oratio
918 4269 1022 4353 aliquo
1046 4268 1137 4333 modo
1161 4269 1291 4353 abrupta
1315 4277 1376 4332 est:
1395 4269 1447 4333 sed

433 4384 537 4470 posuit
560 4383 794 4471 Lampromaehi
818 4409 928 4451 nomeu
952 4396 981 4451 et
997 4387 1142 4451 Isthmiae
1158 4387 1300 4450 victorias
1316 4410 1349 4449 vs
1369 4389 1446 4449 125:

434 4525 468 4569 vs
503 4505 565 4568 126
599 4504 626 4568 ei
658 4506 795 4591 adjunxit
826 4507 1083 4598 Epharmostum:
1115 4515 1147 4574 at
1179 4506 1301 4573 demum
1325 4486 1446 4574 vs'130
