3767 5534
913 711 975 771 186

658 909 801 975 Ἀλοόόειοι
823 912 912 987 Διὸς,

658 1026 748 1111 Ὀρόρῖ
769 1029 834 1109 χερὶ
857 1030 985 1110 ἐρύκετον
1008 1034 1134 1112 ψευδέων

657 1146 778 1210 Ἐνικὸιν
799 1146 976 1223 οὶλιτόξενον.

813 1266 861 1330 Ἀ.
886 1266 925 1331 ον’.
972 1277 1006 1331 Κ.
1031 1270 1067 1340 κ’.

655 1378 780 1446 Ἕκοιόεν
803 1382 862 1462 γὰρ
885 1385 1011 1449 ἐπελθὼν
1035 1387 1048 1451 ὁ
1071 1385 1188 1462 μέλλον
1211 1387 1312 1468 χρόνος

658 1499 749 1576 Ἐμὸν
770 1504 941 1583 κατῄσχυνε
963 1502 1042 1579 βαθὺ
1065 1506 1159 1584 χρέος.
1408 1507 1447 1567 10

654 1618 759 1696 Ὅμως
781 1617 812 1681 δὲ
834 1623 923 1683 λῦσαι
946 1620 1065 1693 δυνατὸς
1086 1620 1156 1697 ὀξεῖ·

702 1759 738 1800 κν
760 1738 937 1821 ἐπιμομφὰν
959 1741 973 1802 ὁ
995 1739 1077 1812 τόκος
1100 1740 1204 1821 νένόριῖιν

656 1860 735 1932 Νῦν,
759 1860 863 1939 ψᾶφον
885 1857 1074 1936 ἑλισσομέναν

653 1974 742 2038 ’Ὀπκ
765 1979 849 2053 κῦμοι
871 1998 967 2040 κοιτκ·

699 2092 819 2158 κλύσσει
840 2093 914 2174 ῥέον·
939 2091 999 2159 ὅκοι
1022 2119 1055 2159 τε
1079 2095 1167 2160 κοινὸν
1188 2094 1276 2174 λόχον
1405 2094 1447 2155 15

656 2210 750 2275 Φίλαν
771 2212 889 2289 τίσομεν
911 2214 940 2284 ἐς
963 2211 1057 2293 χάριν.

812 2328 857 2395 'E.
886 2329 926 2395 κ’.
972 2340 1007 2395 Κ.
1032 2329 1065 2394 θ’.

655 2444 748 2523 Νέμει
771 2447 830 2527 χοὶρ
853 2447 1006 2528 Ἀτρέκεια
1025 2446 1108 2514 πόλιν
1128 2454 1243 2528 Λοκρῶν

434 2589 627 2601 -ι---

466 2684 489 2733 8.
515 2686 647 2742 ἀλιτόξενον,
682 2685 838 2749 Mingerellue
856 2686 960 2750 conjecit
976 2688 1109 2744 αλιτοξὲνων

465 2779 489 2828 9.
515 2781 620 2830 ἐπελθὼν.
654 2780 682 2827 In
700 2781 762 2843 Aug.
779 2781 799 2829 A
818 2785 924 2831 ὑπελθὼν.

467 2872 506 2923 10.
532 2877 593 2937 ἔριον.
628 2874 666 2923 Ite
689 2874 739 2924 Pel.
764 2874 799 2933 C,
823 2876 892 2925 Uret.
909 2877 945 2935 A,
968 2876 1023 2925 Ald.
1046 2876 1114 2926 Gott.
1131 2876 1228 2939 aliique.
1262 2875 1333 2925 Certe
1350 2876 1376 2925 iu
1394 2877 1448 2926 aliie

431 2972 503 3033 ἀμὸν,
520 2969 584 3032 quod
601 2969 672 3018 habet
690 2970 807 3034 Heyniue.
839 2972 868 3020 In
886 2970 955 3022 Uret.
972 2972 993 3020 B
1012 2977 1078 3037 ἀμόν.
1114 2971 1211 3037 Syllaba
1227 2970 1306 3020 brevis
1323 2971 1398 3020 etiem
1410 2975 1448 3021 eet

432 3079 467 3113 re.
485 3064 518 3113 60
535 3072 630 3131 κρόνου,
647 3069 671 3114 et
689 3066 720 3114 85
739 3071 823 3118 ἄκοντι.
857 3066 927 3116 Geni.
946 3070 1003 3116 note
1020 3067 1050 3117 ed
1068 3067 1108 3116 85.

464 3159 504 3208 10.
531 3168 666 3229 κατῄσχυνε.
700 3160 738 3210 Ite
762 3161 818 3209 libri
835 3161 951 3227 plerique.
986 3162 1016 3211 In
1033 3161 1087 3212 Aid.
1105 3163 1181 3211 Mese.
1198 3162 1234 3219 A,
1253 3160 1319 3211 Gott.
1337 3160 1393 3209 Per.
1410 3161 1447 3219 A,

431 3254 495 3315 Aug.
515 3252 550 3312 B,
573 3254 624 3305 Pet
649 3254 668 3303 C
692 3237 844 3323 καταισχύνει.
879 3257 909 3306 In
933 3256 1003 3306 Uret.
1026 3258 1048 3305 A
1073 3258 1213 3323 κατείσχυνι.
1248 3253 1385 3303 Boeekhiue
1402 3275 1448 3306 κα-

431 3351 552 3416 ταίσχυνε,
570 3350 634 3415 quod
651 3350 711 3399 dicit
728 3366 842 3415 apparere
860 3351 936 3400 videri
953 3350 978 3399 in
997 3350 1123 3400 Vaticano.

468 3445 507 3493 ll.
534 3446 558 3494 δὲ
575 3448 649 3496 λῦσαι.
682 3447 709 3493 ln
727 3446 779 3495 Pel.
797 3446 817 3495 G
835 3449 871 3495 eet
888 3447 915 3497 δέ
928 3467 955 3509 γε
972 3450 1044 3497 λῦσαι,

466 3539 505 3589 12.
531 3544 624 3598 όεόκσς
646 3542 737 3610 ἀνδρῶν.
773 3540 802 3590 In
827 3541 877 3590 Pal.
901 3540 1038 3605 Celiisque
1055 3544 1091 3589 eet
1108 3547 1172 3597 τόκος
1190 3544 1287 3597 θνατῶν,
1305 3538 1394 3588 omieeo
1411 3555 1447 3589 er·

432 3633 507 3683 tieulo
525 3638 546 3686 ό.
580 3636 733 3685 Hermennue
756 3635 899 3700 excogitavit
924 3636 1076 3685 scribendum
1100 3650 1150 3683 esee
1173 3641 1238 3691 τόκος
1255 3639 1354 3701 όνάτονρ,
1373 3633 1447 3698 idque

345 3723 349 3733 ’
432 3733 555 3794 receptum
573 3733 609 3779 eet
625 3748 639 3780 ιι
656 3730 765 3780 Βίευοιιίο
783 3734 807 3779 et
824 3730 1012 3780 Schneidewino.

468 3825 508 3875 14.
533 3830 589 3876 όιια.
623 3826 692 3875 Uret.
710 3826 731 3875 B
748 3830 802 3893 όπᾳ.
836 3826 864 3874 ln
883 3829 964 3874 vetere
981 3824 1131 3874 eeholioeet:
1145 3822 1447 3891 oipae'rtmmiiiimp.

466 3920 506 3971 15.
532 3923 691 3973 κατακλύσσει.
726 3922 765 3970 lte
787 3920 905 3970 editiones
925 3922 982 3968 ente
999 3918 1152 3977 Morellium,
1170 3921 1194 3967 et
1211 3917 1334 3981 Heyniue:
1352 3919 1447 3966 eertee

431 4014 510 4065 libris.
546 4016 573 4064 111
598 4017 649 4066 Pel.
674 4016 706 4076 0,
730 4014 799 4065 Uret.
822 4018 844 4065 A
866 4018 891 4064 et
914 4015 935 4063 B
960 4017 985 4063 et
1008 4012 1150 4077 quibusdem
1173 4011 1227 4061 aliie
1249 4014 1286 4060 eet
1303 4011 1446 4061 κατακλὺσιι.

431 4111 461 4159 In
483 4110 626 4160 Morelliene
649 4115 674 4160 et
697 4110 859 4174 Stephanium
881 4108 959 4173 prime
983 4109 1133 4172 κατακλὺςιιε
1145 4105 1222 4170 ‚quod
1239 4121 1269 4156 en
1286 4105 1312 4153 in
1330 4104 1398 4153 libris
1414 4103 1447 4153 sit

432 4204 519 4253 neseio.

468 4297 506 4350 17.
531 4299 561 4347 In
583 4298 651 4348 libris
674 4299 793 4364 eeripture
817 4316 844 4348 ee
868 4301 917 4357 eet,
943 4301 1060 4363 quantum
1083 4295 1200 4360 cognovi,
1226 4310 1296 4359 quem
1314 4293 1381 4343 dedi:
1400 4292 1447 4342 nisi

431 4393 498 4457 quod
523 4393 549 4442 in
572 4394 624 4443 Pel.
648 4394 668 4442 Ο
691 4400 738 4463 γὰρ
758 4395 919 4458 praetermitti
944 4397 969 4443 et
988 4399 1108 4459 ἀτρέκειαν
1124 4394 1191 4449 πόλις
1207 4389 1255 4453 legi
1272 4388 1381 4453 Heyniue
1397 4403 1447 4437 me·

433 4495 525 4538 morat:
551 4493 575 4538 et
596 4495 717 4556 ἀτρέκειαν
740 4489 813 4539 etiem
838 4490 862 4538 in
885 4489 981 4538 Aldine.
1015 4488 1135 4551 Kayserus
1152 4485 1213 4534 nihil
1230 4487 1339 4533 annotet.
1372 4482 1447 4547 Atqui
