3767 5534
929 703 970 762 20

443 911 684 966 remunerentur.
699 903 724 986 ¹)
769 902 871 987 Igitur
902 911 932 967 et
960 903 1052 966 Ixion
1075 915 1105 967 et
1128 903 1277 967 Tantalus
1299 911 1461 987 tantopere

444 1044 460 1083 a
490 1021 559 1084 Diis
590 1021 731 1085 honorati
762 1032 853 1099 sunt,
886 1036 923 1085 ut
955 1022 1101 1086 interesse
1132 1022 1169 1085 iis
1199 1035 1230 1085 et
1260 1022 1322 1085 frui
1353 1044 1458 1085 eorum

442 1141 665 1205 consuetudine
700 1142 805 1205 liceret
812 1169 822 1219 ς
854 1148 1018 1227 postquam
1052 1164 1120 1207 vero
1151 1142 1240 1206 obliti
1271 1151 1344 1205 suut
1376 1139 1462 1204 modi

441 1261 587 1338 humani,
612 1270 643 1325 et
666 1262 817 1346 attingere
841 1285 876 1325 ea
899 1263 966 1325 ausi
990 1271 1077 1340 sunt,
1102 1285 1180 1346 quae
1203 1269 1303 1325 esseut
1321 1260 1460 1324 Deorum

443 1382 580 1466 propria,
605 1381 742 1465 ingentia
764 1381 916 1466 supplicia
938 1382 1131 1446 invenerunt.

486 1497 603 1577 Quanti
633 1507 735 1563 autem
763 1509 826 1576 est,
851 1523 869 1562 a
892 1500 958 1563 Deo
986 1501 1080 1563 amari
1104 1508 1134 1563 et
1157 1500 1294 1584 accipere
1315 1495 1457 1584 prolem?
1495 1557 1499 1562 .

440 1615 534 1696 Quod
558 1618 683 1702 quidem
705 1618 894 1704 praeclarum
918 1618 1100 1682 beneficium
1123 1627 1214 1682 nacta
1237 1616 1366 1682 Coronis
1387 1638 1459 1680 cou-

442 1738 560 1800 temsit:
594 1737 698 1802 eadem
731 1762 801 1801 vero
825 1751 949 1823 experta
973 1745 1035 1815 est,
1060 1760 1122 1802 nou
1146 1740 1268 1802 inanem
1292 1760 1357 1801 esse
1379 1738 1457 1801 iram

440 1855 587 1920 Deorum.
634 1856 715 1921 Nam
742 1880 837 1941 quum
865 1858 987 1921 coiisset
1010 1880 1082 1921 cum
1105 1881 1138 1921 ea
1163 1867 1301 1922 comatus
1325 1856 1455 1942 Apollo,

439 1975 566 2058 ipsaque
590 1976 681 2040 ferret
701 1999 804 2040 semen
823 1976 881 2040 Dei
899 2000 1028 2061 purum,
1050 1978 1157 2041 insana
1177 1976 1384 2058 mentealiud
1404 1985 1456 2039 an-

440 2093 508 2156 nuit
531 2094 720 2159 connubium
743 2095 819 2159 clam
846 2103 981 2181 patrem,
1006 2118 1106 2179 neque
1129 2096 1333 2182 exspectavit,
1357 2094 1455 2158 donec

439 2213 555 2275 veniret
573 2213 612 2276 ad
628 2236 763 2277 mensam
780 2214 993 2278 connubialem
1011 2237 1110 2299 neque
1127 2216 1356 2279 omnisonorum
1373 2212 1456 2277 clan-

437 2353 541 2413 gorem
561 2330 813 2416 hymenaeorum,
835 2356 912 2417 quos
933 2333 1033 2397 solent
1054 2332 1197 2418 aequales
1218 2333 1338 2418 puellae
1355 2332 1453 2396 sociae

438 2451 617 2535 uespertinis
648 2451 754 2516 ludere
786 2452 991 2530 carminibus3
1026 2452 1079 2516 sed
1110 2454 1227 2538 cupivit
1258 2452 1397 2517 absentia
1423 2459 1455 2514 et

438 2569 588 2633 venient-is
612 2594 648 2634 ex
672 2571 805 2635 Arcadia
824 2571 956 2657 hospitis
978 2572 1152 2658 amplexum
1173 2572 1329 2636 sustinuit.
1366 2569 1454 2633 Misit

438 2688 550 2773 Apollo
574 2713 708 2755 sororem
731 2691 776 2753 ira
798 2691 967 2755 furentem:
993 2690 1110 2755 domita
1126 2699 1172 2755 est
1188 2689 1334 2767 Coronis,
1351 2688 1454 2752 multi·

437 2829 496 2890 que
513 2808 681 2872 vicinorum
698 2809 783 2873 fuere
799 2809 895 2874 cladis
907 2810 1070 2895 participes
1083 2810 1236 2893 simulque
1248 2810 1414 2894 perierunt.
1428 2808 1453 2892 9)

480 2925 538 2989 Sed
559 2926 674 2991 ferebat
693 2928 725 2991 in
746 2928 816 2992 sinu
836 2927 965 2993 Coronis
985 2928 1084 2992 filium
1105 2928 1272 3013 Apollinis,
1294 2950 1380 3005 eum,
1398 2927 1452 3011 qui

434 3044 637 3130 Aesculapius
669 3047 842 3132 appellatus
870 3056 926 3111 cst.
975 3045 1047 3110 Non
1072 3047 1144 3110 sivit
1167 3069 1238 3110 eum
1262 3069 1331 3110 oum
1355 3053 1451 3109 matre

435 3165 532 3248 perire
553 3165 679 3250 Apollo:
699 3189 715 3229 e
736 3179 833 3230 matre
849 3167 981 3230 serravit
993 3167 1057 3251 jam
1073 3189 1148 3251 rogo
1164 3166 1316 3251 imposita.
1354 3164 1452 3249 Atqui

435 3283 466 3346 iu
490 3285 557 3367 ipso
582 3285 766 3370 Aesculapio
790 3293 918 3348 conatus
941 3285 1056 3350 nimius
1080 3308 1136 3349 nec
1160 3285 1316 3349 modestus
1338 3283 1454 3348 vindic-

433 3409 496 3465 tam
529 3402 664 3468 divinam
691 3427 813 3489 gravem
843 3412 986 3490 expertus
1014 3413 1068 3469 est.
1117 3403 1199 3468 Nam
1221 3406 1284 3469 sive
1307 3427 1375 3468 aere
1398 3426 1451 3468 seu

435 3543 506 3585 saxo
530 3522 724 3602 vulneratos,
749 3525 811 3588 sire
834 3526 905 3609 igne
930 3524 976 3589 vel
1002 3547 1196 3609 quacumque
1220 3547 1313 3588 causa
1332 3524 1451 3588 saucios

435 3641 571 3706 curabat.
607 3642 666 3707 Sed
687 3652 818 3728 quaestu
837 3644 987 3730 sapientia
1007 3665 1129 3728 quoque
1145 3644 1248 3708 vincta
1263 3652 1318 3708 est.
1354 3642 1449 3707 Illum

434 3760 524 3824 etiarn
549 3761 678 3826 abduxit
699 3763 829 3849 superba
848 3763 987 3828 mercede
1008 3786 1116 3828 aurum
1136 3786 1285 3849 apparens
1305 3764 1337 3829 in
1357 3762 1452 3827 mani-

433 3877 508 3957 bus,
534 3890 569 3945 ut
591 3882 691 3947 uirum
711 3906 728 3947 e
747 3891 845 3947 morte
867 3883 1028 3948 reduceret
1048 3885 1112 3968 jam
1133 3890 1266 3969 captum.
1303 3881 1450 3947 Manibus

431 3999 546 4082 jaciens
577 3999 726 4065 Oronides
758 4025 812 4088 per
843 4003 944 4067 sinum
977 4011 1144 4086 utrumque
1176 4003 1291 4067 animas
1320 4001 1452 4065 confecit

433 4116 587 4195 celeriter,
613 4118 785 4204 ardensque
809 4121 926 4186 fulmen
950 4129 1079 4185 mortem
1102 4121 1240 4206 impegit.
1254 4120 1277 4204 ³)

512 4258 542 4264 ··--
552 4259 592 4266 -—-
604 4261 608 4267 ι

464 4314 490 4376 l)
506 4315 548 4381 Py.
571 4317 611 4367 II.
635 4319 667 4367 39
689 4336 749 4385 seqq.
772 4321 896 4371 Lustratio
918 4321 1017 4386 quidem
1039 4324 1094 4385 post
1116 4320 1213 4370 caedem
1237 4320 1312 4369 soceri
1330 4335 1379 4368 nou
1402 4334 1447 4368 me·

431 4413 539 4460 moratur
555 4428 570 4461 a
586 4413 706 4475 Pindaro,
724 4418 765 4466 sed
782 4418 811 4467 ab
828 4417 894 4467 aliis:
914 4418 961 4467 vid.
979 4417 1087 4482 nquius
1102 4416 1136 4466 ad
1152 4431 1184 4465 ve.
1203 4414 1242 4467 57.

465 4505 490 4566 2)
509 4507 548 4574 Py.
567 4509 622 4561 ΙΙΙ.
641 4511 746 4565 14-67.
814 4514 839 4575 3)
857 4514 898 4579 Py.
916 4515 971 4563 ΙΙΙ.
989 4512 1112 4562 at—rot.
