3767 5534
908 724 972 788 301

432 929 539 994 simus.
597 926 771 1012 Hesychius
809 925 903 990 habet
947 924 1115 1004 κεκριμένη,
1159 925 1280 1004 σοφῆς,
1323 922 1449 997 addanae.

431 1047 605 1133 Theognis,
630 1048 694 1113 373

535 1165 598 1232 otti
620 1190 648 1230 το
672 1163 833 1244 κεκριμένον
857 1163 926 1243 πρὸς
950 1161 1082 1239 δαίμονός
1106 1163 1167 1227 ἐστι
1191 1161 1348 1241 βροτοῖσιν,

581 1283 639 1349 οὐδ’
662 1283 741 1358 ὁδὸς,
765 1281 797 1357 ἥν
819 1307 864 1354 τις
888 1283 933 1347 ἰὼν
956 1281 1139 1347 adonaisama
1161 1279 1233 1346 ἅδοι.

479 1400 579 1466 Etiam
612 1400 693 1486 apud
724 1399 851 1465 Latinos
883 1400 1081 1484 participium
1113 1398 1289 1483 exploratus
1321 1398 1447 1462 earrdem

432 1521 688 1606 significationem
719 1520 811 1586 habet
842 1541 933 1605 quam
967 1518 1150 1604 adjectivum
1178 1525 1290 1583 certus.
1334 1518 1450 1583 ’Ὁποτε

432 1639 656 1726 significatione
687 1639 820 1717 eauaali,
854 1647 890 1703 ut
920 1637 1012 1702 etiam
1042 1637 1166 1723 quando
1195 1637 1277 1723 apud
1301 1635 1448 1713 Latinos,

433 1761 562 1845 ponitur
584 1758 622 1824 ab
646 1758 751 1824 eodem
777 1761 794 1823 7
799 1761 840 1823 37

524 1880 570 1952 τίς
592 1878 626 1954 ta
649 1878 699 1944 κοοὶ
722 1878 824 1958 βροτὸς
847 1876 938 1950 ἄλλος
962 1878 1028 1958 ὁρῶν
1051 1876 1120 1957 πρὸς
1142 1882 1257 1955 τοῦτον,
1281 1878 1384 1942 ἔπειτα

570 1994 661 2078 ἕζοντ’
682 1996 861 2072 Mandrum,
883 1995 933 2061 κοοὶ
957 1996 1025 2061 τίνοι
1047 1995 1134 2073 θυμὸν
1157 1995 1237 2077 ἔχοι,

527 2114 633 2181 ἵππον)
655 2117 725 2197 ἀνὴρ
747 2114 843 2189 ἄδικος
866 2115 916 2179 aa}
939 2114 1109 2187 οὶτοὶσθοολος
1132 2152 1178 2164 -

527 2234 652 2316 ὑβρίζει,
676 2236 794 2315 πλούτῳ
816 2235 1009 2315 κεκορημένος.

484 2356 536 2418 60.
571 2355 688 2434 avenn.
723 2353 849 2439 Proprie
884 2353 921 2417 de
957 2354 1036 2418 ferro
1072 2362 1101 2418 et
1136 2353 1288 2418 similibus
1320 2354 1452 2432 dieitur,

436 2496 518 2560 quae
540 2473 639 2558 frangi
663 2481 835 2559 nequeant,
859 2473 946 2537 velut
970 2472 1052 2559 apud
1076 2473 1261 2551 Homerum,
1286 2471 1345 2538 Od.
1372 2472 1455 2537 XIII

437 2596 505 2658 368
535 2574 651 2673 οὶτεορέοο
681 2593 806 2674 χαλκόν.
853 2591 1014 2676 Exquisite
1042 2592 1191 2657 hocloco
1215 2594 1349 2677 ponitur.
1397 2591 1455 2655 Est

438 2712 522 2776 enim
553 2711 686 2775 Pindaro
718 2712 894 2776 Herodotus
927 2712 1019 2797 paulo
1051 2713 1168 2777 tristior
1198 2712 1258 2776 fere
1289 2713 1322 2776 in
1352 2733 1454 2777 rerum
1520 2802 1523 2807 ‚

438 2832 644 2896 humanarum
673 2832 840 2917 fragilitate
871 2831 1076 2916 deploranda:
1109 2840 1243 2897 attamen
1270 2831 1362 2916 longe
1384 2830 1455 2895 Pin·

439 2948 532 3012 darus
555 2956 674 3033 separat
696 2971 714 3011 a
730 2947 798 3012 Diis
814 2955 925 3013 sortem
945 2948 1111 3013 humanam
1116 2975 1125 3027 ;
1143 2949 1267 3026 illorum
1284 2956 1331 3012 est
1347 2948 1455 3011 ahenei

439 3064 518 3132 ooeli
541 3065 627 3131 sedes
651 3066 787 3131 stabilis:
812 3089 869 3131 nos
892 3067 1087 3152 ignoramus,
1113 3089 1174 3152 quo
1198 3089 1254 3131 nos
1279 3068 1371 3130 unius
1396 3066 1456 3129 diei

440 3208 506 3250 sors
530 3184 662 3250 ductura
684 3186 741 3250 sit:
766 3184 857 3252 Nem.
882 3185 930 3249 VI
952 3186 1051 3250 initio.

488 3307 539 3369 65.
571 3304 642 3370 οὕτω
661 3305 826 3388 -χρόνῳ,
858 3304 1044 3369 Pronomine
1066 3304 1153 3369 τῶνδε
1174 3304 1363 3389 significatur
1384 3326 1458 3388 gens

440 3422 566 3488 Cadmi:
595 3423 974 3502 existimaaKarstenius,
1001 3423 1058 3488 hoe
1082 3445 1250 3509 pronomen
1274 3423 1363 3507 quasi
1387 3445 1455 3487 oum

440 3536 600 3627 praesente
630 3541 890 3606 demonstratione
922 3541 1058 3627 positum
1087 3565 1166 3620 esse,
1192 3549 1352 3627 propterea
1374 3541 1457 3627 quod

438 3682 562 3725 carmen
586 3682 687 3724 eoram
710 3660 865 3740 Therone,
890 3684 927 3725 ex
950 3661 1003 3725 illa
1024 3668 1115 3747 gente
1135 3660 1283 3738 oriundo,
1300 3668 1458 3724 cantatum

440 3778 497 3841 sit:
521 3776 554 3841 id
577 3777 661 3861 quod
684 3778 761 3842 mihi
783 3801 845 3842 non
870 3778 992 3843 videtur
1015 3779 1183 3863 probabile.
1207 3816 1253 3827 --
1272 3777 1457 3863 Interpungi

441 3895 561 3962 solebat
577 3904 648 3982 post
665 3898 790 3974 ποτμον,
811 3920 873 3961 non
890 3905 961 3983 post
975 3896 1068 3979 ὅλβορε
1086 3897 1170 3982 quod
1187 3897 1314 3962 mutavi.
1339 3895 1460 3976 Quodsi

443 4014 528 4101 prior
556 4016 766 4100 interpunctio
797 4016 964 4094 retinetur,
996 4017 1181 4102 praepositio
1204 4019 1256 4081 σὺν
1280 4014 1363 4079 haud
1387 4037 1459 4079 sane

444 4133 615 4218 significare
638 4140 754 4218 potest,
780 4156 842 4199 una
865 4157 937 4199 eum
960 4135 1106 4199 felicitate
1129 4135 1244 4202 malum
1268 4133 1378 4199 adduci
1399 4134 1459 4197 alio

445 4258 600 4337 tempore,
633 4253 728 4338 idque
758 4252 1012 4337 retinuerimus,
1044 4275 1166 4320 versum
1197 4254 1229 4318 in
1261 4252 1459 4317 eontrarium.

446 4368 525 4434 Tum
559 4370 655 4456 igitur
689 4372 854 4456 significari
891 4370 1016 4436 debebit
1050 4394 1085 4436 ea
1119 4371 1359 4457 praepositione,
1396 4386 1462 4433 esse·

448 4488 573 4553 eandem
596 4498 724 4570 Manen,
749 4513 828 4575 quae
847 4490 928 4555 laeta
947 4490 1034 4554 dedit
1053 4497 1083 4554 et
1099 4489 1152 4555 dat
1167 4490 1276 4555 tristia.
1301 4487 1342 4552 ut
1358 4496 1477 4553 tamen·
