3767 5534
922 729 963 791 76

433 930 530 995 sensit
554 928 675 993 divinae
698 930 798 1014 poesis
820 951 933 993 munus
956 952 1022 994 esse
1044 930 1150 995 datum
1157 981 1168 1010 ,
1192 938 1229 996 ut
1250 954 1349 1017 genus
1372 954 1446 995 mor·

433 1047 542 1111 talium
573 1047 611 1109 ad
643 1047 800 1111 veritatem
830 1047 1073 1134 modestiamque
1100 1049 1243 1113 vocaret?
1277 1049 1395 1115 Ideorrc
1416 1050 1447 1114 in

432 1165 577 1231 tendente
608 1166 646 1228 ad
677 1188 794 1229 summe
821 1168 923 1231 omnia
945 1168 1092 1231 orationis
1115 1169 1234 1253 impetn
1256 1192 1289 1233 se
1312 1170 1380 1254 ipse
1402 1189 1451 1233 co·

431 1284 551 1361 hibuit,
582 1284 778 1369 Deornmque
809 1286 942 1351 invidiae
972 1309 1088 1350 memor
1118 1287 1195 1365 fuit,
1219 1311 1259 1352 ne
1281 1288 1449 1373 attingeret

432 1425 484 1481 ea,
516 1426 595 1488 quae
625 1404 815 1488 ignorantiae
846 1410 967 1468 nostrae
997 1410 1029 1467 et
1059 1405 1219 1489 fragilitati
1249 1429 1313 1470 non
1344 1406 1451 1471 liceret

431 1524 598 1609 attingere,
630 1544 705 1587 neve
731 1522 823 1586 Musa
846 1524 894 1587 sni
916 1524 1069 1600 muneris,
1093 1524 1126 1587 id
1149 1530 1196 1587 est
1218 1525 1375 1603 veritatis,
1400 1524 1452 1589 ob-

430 1640 643 1704 livisceretur?
673 1639 809 1705 Hoccine
838 1640 955 1719 voluit,
985 1664 1081 1726 quum
1105 1642 1264 1706 Musarum
1285 1643 1452 1729 imperinm

431 1764 625 1822 veneraretur
647 1765 678 1822 et
701 1758 883 1835 celebraret,
907 1781 1016 1844 regens
1039 1760 1157 1837 omnia,
1174 1760 1258 1824 Deos
1273 1760 1451 1839 oblectans,

431 1877 539 1941 terreri
568 1898 639 1941 vero
670 1876 785 1941 diceret
816 1899 887 1941 voce
918 1876 1076 1941 Pieridum
1107 1877 1304 1962 Typhonem,
1328 1878 1452 1943 hostem

432 1995 591 2060 Deorum?
605 1996 628 2081 ¹)
652 1995 776 2081 Quippe
798 1996 934 2060 Pierides
959 2019 1028 2060 vera
1051 1995 1159 2060 dicunt
1182 2003 1378 2082 canuntque:
1398 1996 1453 2061 ille

431 2135 503 2177 vero
526 2114 634 2199 Typho
658 2137 754 2200 quum
778 2115 921 2178 adversus
938 2114 1020 2178 Deos
1037 2114 1220 2178 contendere
1235 2114 1451 2192 sustinuisset,

432 2231 569 2297 veritatis
600 2234 725 2319 ejusque
753 2256 830 2318 quae
854 2255 925 2297 enm
948 2232 1068 2298 deceret
1090 2232 1255 2297 modestiae
1278 2238 1454 2296 contemtor

431 2352 540 2415 fuerat.

477 2468 566 2551 Quae
594 2492 689 2555 quum
711 2470 756 2533 ita
779 2470 858 2547 sint,
883 2491 1004 2533 omnem
1027 2469 1110 2554 apud
1132 2468 1302 2533 Pindarum
1324 2467 1453 2532 virtutis

433 2587 627 2674 disciplinam
650 2594 682 2651 et
704 2587 999 2652 commendationem
1022 2588 1079 2651 hac
1102 2588 1281 2673 quaestione
1296 2586 1453 2651 contineri

434 2708 605 2784 cernimus,
629 2705 704 2793 quid
728 2706 882 2770 bominem
905 2705 1035 2770 deceret.
1070 2705 1172 2786 Quam
1195 2705 1319 2791 quidem
1343 2727 1452 2791 quaes·

432 2827 548 2890 tionem
569 2831 651 2889 recte
674 2824 848 2910 intelligere
872 2832 903 2888 et
926 2823 1110 2910 dijudicare,
1134 2823 1167 2888 id
1190 2846 1263 2888 sane
1280 2830 1328 2887 est
1342 2845 1451 2888 verum

432 2942 534 3008 videre
558 2943 590 3007 in
614 2965 646 3006 re
668 2943 846 3027 gravissima
869 2944 1016 3007 omnium.
1056 2941 1106 3006 Sic
1130 2943 1240 3006 veritas
1263 2942 1361 3006 officia
1381 2942 1453 3026 ipsa

432 3062 579 3126 continet.
627 3058 708 3124 Nam
737 3059 874 3124 modeste
905 3060 943 3124 de
973 3060 1040 3123 Diis
1070 3082 1209 3137 narrare,
1233 3058 1266 3123 id
1290 3065 1338 3123 est
1359 3060 1449 3142 pium

434 3202 516 3244 esse:
541 3202 647 3244 rernm
669 3180 702 3243 in
725 3180 809 3243 omni
832 3200 970 3243 sermone
994 3184 1025 3241 et
1039 3178 1119 3242 facto
1135 3177 1229 3243 libere
1245 3176 1379 3263 proferre
1394 3176 1450 3241 ubi

433 3321 503 3363 cum
533 3298 601 3364 aliis
632 3320 720 3384 agas,
743 3298 777 3361 id
800 3306 846 3362 est
866 3299 986 3383 justum
1008 3319 1089 3361 esse:
1114 3319 1219 3361 verum
1241 3295 1395 3359 humanae
1417 3301 1451 3359 et

432 3417 653 3502 magnitudinis
677 3424 708 3481 et
729 3416 949 3481 imbecillitatis
971 3438 1152 3500 cognoscere
1174 3413 1301 3478 modurn
1317 3434 1451 3499 eumque

433 3536 537 3622 sequi,
568 3535 601 3599 id
632 3542 679 3599 est
707 3542 738 3599 et
767 3535 876 3599 fortem
903 3557 969 3598 esse
993 3541 1024 3597 et
1046 3533 1271 3598 continentem:
1296 3538 1390 3616 atque
1412 3531 1447 3595 in

433 3655 481 3719 bis
504 3654 645 3719 omnibns
667 3675 729 3718 non
754 3676 842 3739 agere
865 3676 937 3717 casu
960 3653 1087 3716 fortuito
1110 3674 1166 3715 nec
1189 3651 1227 3716 ab
1251 3650 1351 3715 alieno
1375 3672 1450 3734 pen·

393 3841 396 3849 ,
433 3773 505 3838 dere
535 3773 660 3837 arbitrio
691 3773 745 3837 sed
768 3795 824 3836 sua
845 3773 948 3857 ipsum
970 3770 1176 3855 intelligentia
1199 3768 1262 3833 veri
1285 3768 1375 3845 duci,
1400 3792 1449 3832 ve·

432 3914 560 3978 rumque
591 3898 622 3955 et
650 3891 788 3976 exemplo
819 3898 850 3955 et
879 3890 1016 3954 oratione
1047 3895 1300 3966 commonstrare,
1332 3886 1367 3951 id
1398 3894 1449 3951 est

433 4033 467 4074 aa
488 4032 546 4075 ere.

466 4034 525 4192 pEx
555 4150 616 4213 qno
646 4135 748 4191 autem
778 4127 863 4191 fonte
893 4126 971 4189 banc
993 4124 1145 4189 Pindarus
1169 4123 1349 4209 sapientiam
1373 4122 1448 4187 bau·

433 4249 523 4325 serit,
563 4269 599 4310 ex
636 4247 704 4331 ipso
743 4246 835 4310 etiam
868 4243 1079 4329 intelligimus·
1130 4241 1341 4306 Contemsitne
1376 4240 1448 4305 doc·

467 4536 491 4597 1)
508 4533 580 4584 Conf.
593 4550 649 4599 pap.
666 4534 707 4585 tt.
