3767 5534
861 417 926 479 474

387 615 413 679 ei
435 614 519 699 legas
542 637 577 679 vs
601 617 641 678 61
666 614 703 679 ἔοι
726 614 854 693 πόλεμον
872 639 900 682 κ.
920 640 948 680 τ.
967 629 1011 690 a..
1033 613 1152 695 videas,
1170 624 1253 684 oerto
1268 620 1403 688 oonsilio

388 755 406 796 a
434 731 569 797 Pindaro
592 732 763 797 Minervam
785 732 1030 817 praetermissam
1053 755 1137 812 esse,
1161 757 1201 799 ne
1224 744 1402 804 narraretur

388 850 504 916 fantum
526 852 664 936 ipsorum
687 851 822 916 Deorum
846 852 927 916 inter
950 873 982 916 se
1005 851 1157 937 proelium
1163 902 1173 933 ,
1198 862 1351 922 ettamen
1365 878 1403 923 ea

388 967 557 1033 Pindarum
587 969 741 1054 attigisse,
774 968 887 1053 quibus
920 969 1060 1034 subesset
1090 969 1268 1055 hujusmodi
1290 973 1402 1059 proelii

388 1089 513 1153 mentio.
559 1087 714 1153 Proelium
738 1087 882 1153 Herculis
905 1088 1051 1154 adversus
1075 1088 1209 1155 Martem
1232 1093 1314 1159 eirea
1331 1114 1402 1159 ean·

389 1206 458 1270 dem
481 1206 592 1291 Pylum
614 1213 800 1270 memoratur
822 1206 861 1270 ab
884 1206 1038 1287 Hesiodo,
1063 1208 1111 1275 Se.
1136 1209 1177 1275 H.
1203 1214 1279 1275 359.

433 1325 486 1388 45.
522 1322 622 1400 τίνοιξε
632 1324 743 1405 χερσίν.
773 1323 805 1388 N
806 1347 863 1389 em.
877 1324 894 1390 I
908 1327 948 1391 79
961 1326 990 1390 ἐν
1000 1328 1065 1407 χερὶ
1078 1327 1220 1394 τινήσσοιν
1230 1328 1398 1411 Φοὶογοινοι.

431 1445 485 1507 46.
520 1442 604 1523 ἀμφὶ
627 1445 724 1509 Πύλον
747 1445 872 1516 crudele.
906 1445 1054 1510 Similiter
1077 1447 1273 1529 σξριΦιβοιίνειν
1297 1447 1338 1513 do
1352 1455 1404 1513 tn·.

388 1562 450 1626 tela
474 1568 504 1627 et
527 1562 643 1627 anxilio
666 1562 725 1627 Dei
748 1562 840 1627 Hom.
865 1563 903 1627 Il.
928 1563 946 1627 I
970 1567 1010 1631 37
1036 1564 1066 1638 ὃς
1089 1566 1202 1645 Χρύσην
1220 1567 1397 1650 οὶροΦιβέβιρ·

387 1705 462 1757 κοις,
487 1682 598 1747 Aesoh.
623 1680 653 1745 S.
678 1704 704 1747 o.
728 1681 786 1746 Th.
813 1684 876 1748 174
900 1683 1033 1761 δαίμονες
1056 1685 1180 1764 λυτήριον
1204 1684 1400 1767 ἀμφιβάντες

388 1801 482 1867 πόλιν.

435 1923 486 1984 51.
522 1919 637 2001 ρὀὶβδον.
673 1919 757 1985 Solet
788 1921 966 2006 hujusmodi
997 1922 1082 2007 virga
1108 1920 1264 1987 Mercurio
1287 1918 1399 1987 tribnia

387 2038 480 2104 Hom.
504 2037 564 2104 Od.
589 2038 699 2103 XXIV
726 2042 742 2102 1
767 2039 940 2105 Mercurius
964 2039 1091 2105 deducit
1107 2040 1223 2106 animas
1239 2061 1399 2124 prooornm

387 2156 557 2243 Penelopes
662 2229 664 2232 ,

497 2280 606 2358 Ἑρμῆς
628 2278 658 2342 δὲ
680 2279 787 2358 ψυχὰς
810 2279 967 2352 Κυλλήνιος
990 2276 1158 2353 ἐξεκαλεῖτο

497 2395 603 2476 ἀνδρῶν
624 2397 807 2476 μνηστήρων,
832 2395 886 2477 ἔχε
909 2396 938 2461 δὲ
961 2396 1065 2477 ῥοίβδου
1088 2398 1169 2472 μετὰ
1191 2398 1288 2479 χερσί.

498 2524 536 2596 σή
559 2517 582 2594 ῥ’
604 2513 665 2591 ἄγε
686 2515 822 2590 κινήσιος·
845 2514 896 2579 τινὶ
919 2514 948 2579 δὲ
971 2513 1114 2596 τρίζονσοιι
1136 2511 1248 2579 ἕποντο.

388 2633 474 2718 Virg.
500 2634 577 2698 Aen.
602 2632 649 2697 IV
673 2635 737 2696 242

455 2752 534 2816 Tum
558 2752 675 2837 virgam
698 2752 798 2836 capit:
822 2751 879 2815 hae
902 2752 1018 2815 animas
1041 2751 1095 2815 ille
1119 2757 1226 2816 evocat
1246 2748 1330 2815 Orco

445 2868 627 2947 Pallentes,
659 2869 733 2933 alias
765 2869 822 2933 snb
854 2869 981 2933 Tartara
1008 2867 1108 2933 tristis
1130 2867 1238 2932 mittit.

388 2986 525 3054 Eandem
541 2988 656 3072 virgam
672 2986 800 3050 Plutoni
815 2986 911 3050 tribui
926 3008 989 3050 non
1006 2985 1080 3049 alibi
1092 3008 1140 3049 me
1152 2984 1255 3069 legere
1265 2983 1398 3049 memini.

435 3108 487 3170 52.
521 3105 630 3184 βρότεοι
652 3105 781 3182 σώροιτοι
804 3102 990 3168 trauan.
1026 3101 1064 3165 Id
1089 3111 1134 3166 est
1149 3103 1280 3178 σώμοιτοι
1293 3101 1399 3180 βροτῶν

388 3224 574 3291 θνιισκόντων.
621 3222 668 3286 Of.
697 3244 775 3307 quae
798 3221 1012 3286 annotabimus
1036 3218 1075 3283 ad
1098 3241 1132 3283 vs
1157 3221 1232 3284 166.
1279 3218 1399 3284 Mirabi-

388 3343 460 3408 liter
491 3340 717 3426 quodammodo
747 3340 875 3418 σώμοιτιι
902 3338 953 3402 hio
976 3331 1169 3423 appellantur
1191 3343 1382 3401 mortuorum
1389 3383 1398 3412 ,

391 3484 469 3548 quae
492 3461 592 3526 solent
614 3459 716 3541 ψυχαὶ
739 3457 800 3523 diei
824 3458 870 3522 vel
893 3457 1016 3522 εἴδωλοε
1042 3454 1125 3540 apud
1148 3454 1319 3520 Homerum
1339 3454 1399 3539 qui·

393 3579 464 3643 dem
486 3580 518 3642 in
537 3579 642 3644 inferis
661 3578 765 3663 Ulyssi
785 3577 905 3642 obviam
925 3576 1009 3640 venit
1029 3576 1117 3655 ψυχή
1132 3572 1314 3659 Elpenoris,
1331 3595 1397 3638 uam

393 3703 482 3775 σῶμοι
503 3698 537 3761 in
560 3696 650 3762 domo
675 3696 776 3761 Circes
799 3695 940 3759 relietum
966 3700 1045 3757 erat:
1071 3690 1132 3756 Od.
1152 3690 1201 3755 XI
1218 3693 1271 3756 53.
1296 3691 1398 3777 Ipsum

393 3815 489 3896 βροτοὶ
520 3815 710 3881 demortuis
733 3814 847 3878 dieitur
871 3812 980 3877 Aeseh.
1005 3810 1100 3876 Ohoe.
1128 3812 1208 3874 130:
1233 3809 1304 3875 vido
1326 3830 1399 3894 qnae

395 3934 433 3999 ad
458 3958 527 4001 enm
550 3935 653 4004 lorum
676 3934 900 3999 annotavimus.

442 4056 494 4117 54.
528 4053 590 4119 οὶτδ
618 4075 667 4131 μοι
696 4051 794 4129 λόγον.
831 4049 919 4114 Conf.
951 4047 999 4112 De
1030 4044 1157 4111 Pindari
1183 4044 1254 4129 Sap.
1280 4065 1350 4130 pag.
1372 4044 1399 4105 9.

396 4170 540 4238 Ceterum
562 4169 715 4235 Pindarus
737 4167 861 4232 Platoni
883 4167 963 4231 viam
988 4164 1134 4251 praeivit,
1159 4163 1248 4249 eujus
1272 4169 1319 4226 est
1341 4181 1401 4224 seu·
