3767 5534
844 716 905 778 337

367 915 417 981 Ol.
450 916 533 980 VIII
565 919 617 979 69.
664 914 793 992 Tamen,
826 938 921 999 quum
952 916 1012 1000 ipsi
1042 916 1185 980 Dioscuri
1217 882 1374 1001 hospitium

367 1034 610 1121 adjuvandorum
639 1034 731 1098 laude
763 1033 953 1098 celebrentur
984 1034 1042 1098 hoc
1071 1033 1203 1098 carmine
1227 1056 1260 1097 vs
1286 1036 1322 1111 1,
1346 1043 1376 1097 et

363 1154 428 1239 ipse
446 1153 547 1217 'l'hero
567 1151 617 1216 01.
639 1151 673 1215 Il
695 1154 755 1228 ll,
778 1152 836 1215 hoc
856 1151 981 1236 quidem
1001 1151 1068 1215 loeo
1089 1151 1238 1236 quaedam
1254 1150 1377 1215 subesse

366 1280 468 1357 potest
501 1270 720 1357 hospitalitatis
755 1270 955 1356 significatio,
992 1291 1053 1334 non
1089 1270 1187 1335 verbis
1219 1291 1376 1356 expressa,

366 1366 471 1456 verum
502 1392 530 1454 si
559 1412 594 1455 ea
625 1389 819 1476 hospitaliter
851 1410 921 1454 cum
953 1389 1040 1453 cultu
1067 1388 1287 1453 Dioscurorum
1310 1408 1379 1452 con·

363 1512 472 1597 juncta
498 1510 566 1575 luit.
613 1507 777 1573 Genitivus
806 1508 915 1589 βροτῶν
946 1530 1008 1572 non
1040 1530 1110 1572 cum
1132 1505 1246 1579 ἓεινίκις
1268 1506 1375 1587 etaet-

372 1628 436 1709 ζρκρ
459 1630 639 1714 conjunctus
663 1637 726 1705 est,
751 1626 804 1691 sed
827 1648 895 1690 cum
919 1625 1106 1711 superlativo
1129 1627 1315 1709 aurierant,
1342 1632 1376 1689 ut

372 1746 577 1832 significetur,
612 1769 630 1810 a
663 1746 783 1810 nemine
814 1744 1009 1809 Eumenidas
1040 1744 1126 1810 cultu
1157 1743 1378 1809 Dioscurorum

375 1866 521 1950 superari.

415 1985 466 2050 74.
497 1984 631 2055 τελετάς.
664 1981 755 2047 Certa
774 1982 924 2068 quaedam
940 1982 1160 2047 Dioscurorum
1182 2004 1265 2047 sacra
1284 1982 1378 2048 fuisse

371 2102 530 2180 videntur,
555 2102 592 2167 ab
616 2101 803 2167 Bmmenidis
826 2103 961 2187 impense
985 2111 1099 2166 curata.

418 2224 469 2288 75.
504 2220 592 2285 Oonf.
617 2219 667 2286 Ol.
691 2221 708 2285 Ι
730 2222 829 2286 initio.
1068 2290 1072 2301 ,

418 2343 468 2405 79.
506 2339 630 2405 Οἵκοθεκ.
666 2339 706 2404 Vi
729 2340 821 2404 insit-a
844 2347 874 2403 et
896 2340 1013 2425 impetu
1034 2362 1099 2404 suo.
1120 2338 1166 2404 Gi.
1190 2339 1245 2403 Ist.
1267 2339 1313 2403 IV
1336 2342 1375 2403 19

829 2458 945 2524 Οἵκσθεκ
970 2458 1043 2524 eral-
1450 2446 1453 2453 ¹

640 2593 736 2642 λκισικ
758 2576 876 2643 ἅπτονθ’
897 2579 1092 2659 Ἡρκκλείκις.

374 2693 438 2758 Nec
469 2694 657 2759 dissimiliter
686 2717 722 2759 eo
753 2694 896 2761 adverbio
926 2697 1026 2762 utitur
1056 2695 1278 2760 Demosthenes
1309 2695 1376 2760 adv.

373 2814 531 2899 Aristogit.
566 2816 627 2880 770
659 2815 800 2895 irrupistis
831 2815 860 2880 δὲ
886 2822 970 2881 τοῦτο
1002 2815 1097 2881 nolam
1121 2816 1154 2880 τὸ
1178 2818 1309 2895 apricam
1331 2815 1377 2881 ἐπὶ

374 2942 426 3009 τῆς
446 2932 568 2999 ἑκάστου
586 2935 703 3015 Φύσεως
722 2932 840 3000 οἴκοθεν·
864 2935 1001 2999 oratione
1020 2957 1082 3000 non
1100 2957 1283 3022 magnopere
1303 2958 1379 3020 opus

372 3076 453 3131 esse,
482 3052 535 3117 sed
557 3076 622 3118 rem
641 3053 824 3139 jamdudum
847 3077 903 3118 suo
927 3077 1080 3140 quemque
1099 3054 1218 3140 judicio
1241 3061 1379 3121 utentem

371 3172 523 3257 judicasse
547 3172 591 3237 ita
613 3180 649 3236 ut
671 3174 819 3259 cujusque
842 3181 969 3239 naturae
992 3174 1200 3239 conveniebat.

419 3293 470 3357 79.
505 3291 538 3356 τὸ
562 3292 666 3370 πόρσω.
701 3292 828 3378 Saepius
860 3292 1026 3358 Columnas
1058 3293 1199 3358 Herculis
1231 3316 1301 3358 cum
1324 3301 1381 3357 ter·

374 3410 456 3475 mino
491 3410 604 3495 gloriae
639 3422 670 3475 et
703 3411 858 3478 felicitatis
889 3422 1061 3499 comparat,
1095 3414 1176 3478 ultra
1205 3434 1296 3498 quem
1319 3436 1380 3477 non

358 3514 591 3614 vadspirandum
622 3552 677 3594 nec
707 3532 891 3616 sperandum
923 3532 980 3595 sit:
1013 3532 1097 3596 velut
1128 3530 1218 3596 Nem.
1243 3530 1379 3609 11135,

374 3646 420 3710 IV
445 3650 508 3710 112
533 3654 578 3725 et,
604 3671 695 3733 quem
718 3649 819 3714 locum
842 3650 933 3715 modo
958 3651 1135 3728 attulimus,
1160 3650 1215 3715 Ist.
1236 3649 1283 3714 IV
1307 3654 1357 3715 19.

420 3769 471 3830 8l.
508 3769 538 3832 οὐ
561 3768 627 3844 μὴν.
663 3767 850 3834 Sententiam
881 3772 1054 3855 generalem
1082 3771 1240 3856 exprimit:
1270 3792 1380 3834 vanum

375 3907 439 3949 esse
473 3885 636 3950 consilinm
669 3887 795 3972 gloriam
831 3889 995 3973 superandi
1031 3890 1174 3955 victoriae
1210 3887 1380 3973 Olympiae.

374 4001 517 4067 Ceterum
549 4005 607 4069 hoc
638 4029 699 4070 non
731 4029 766 4071 eo
793 4009 943 4093 pertinet,
968 4018 1004 4073 ut
1026 3981 1188 4074 admoneat
1210 4007 1381 4073 Theronem

375 4131 407 4186 et
437 4122 474 4186 ab
505 4123 607 4208 aliqua
638 4126 732 4189 nimia
755 4127 923 4211 cupiditate
947 4127 1116 4206 deterreat,
1141 4128 1193 4192 sed
1217 4129 1319 4213 potius
1343 4127 1382 4190 ad

376 4240 612 4326 praedicandum
635 4245 754 4329 insigne
778 4246 892 4330 gloriae
915 4246 1086 4331 fastigium,
1111 4269 1172 4331 quo
1196 4248 1293 4331 majus
1316 4246 1382 4310 nul·

376 4359 443 4423 lum
466 4382 531 4424 esse
555 4362 660 4447 possit.
1319 4338 1321 4343 Ι
