<?xml version="1.0" encoding="UTF-8"?>
<!DOCTYPE html PUBLIC "-//W3C//DTD XHTML 1.0 Transitional//EN"
    "http://www.w3.org/TR/xhtml1/DTD/xhtml1-transitional.dtd">
<html xmlns="http://www.w3.org/1999/xhtml" xml:lang="en" lang="en">
 <head>
  <title>
</title>
<meta http-equiv="Content-Type" content="text/html;charset=utf-8" />
  <meta name='ocr-system' content='tesseract 3.04.00' />
  <meta name='ocr-capabilities' content='ocr_page ocr_carea ocr_par ocr_line ocrx_word'/>
</head>
<body>
  <div class='ocr_page' id='page_1' title='image "./pindaricarminao00pindgoog_0104.png"; bbox 0 0 3767 5534; ppageno 0'>
   <div class='ocr_carea' id='block_1_1' title="bbox 918 664 959 723">
    <p class='ocr_par' dir='ltr' id='par_1_1' title="bbox 918 664 959 723">
     <span class='ocr_line' id='line_1_1' title="bbox 918 664 959 723; baseline 0 0"><span class='ocrx_word' id='word_1_1' title='bbox 918 664 959 723; x_wconf 93' lang='lat'>80</span> 
     </span>
    </p>
   </div>
   <div class='ocr_carea' id='block_1_2' title="bbox 429 855 1455 947">
    <p class='ocr_par' dir='ltr' id='par_1_2' title="bbox 429 855 1455 947">
     <span class='ocr_line' id='line_1_2' title="bbox 429 855 1455 947; baseline 0.008 -28"><span class='ocrx_word' id='word_1_2' title='bbox 429 855 503 921; x_wconf 87' lang='lat' dir='ltr'>haec</span> <span class='ocrx_word' id='word_1_3' title='bbox 533 858 600 942; x_wconf 86' lang='lat' dir='ltr'>ipsa</span> <span class='ocrx_word' id='word_1_4' title='bbox 630 860 658 922; x_wconf 90' lang='lat' dir='ltr'>ei</span> <span class='ocrx_word' id='word_1_5' title='bbox 681 880 773 923; x_wconf 88' lang='lat' dir='ltr'>causa</span> <span class='ocrx_word' id='word_1_6' title='bbox 795 860 928 924; x_wconf 89' lang='lat' dir='ltr'>melioris</span> <span class='ocrx_word' id='word_1_7' title='bbox 953 862 1081 946; x_wconf 89' lang='lat' dir='ltr'>Diisque</span> <span class='ocrx_word' id='word_1_8' title='bbox 1105 862 1255 947; x_wconf 82' lang='lat' dir='ltr'>dignioris</span> <span class='ocrx_word' id='word_1_9' title='bbox 1278 863 1455 927; x_wconf 86' lang='lat' dir='ltr'>sententiae</span> 
     </span>
    </p>
   </div>
   <div class='ocr_carea' id='block_1_3' title="bbox 422 976 1452 4139">
    <p class='ocr_par' dir='ltr' id='par_1_3' title="bbox 429 976 1451 1065">
     <span class='ocr_line' id='line_1_3' title="bbox 429 976 1451 1065; baseline 0.006 -27"><span class='ocrx_word' id='word_1_10' title='bbox 429 976 596 1040; x_wconf 79' lang='lat' dir='ltr'>exsisteret.</span> <span class='ocrx_word' id='word_1_11' title='bbox 633 979 735 1063; x_wconf 86' lang='lat' dir='ltr'>Atque</span> <span class='ocrx_word' id='word_1_12' title='bbox 759 978 817 1041; x_wconf 91' lang='lat' dir='ltr'>hoc</span> <span class='ocrx_word' id='word_1_13' title='bbox 840 986 942 1043; x_wconf 87' lang='lat' dir='ltr'>tamen</span> <span class='ocrx_word' id='word_1_14' title='bbox 965 979 1033 1044; x_wconf 93' lang='lat' dir='ltr'>loco</span> <span class='ocrx_word' id='word_1_15' title='bbox 1053 980 1278 1065; x_wconf 84' lang='lat' dir='ltr'>quodammodo</span> <span class='ocrx_word' id='word_1_16' title='bbox 1295 982 1451 1046; x_wconf 78' lang='lat' dir='ltr'>substitit.</span> 
     </span>
    </p>

    <p class='ocr_par' dir='ltr' id='par_1_4' title="bbox 427 1093 1452 2830">
     <span class='ocr_line' id='line_1_4' title="bbox 475 1093 1452 1180; baseline 0.004 -23"><span class='ocrx_word' id='word_1_17' title='bbox 475 1093 597 1158; x_wconf 77' lang='lat' dir='ltr'>Scilicet</span> <span class='ocrx_word' id='word_1_18' title='bbox 620 1103 656 1158; x_wconf 88' lang='lat' dir='ltr'>ut</span> <span class='ocrx_word' id='word_1_19' title='bbox 679 1096 843 1179; x_wconf 80' lang='lat' dir='ltr'>perfectam</span> <span class='ocrx_word' id='word_1_20' title='bbox 864 1098 1019 1180; x_wconf 89' lang='lat' dir='ltr'>quandam</span> <span class='ocrx_word' id='word_1_21' title='bbox 1035 1106 1177 1162; x_wconf 84' lang='lat' dir='ltr'>naturam</span> <span class='ocrx_word' id='word_1_22' title='bbox 1193 1099 1350 1176; x_wconf 87' lang='lat' dir='ltr'>laudaret,</span> <span class='ocrx_word' id='word_1_23' title='bbox 1369 1121 1452 1163; x_wconf 91' lang='lat' dir='ltr'>eam-</span> 
     </span>
     <span class='ocr_line' id='line_1_5' title="bbox 427 1214 1447 1301; baseline 0.005 -26"><span class='ocrx_word' id='word_1_24' title='bbox 427 1234 502 1295; x_wconf 89' lang='lat' dir='ltr'>que,</span> <span class='ocrx_word' id='word_1_25' title='bbox 535 1235 596 1297; x_wconf 87' lang='lat' dir='ltr'>qua</span> <span class='ocrx_word' id='word_1_26' title='bbox 628 1214 707 1278; x_wconf 88' lang='lat' dir='ltr'>nibil</span> <span class='ocrx_word' id='word_1_27' title='bbox 730 1222 832 1299; x_wconf 89' lang='lat' dir='ltr'>posset</span> <span class='ocrx_word' id='word_1_28' title='bbox 855 1214 893 1277; x_wconf 90' lang='lat' dir='ltr'>ad</span> <span class='ocrx_word' id='word_1_29' title='bbox 918 1217 1062 1279; x_wconf 87' lang='lat' dir='ltr'>virtutem</span> <span class='ocrx_word' id='word_1_30' title='bbox 1087 1218 1327 1281; x_wconf 86' lang='lat' dir='ltr'>consummatius</span> <span class='ocrx_word' id='word_1_31' title='bbox 1351 1217 1447 1301; x_wconf 85' lang='lat' dir='ltr'>fingi,</span> 
     </span>
     <span class='ocr_line' id='line_1_6' title="bbox 428 1331 1451 1418; baseline 0.004 -25"><span class='ocrx_word' id='word_1_32' title='bbox 428 1351 506 1413; x_wconf 88' lang='lat' dir='ltr'>quae</span> <span class='ocrx_word' id='word_1_33' title='bbox 538 1353 631 1416; x_wconf 88' lang='lat' dir='ltr'>supra</span> <span class='ocrx_word' id='word_1_34' title='bbox 661 1331 800 1397; x_wconf 89' lang='lat' dir='ltr'>homines</span> <span class='ocrx_word' id='word_1_35' title='bbox 835 1340 914 1396; x_wconf 89' lang='grc'><strong>11111</strong></span> <span class='ocrx_word' id='word_1_36' title='bbox 945 1334 1026 1397; x_wconf 89' lang='lat' dir='ltr'>sicut</span> <span class='ocrx_word' id='word_1_37' title='bbox 1056 1333 1190 1417; x_wconf 84' lang='lat' dir='ltr'>perfecta</span> <span class='ocrx_word' id='word_1_38' title='bbox 1213 1340 1370 1418; x_wconf 88' lang='lat' dir='ltr'>praestant</span> <span class='ocrx_word' id='word_1_39' title='bbox 1392 1335 1451 1397; x_wconf 91' lang='lat' dir='ltr'>im-</span> 
     </span>
     <span class='ocr_line' id='line_1_7' title="bbox 429 1444 1450 1535; baseline 0.003 -23"><span class='ocrx_word' id='word_1_40' title='bbox 429 1448 589 1533; x_wconf 86' lang='lat' dir='ltr'>perfectis,</span> <span class='ocrx_word' id='word_1_41' title='bbox 622 1472 657 1513; x_wconf 92' lang='lat' dir='ltr'>eo</span> <span class='ocrx_word' id='word_1_42' title='bbox 688 1450 861 1534; x_wconf 85' lang='lat' dir='ltr'>pervenisse</span> <span class='ocrx_word' id='word_1_43' title='bbox 892 1450 1077 1529; x_wconf 86' lang='lat' dir='ltr'>Pindarum,</span> <span class='ocrx_word' id='word_1_44' title='bbox 1107 1444 1199 1535; x_wconf 88' lang='lat' dir='ltr'>atque</span> <span class='ocrx_word' id='word_1_45' title='bbox 1221 1450 1292 1515; x_wconf 93' lang='lat' dir='ltr'>ideo</span> <span class='ocrx_word' id='word_1_46' title='bbox 1310 1452 1450 1535; x_wconf 87' lang='lat' dir='ltr'>pravita-</span> 
     </span>
     <span class='ocr_line' id='line_1_8' title="bbox 427 1566 1447 1651; baseline 0.003 -22"><span class='ocrx_word' id='word_1_47' title='bbox 427 1574 491 1630; x_wconf 89' lang='lat' dir='ltr'>tem</span> <span class='ocrx_word' id='word_1_48' title='bbox 514 1590 532 1629; x_wconf 88' lang='lat' dir='ltr'>a</span> <span class='ocrx_word' id='word_1_49' title='bbox 554 1566 623 1629; x_wconf 90' lang='lat' dir='ltr'>Diis</span> <span class='ocrx_word' id='word_1_50' title='bbox 653 1568 841 1651; x_wconf 85' lang='lat' dir='ltr'>sejunxisse,</span> <span class='ocrx_word' id='word_1_51' title='bbox 875 1590 917 1650; x_wconf 87' lang='lat' dir='ltr'>ne</span> <span class='ocrx_word' id='word_1_52' title='bbox 945 1569 1012 1651; x_wconf 85' lang='lat' dir='ltr'>quis</span> <span class='ocrx_word' id='word_1_53' title='bbox 1044 1569 1213 1632; x_wconf 76' lang='lat' dir='ltr'>existimetz</span> <span class='ocrx_word' id='word_1_54' title='bbox 1242 1567 1384 1633; x_wconf 88' lang='lat' dir='ltr'>nondum</span> <span class='ocrx_word' id='word_1_55' title='bbox 1408 1568 1447 1632; x_wconf 92' lang='lat' dir='ltr'>ab</span> 
     </span>
     <span class='ocr_line' id='line_1_9' title="bbox 429 1684 1446 1770; baseline 0.002 -23"><span class='ocrx_word' id='word_1_56' title='bbox 429 1684 579 1770; x_wconf 89' lang='lat' dir='ltr'>ejusmodi</span> <span class='ocrx_word' id='word_1_57' title='bbox 602 1684 754 1747; x_wconf 84' lang='lat' dir='ltr'>sententia</span> <span class='ocrx_word' id='word_1_58' title='bbox 778 1684 957 1767; x_wconf 83' lang='lat' dir='ltr'>religionem</span> <span class='ocrx_word' id='word_1_59' title='bbox 982 1684 1075 1747; x_wconf 91' lang='lat' dir='ltr'>ordiri</span> <span class='ocrx_word' id='word_1_60' title='bbox 1099 1685 1126 1749; x_wconf 90' lang='grc'>11</span> <span class='ocrx_word' id='word_1_61' title='bbox 1150 1685 1340 1770; x_wconf 90' lang='lat' dir='ltr'>propositum</span> <span class='ocrx_word' id='word_1_62' title='bbox 1366 1686 1446 1750; x_wconf 82' lang='lat' dir='ltr'>fuit:</span> 
     </span>
     <span class='ocr_line' id='line_1_10' title="bbox 430 1801 1448 1888; baseline 0.003 -23"><span class='ocrx_word' id='word_1_63' title='bbox 430 1810 476 1865; x_wconf 89' lang='lat' dir='ltr'>est</span> <span class='ocrx_word' id='word_1_64' title='bbox 500 1801 602 1881; x_wconf 83' lang='lat' dir='ltr'>aliud,</span> <span class='ocrx_word' id='word_1_65' title='bbox 627 1801 709 1865; x_wconf 90' lang='lat' dir='ltr'>nolle</span> <span class='ocrx_word' id='word_1_66' title='bbox 734 1802 869 1866; x_wconf 88' lang='lat' dir='ltr'>tribuere</span> <span class='ocrx_word' id='word_1_67' title='bbox 884 1803 974 1880; x_wconf 87' lang='lat' dir='ltr'>vitia,</span> <span class='ocrx_word' id='word_1_68' title='bbox 999 1802 1101 1880; x_wconf 84' lang='lat' dir='ltr'>aliud,</span> <span class='ocrx_word' id='word_1_69' title='bbox 1122 1803 1292 1888; x_wconf 89' lang='lat' dir='ltr'>perfeetum</span> <span class='ocrx_word' id='word_1_70' title='bbox 1308 1804 1448 1868; x_wconf 87' lang='lat' dir='ltr'>venerari</span> 
     </span>
     <span class='ocr_line' id='line_1_11' title="bbox 428 1919 1445 2005; baseline 0.003 -22"><span class='ocrx_word' id='word_1_71' title='bbox 428 1921 551 1984; x_wconf 87' lang='lat' dir='ltr'>virtutis</span> <span class='ocrx_word' id='word_1_72' title='bbox 576 1927 606 1984; x_wconf 91' lang='grc'>11</span> <span class='ocrx_word' id='word_1_73' title='bbox 629 1921 740 1983; x_wconf 88' lang='lat' dir='ltr'>amoris</span> <span class='ocrx_word' id='word_1_74' title='bbox 765 1920 928 2005; x_wconf 85' lang='lat' dir='ltr'>exemplar.</span> <span class='ocrx_word' id='word_1_75' title='bbox 965 1919 1130 1983; x_wconf 84' lang='lat' dir='ltr'>Perfecisse</span> <span class='ocrx_word' id='word_1_76' title='bbox 1155 1927 1257 1985; x_wconf 90' lang='lat' dir='ltr'>tamen</span> <span class='ocrx_word' id='word_1_77' title='bbox 1274 1919 1445 1986; x_wconf 82' lang='lat' dir='ltr'>Pindarum</span> 
     </span>
     <span class='ocr_line' id='line_1_12' title="bbox 427 2036 1445 2123; baseline 0.003 -24"><span class='ocrx_word' id='word_1_78' title='bbox 427 2036 478 2115; x_wconf 92' lang='lat' dir='ltr'>id,</span> <span class='ocrx_word' id='word_1_79' title='bbox 510 2059 572 2120; x_wconf 95' lang='lat' dir='ltr'>quo</span> <span class='ocrx_word' id='word_1_80' title='bbox 602 2038 728 2122; x_wconf 91' lang='lat' dir='ltr'>propius</span> <span class='ocrx_word' id='word_1_81' title='bbox 760 2037 798 2100; x_wconf 88' lang='lat' dir='ltr'>ad</span> <span class='ocrx_word' id='word_1_82' title='bbox 830 2037 981 2123; x_wconf 89' lang='lat' dir='ltr'>ejusmodi</span> <span class='ocrx_word' id='word_1_83' title='bbox 1015 2038 1199 2101; x_wconf 87' lang='lat' dir='ltr'>sententiam</span> <span class='ocrx_word' id='word_1_84' title='bbox 1230 2037 1445 2117; x_wconf 86' lang='lat' dir='ltr'>accederetur,</span> 
     </span>
     <span class='ocr_line' id='line_1_13' title="bbox 427 2154 1448 2240; baseline 0.003 -23"><span class='ocrx_word' id='word_1_85' title='bbox 427 2154 517 2218; x_wconf 86' lang='lat' dir='ltr'>facile</span> <span class='ocrx_word' id='word_1_86' title='bbox 550 2154 746 2238; x_wconf 85' lang='lat' dir='ltr'>intelligitur.</span> <span class='ocrx_word' id='word_1_87' title='bbox 799 2154 858 2218; x_wconf 82' lang='lat' dir='ltr'>Sed</span> <span class='ocrx_word' id='word_1_88' title='bbox 893 2161 1049 2240; x_wconf 86' lang='lat' dir='ltr'>praeterea</span> <span class='ocrx_word' id='word_1_89' title='bbox 1085 2178 1155 2218; x_wconf 90' lang='lat' dir='ltr'>eum</span> <span class='ocrx_word' id='word_1_90' title='bbox 1189 2156 1223 2219; x_wconf 90' lang='lat' dir='ltr'>in</span> <span class='ocrx_word' id='word_1_91' title='bbox 1256 2155 1448 2240; x_wconf 86' lang='lat' dir='ltr'>sejungenda</span> 
     </span>
     <span class='ocr_line' id='line_1_14' title="bbox 427 2272 1449 2359; baseline 0.001 -22"><span class='ocrx_word' id='word_1_92' title='bbox 427 2274 579 2359; x_wconf 86' lang='lat' dir='ltr'>pravitate</span> <span class='ocrx_word' id='word_1_93' title='bbox 609 2272 834 2357; x_wconf 90' lang='lat' dir='ltr'>quodammodo</span> <span class='ocrx_word' id='word_1_94' title='bbox 866 2273 1038 2336; x_wconf 86' lang='lat' dir='ltr'>substitisse</span> <span class='ocrx_word' id='word_1_95' title='bbox 1061 2272 1153 2337; x_wconf 90' lang='lat' dir='ltr'>modo</span> <span class='ocrx_word' id='word_1_96' title='bbox 1177 2272 1364 2337; x_wconf 88' lang='lat' dir='ltr'>scribebam:</span> <span class='ocrx_word' id='word_1_97' title='bbox 1395 2296 1449 2338; x_wconf 92' lang='lat' dir='ltr'>ne·</span> 
     </span>
     <span class='ocr_line' id='line_1_15' title="bbox 428 2390 1447 2475; baseline -0.001 -20"><span class='ocrx_word' id='word_1_98' title='bbox 428 2414 488 2475; x_wconf 92' lang='lat' dir='ltr'>que</span> <span class='ocrx_word' id='word_1_99' title='bbox 520 2392 600 2454; x_wconf 89' lang='lat' dir='ltr'>enim</span> <span class='ocrx_word' id='word_1_100' title='bbox 632 2392 756 2454; x_wconf 91' lang='lat' dir='ltr'>omnino</span> <span class='ocrx_word' id='word_1_101' title='bbox 788 2390 944 2467; x_wconf 90' lang='lat' dir='ltr'>substitit,</span> <span class='ocrx_word' id='word_1_102' title='bbox 979 2391 1065 2473; x_wconf 90' lang='lat' dir='ltr'>sique</span> <span class='ocrx_word' id='word_1_103' title='bbox 1089 2412 1151 2454; x_wconf 89' lang='lat' dir='ltr'>non</span> <span class='ocrx_word' id='word_1_104' title='bbox 1175 2392 1358 2454; x_wconf 88' lang='lat' dir='ltr'>sententiam</span> <span class='ocrx_word' id='word_1_105' title='bbox 1382 2390 1447 2475; x_wconf 91' lang='lat' dir='ltr'>pla·</span> 
     </span>
     <span class='ocr_line' id='line_1_16' title="bbox 427 2507 1447 2593; baseline 0 -20"><span class='ocrx_word' id='word_1_106' title='bbox 427 2532 516 2586; x_wconf 84' lang='lat' dir='ltr'>nam,</span> <span class='ocrx_word' id='word_1_107' title='bbox 540 2517 643 2572; x_wconf 88' lang='lat' dir='ltr'>tamen</span> <span class='ocrx_word' id='word_1_108' title='bbox 660 2509 865 2593; x_wconf 88' lang='lat' dir='ltr'>suspicionem</span> <span class='ocrx_word' id='word_1_109' title='bbox 884 2508 922 2571; x_wconf 92' lang='lat' dir='ltr'>de</span> <span class='ocrx_word' id='word_1_110' title='bbox 939 2507 1043 2572; x_wconf 88' lang='lat' dir='ltr'>diviua</span> <span class='ocrx_word' id='word_1_111' title='bbox 1058 2516 1170 2572; x_wconf 90' lang='lat' dir='ltr'>natura</span> <span class='ocrx_word' id='word_1_112' title='bbox 1185 2508 1332 2593; x_wconf 86' lang='lat' dir='ltr'>protulit:</span> <span class='ocrx_word' id='word_1_113' title='bbox 1349 2507 1447 2593; x_wconf 89' lang='lat' dir='ltr'>idque</span> 
     </span>
     <span class='ocr_line' id='line_1_17' title="bbox 428 2627 1445 2711; baseline 0.001 -20"><span class='ocrx_word' id='word_1_114' title='bbox 428 2650 463 2691; x_wconf 91' lang='lat' dir='ltr'>eo</span> <span class='ocrx_word' id='word_1_115' title='bbox 494 2628 577 2705; x_wconf 90' lang='lat' dir='ltr'>loco,</span> <span class='ocrx_word' id='word_1_116' title='bbox 608 2649 700 2710; x_wconf 90' lang='lat' dir='ltr'>quem</span> <span class='ocrx_word' id='word_1_117' title='bbox 732 2627 895 2710; x_wconf 88' lang='lat' dir='ltr'>aliquoties</span> <span class='ocrx_word' id='word_1_118' title='bbox 915 2627 978 2710; x_wconf 86' lang='lat' dir='ltr'>jam</span> <span class='ocrx_word' id='word_1_119' title='bbox 1004 2628 1180 2711; x_wconf 87' lang='lat' dir='ltr'>attigimus,</span> <span class='ocrx_word' id='word_1_120' title='bbox 1204 2627 1259 2691; x_wconf 91' lang='lat' dir='ltr'>ubi</span> <span class='ocrx_word' id='word_1_121' title='bbox 1281 2627 1445 2692; x_wconf 87' lang='lat' dir='ltr'>Musarum</span> 
     </span>
     <span class='ocr_line' id='line_1_18' title="bbox 429 2745 748 2830; baseline -0.003 -20"><span class='ocrx_word' id='word_1_122' title='bbox 429 2747 512 2810; x_wconf 90' lang='lat' dir='ltr'>cauit</span> <span class='ocrx_word' id='word_1_123' title='bbox 535 2747 708 2830; x_wconf 90' lang='lat' dir='ltr'>imperium.</span> <span class='ocrx_word' id='word_1_124' title='bbox 724 2745 748 2829; x_wconf 78' lang='lat'>¹)</span> 
     </span>
    </p>

    <p class='ocr_par' dir='ltr' id='par_1_5' title="bbox 422 2863 1448 4139">
     <span class='ocr_line' id='line_1_19' title="bbox 474 2863 1448 2949; baseline 0.001 -22"><span class='ocrx_word' id='word_1_125' title='bbox 474 2864 597 2929; x_wconf 82' lang='lat' dir='ltr'>Scilicet</span> <span class='ocrx_word' id='word_1_126' title='bbox 628 2864 710 2949; x_wconf 91' lang='lat' dir='ltr'>apud</span> <span class='ocrx_word' id='word_1_127' title='bbox 741 2863 913 2927; x_wconf 90' lang='lat' dir='ltr'>Homerum</span> <span class='ocrx_word' id='word_1_128' title='bbox 945 2863 1054 2927; x_wconf 87' lang='lat' dir='ltr'>Musae</span> <span class='ocrx_word' id='word_1_129' title='bbox 1085 2870 1116 2927; x_wconf 92' lang='lat' dir='ltr'>et</span> <span class='ocrx_word' id='word_1_130' title='bbox 1146 2870 1261 2928; x_wconf 90' lang='lat' dir='ltr'>norunt</span> <span class='ocrx_word' id='word_1_131' title='bbox 1289 2864 1393 2928; x_wconf 89' lang='lat' dir='ltr'>omnia</span> <span class='ocrx_word' id='word_1_132' title='bbox 1417 2872 1448 2928; x_wconf 90' lang='lat' dir='ltr'>et</span> 
     </span>
     <span class='ocr_line' id='line_1_20' title="bbox 427 2981 1447 3067; baseline -0.001 -19"><span class='ocrx_word' id='word_1_133' title='bbox 427 2984 556 3049; x_wconf 87' lang='lat' dir='ltr'>tradunt</span> <span class='ocrx_word' id='word_1_134' title='bbox 582 2982 778 3061; x_wconf 81' lang='lat' dir='ltr'>mortalibus,</span> <span class='ocrx_word' id='word_1_135' title='bbox 798 2982 821 3066; x_wconf 72' lang='lat'>²)</span> <span class='ocrx_word' id='word_1_136' title='bbox 844 2982 1015 3067; x_wconf 88' lang='lat' dir='ltr'>iisdemque</span> <span class='ocrx_word' id='word_1_137' title='bbox 1038 2984 1071 3046; x_wconf 93' lang='lat' dir='ltr'>in</span> <span class='ocrx_word' id='word_1_138' title='bbox 1094 2981 1227 3067; x_wconf 86' lang='lat' dir='ltr'>Olympo</span> <span class='ocrx_word' id='word_1_139' title='bbox 1251 2983 1447 3048; x_wconf 82' lang='lat' dir='ltr'>oblectantur</span> 
     </span>
     <span class='ocr_line' id='line_1_21' title="bbox 428 3082 1443 3187; baseline -0.003 -20"><span class='ocrx_word' id='word_1_140' title='bbox 428 3103 497 3181; x_wconf 90' lang='lat' dir='ltr'>Dii,</span> <span class='ocrx_word' id='word_1_141' title='bbox 530 3125 627 3187; x_wconf 91' lang='lat' dir='ltr'>quum</span> <span class='ocrx_word' id='word_1_142' title='bbox 657 3082 772 3166; x_wconf 86' lang='lat' dir='ltr'>canunt</span> <span class='ocrx_word' id='word_1_143' title='bbox 801 3123 873 3165; x_wconf 92' lang='lat' dir='ltr'>voce</span> <span class='ocrx_word' id='word_1_144' title='bbox 900 3102 986 3165; x_wconf 84' lang='lat' dir='ltr'>suavi</span> <span class='ocrx_word' id='word_1_145' title='bbox 1010 3108 1040 3165; x_wconf 90' lang='lat' dir='ltr'>et</span> <span class='ocrx_word' id='word_1_146' title='bbox 1062 3103 1142 3167; x_wconf 89' lang='lat' dir='ltr'>inter</span> <span class='ocrx_word' id='word_1_147' title='bbox 1165 3124 1197 3164; x_wconf 90' lang='grc'>11</span> <span class='ocrx_word' id='word_1_148' title='bbox 1221 3102 1397 3186; x_wconf 85' lang='lat' dir='ltr'>excipiunt:</span> <span class='ocrx_word' id='word_1_149' title='bbox 1417 3102 1443 3186; x_wconf 77' lang='grc'>3)</span> 
     </span>
     <span class='ocr_line' id='line_1_22' title="bbox 428 3209 1444 3307; baseline -0.003 -20"><span class='ocrx_word' id='word_1_150' title='bbox 428 3245 527 3307; x_wconf 89' lang='lat' dir='ltr'>neque</span> <span class='ocrx_word' id='word_1_151' title='bbox 550 3221 633 3307; x_wconf 88' lang='lat' dir='ltr'>apud</span> <span class='ocrx_word' id='word_1_152' title='bbox 655 3220 825 3285; x_wconf 89' lang='lat' dir='ltr'>Pindarum</span> <span class='ocrx_word' id='word_1_153' title='bbox 849 3209 904 3283; x_wconf 89' lang='lat' dir='ltr'>aut</span> <span class='ocrx_word' id='word_1_154' title='bbox 924 3242 1025 3284; x_wconf 91' lang='lat' dir='ltr'>rerum</span> <span class='ocrx_word' id='word_1_155' title='bbox 1042 3220 1168 3284; x_wconf 88' lang='lat' dir='ltr'>scientia</span> <span class='ocrx_word' id='word_1_156' title='bbox 1185 3226 1290 3283; x_wconf 86' lang='lat' dir='ltr'>carent</span> <span class='ocrx_word' id='word_1_157' title='bbox 1305 3226 1361 3283; x_wconf 90' lang='lat' dir='ltr'>aut</span> <span class='ocrx_word' id='word_1_158' title='bbox 1376 3220 1444 3284; x_wconf 89' lang='lat' dir='ltr'>sine</span> 
     </span>
     <span class='ocr_line' id='line_1_23' title="bbox 428 3337 1442 3423; baseline -0.005 -17"><span class='ocrx_word' id='word_1_159' title='bbox 428 3364 532 3407; x_wconf 87' lang='lat' dir='ltr'>earum</span> <span class='ocrx_word' id='word_1_160' title='bbox 563 3362 691 3405; x_wconf 89' lang='lat' dir='ltr'>munere</span> <span class='ocrx_word' id='word_1_161' title='bbox 721 3345 829 3423; x_wconf 89' lang='lat' dir='ltr'>poetae</span> <span class='ocrx_word' id='word_1_162' title='bbox 860 3338 980 3415; x_wconf 85' lang='lat' dir='ltr'>valent,</span> <span class='ocrx_word' id='word_1_163' title='bbox 1005 3360 1062 3402; x_wconf 90' lang='lat' dir='ltr'>nec</span> <span class='ocrx_word' id='word_1_164' title='bbox 1085 3360 1156 3401; x_wconf 86' lang='lat' dir='ltr'>vero</span> <span class='ocrx_word' id='word_1_165' title='bbox 1180 3337 1265 3402; x_wconf 90' lang='lat' dir='ltr'>abest</span> <span class='ocrx_word' id='word_1_166' title='bbox 1289 3338 1442 3401; x_wconf 86' lang='lat' dir='ltr'>suavitas:</span> 
     </span>
     <span class='ocr_line' id='line_1_24' title="bbox 429 3456 1445 3546; baseline -0.004 -21"><span class='ocrx_word' id='word_1_167' title='bbox 429 3461 483 3525; x_wconf 89' lang='lat' dir='ltr'>sed</span> <span class='ocrx_word' id='word_1_168' title='bbox 506 3465 662 3546; x_wconf 88' lang='lat' dir='ltr'>praeterea</span> <span class='ocrx_word' id='word_1_169' title='bbox 684 3457 799 3522; x_wconf 87' lang='lat' dir='ltr'>habent</span> <span class='ocrx_word' id='word_1_170' title='bbox 823 3457 958 3521; x_wconf 86' lang='lat' dir='ltr'>veritatis</span> <span class='ocrx_word' id='word_1_171' title='bbox 982 3457 1186 3541; x_wconf 90' lang='lat' dir='ltr'>patrocinium</span> <span class='ocrx_word' id='word_1_172' title='bbox 1211 3462 1241 3520; x_wconf 96' lang='grc'>11</span> <span class='ocrx_word' id='word_1_173' title='bbox 1263 3456 1445 3521; x_wconf 85' lang='lat' dir='ltr'>vindicatio·</span> 
     </span>
     <span class='ocr_line' id='line_1_25' title="bbox 426 3573 1445 3662; baseline -0.008 -18"><span class='ocrx_word' id='word_1_174' title='bbox 426 3603 515 3645; x_wconf 77' lang='lat' dir='ltr'>nemz</span> <span class='ocrx_word' id='word_1_175' title='bbox 540 3579 566 3643; x_wconf 89' lang='lat' dir='ltr'>si</span> <span class='ocrx_word' id='word_1_176' title='bbox 590 3577 713 3662; x_wconf 90' lang='lat' dir='ltr'>quidem</span> <span class='ocrx_word' id='word_1_177' title='bbox 737 3576 807 3640; x_wconf 90' lang='lat' dir='ltr'>idco</span> <span class='ocrx_word' id='word_1_178' title='bbox 830 3576 940 3660; x_wconf 86' lang='lat' dir='ltr'>fugant</span> <span class='ocrx_word' id='word_1_179' title='bbox 964 3596 1020 3638; x_wconf 88' lang='lat' dir='ltr'>sua</span> <span class='ocrx_word' id='word_1_180' title='bbox 1039 3596 1111 3639; x_wconf 86' lang='lat' dir='ltr'>voce</span> <span class='ocrx_word' id='word_1_181' title='bbox 1127 3573 1308 3658; x_wconf 77' lang='lat' dir='ltr'>Typhonem</span> <span class='ocrx_word' id='word_1_182' title='bbox 1324 3595 1445 3637; x_wconf 88' lang='lat' dir='ltr'>omnes-</span> 
     </span>
     <span class='ocr_line' id='line_1_26' title="bbox 427 3689 1443 3785; baseline -0.009 -23"><span class='ocrx_word' id='word_1_183' title='bbox 427 3720 487 3785; x_wconf 92' lang='lat' dir='ltr'>que</span> <span class='ocrx_word' id='word_1_184' title='bbox 518 3698 620 3761; x_wconf 88' lang='lat' dir='ltr'>hostes</span> <span class='ocrx_word' id='word_1_185' title='bbox 652 3694 799 3759; x_wconf 88' lang='lat' dir='ltr'>Deorum.</span> <span class='ocrx_word' id='word_1_186' title='bbox 816 3695 843 3779; x_wconf 77' lang='lat'>4)</span> <span class='ocrx_word' id='word_1_187' title='bbox 878 3694 982 3778; x_wconf 86' lang='lat' dir='ltr'>Atque</span> <span class='ocrx_word' id='word_1_188' title='bbox 1013 3692 1071 3755; x_wconf 92' lang='lat' dir='ltr'>hoc</span> <span class='ocrx_word' id='word_1_189' title='bbox 1103 3713 1215 3755; x_wconf 90' lang='lat' dir='ltr'>munus</span> <span class='ocrx_word' id='word_1_190' title='bbox 1245 3692 1283 3755; x_wconf 89' lang='lat' dir='ltr'>iis</span> <span class='ocrx_word' id='word_1_191' title='bbox 1316 3689 1443 3755; x_wconf 89' lang='lat' dir='ltr'>Deabus</span> 
     </span>
     <span class='ocr_line' id='line_1_27' title="bbox 425 3806 1443 3900; baseline -0.011 -19"><span class='ocrx_word' id='word_1_192' title='bbox 425 3818 577 3892; x_wconf 88' lang='lat' dir='ltr'>tribuere,</span> <span class='ocrx_word' id='word_1_193' title='bbox 602 3836 680 3900; x_wconf 84' lang='lat' dir='ltr'>quae</span> <span class='ocrx_word' id='word_1_194' title='bbox 704 3820 815 3877; x_wconf 89' lang='lat' dir='ltr'>cuncta</span> <span class='ocrx_word' id='word_1_195' title='bbox 837 3818 962 3896; x_wconf 86' lang='lat' dir='ltr'>regant,</span> <span class='ocrx_word' id='word_1_196' title='bbox 988 3817 1019 3874; x_wconf 89' lang='lat' dir='ltr'>et</span> <span class='ocrx_word' id='word_1_197' title='bbox 1041 3809 1155 3895; x_wconf 90' lang='lat' dir='ltr'>quibus</span> <span class='ocrx_word' id='word_1_198' title='bbox 1178 3808 1238 3893; x_wconf 86' lang='lat' dir='ltr'>ipsi</span> <span class='ocrx_word' id='word_1_199' title='bbox 1260 3807 1372 3893; x_wconf 87' lang='lat' dir='ltr'>reliqui</span> <span class='ocrx_word' id='word_1_200' title='bbox 1387 3806 1443 3872; x_wconf 91' lang='lat' dir='ltr'>Dii</span> 
     </span>
     <span class='ocr_line' id='line_1_28' title="bbox 426 3926 1444 4014; baseline -0.01 -15"><span class='ocrx_word' id='word_1_201' title='bbox 426 3960 458 4001; x_wconf 89' lang='grc'>11</span> <span class='ocrx_word' id='word_1_202' title='bbox 489 3934 674 4000; x_wconf 87' lang='lat' dir='ltr'>submittant</span> <span class='ocrx_word' id='word_1_203' title='bbox 704 3931 858 4008; x_wconf 89' lang='lat' dir='ltr'>volentes,</span> <span class='ocrx_word' id='word_1_204' title='bbox 888 3928 1025 4014; x_wconf 88' lang='lat' dir='ltr'>profecto</span> <span class='ocrx_word' id='word_1_205' title='bbox 1057 3933 1119 4004; x_wconf 89' lang='grc'><strong>111,</strong></span> <span class='ocrx_word' id='word_1_206' title='bbox 1144 3926 1182 3990; x_wconf 90' lang='lat' dir='ltr'>de</span> <span class='ocrx_word' id='word_1_207' title='bbox 1206 3926 1309 3990; x_wconf 87' lang='lat' dir='ltr'>divina</span> <span class='ocrx_word' id='word_1_208' title='bbox 1332 3932 1444 3990; x_wconf 89' lang='lat' dir='ltr'>natura</span> 
     </span>
     <span class='ocr_line' id='line_1_29' title="bbox 422 4044 1444 4139; baseline -0.012 -20"><span class='ocrx_word' id='word_1_209' title='bbox 422 4055 523 4139; x_wconf 88' lang='lat' dir='ltr'>deque</span> <span class='ocrx_word' id='word_1_210' title='bbox 553 4054 619 4138; x_wconf 89' lang='lat' dir='ltr'>ejus</span> <span class='ocrx_word' id='word_1_211' title='bbox 651 4050 778 4115; x_wconf 87' lang='lat' dir='ltr'>veritate</span> <span class='ocrx_word' id='word_1_212' title='bbox 811 4046 948 4133; x_wconf 88' lang='lat' dir='ltr'>aliquid,</span> <span class='ocrx_word' id='word_1_213' title='bbox 973 4045 1057 4131; x_wconf 90' lang='lat' dir='ltr'>quod</span> <span class='ocrx_word' id='word_1_214' title='bbox 1080 4067 1185 4109; x_wconf 88' lang='lat' dir='ltr'>verum</span> <span class='ocrx_word' id='word_1_215' title='bbox 1209 4044 1444 4130; x_wconf 88' lang='lat' dir='ltr'>perfectumque</span> 
     </span>
    </p>
   </div>
   <div class='ocr_carea' id='block_1_4' title="bbox 424 4170 703 4257">
    <p class='ocr_par' dir='ltr' id='par_1_6' title="bbox 424 4170 703 4257">
     <span class='ocr_line' id='line_1_30' title="bbox 424 4170 703 4257; baseline -0.018 -20"><span class='ocrx_word' id='word_1_216' title='bbox 424 4174 481 4251; x_wconf 88' lang='lat' dir='ltr'>sit,</span> <span class='ocrx_word' id='word_1_217' title='bbox 506 4170 703 4257; x_wconf 85' lang='lat' dir='ltr'>suspicantis.</span> 
     </span>
    </p>
   </div>
   <div class='ocr_carea' id='block_1_5' title="bbox 455 4358 1443 4529">
    <p class='ocr_par' dir='ltr' id='par_1_7' title="bbox 455 4358 1443 4529">
     <span class='ocr_line' id='line_1_31' title="bbox 458 4358 1443 4437; baseline -0.013 -17"><span class='ocrx_word' id='word_1_218' title='bbox 458 4373 483 4433; x_wconf 90' lang='lat'>1)</span> <span class='ocrx_word' id='word_1_219' title='bbox 500 4372 541 4437; x_wconf 76' lang='lat' dir='ltr'>Py.</span> <span class='ocrx_word' id='word_1_220' title='bbox 562 4372 585 4419; x_wconf 89' lang='grc' dir='ltr'>Ι.</span> <span class='ocrx_word' id='word_1_221' title='bbox 604 4368 693 4417; x_wconf 82' lang='lat'>1-31.</span> <span class='ocrx_word' id='word_1_222' title='bbox 783 4366 809 4428; x_wconf 78' lang='lat'>2)</span> <span class='ocrx_word' id='word_1_223' title='bbox 828 4366 904 4415; x_wconf 75' lang='lat' dir='ltr'>Iliad.</span> <span class='ocrx_word' id='word_1_224' title='bbox 923 4360 1119 4421; x_wconf 62' lang='grc'><strong>11181411.</strong></span> <span class='ocrx_word' id='word_1_225' title='bbox 1208 4360 1233 4423; x_wconf 83' lang='lat'>8)</span> <span class='ocrx_word' id='word_1_226' title='bbox 1251 4358 1327 4409; x_wconf 78' lang='lat' dir='ltr'>Iliad.</span> <span class='ocrx_word' id='word_1_227' title='bbox 1344 4360 1367 4409; x_wconf 89' lang='lat' dir='ltr'>I.</span> <span class='ocrx_word' id='word_1_228' title='bbox 1385 4358 1443 4429; x_wconf 50' lang='lat'>604,</span> 
     </span>
     <span class='ocr_line' id='line_1_32' title="bbox 455 4460 784 4529; baseline -0.021 -13"><span class='ocrx_word' id='word_1_229' title='bbox 455 4468 481 4529; x_wconf 84' lang='lat'>4)</span> <span class='ocrx_word' id='word_1_230' title='bbox 501 4466 572 4516; x_wconf 74' lang='lat' dir='ltr'>(toni.</span> <span class='ocrx_word' id='word_1_231' title='bbox 587 4480 656 4529; x_wconf 70' lang='lat' dir='ltr'>paqq.</span> <span class='ocrx_word' id='word_1_232' title='bbox 676 4461 725 4520; x_wconf 79' lang='lat'>67,</span> <span class='ocrx_word' id='word_1_233' title='bbox 742 4460 784 4512; x_wconf 81' lang='grc'>76.</span> 
     </span>
    </p>
   </div>
   <div class='ocr_carea' id='block_1_6' title="bbox 0 0 1888 5534">
    <p class='ocr_par' dir='ltr' id='par_1_8' title="bbox 0 0 1888 5534">
     <span class='ocr_line' id='line_1_33' title="bbox 0 0 1888 5534; baseline 0 0"><span class='ocrx_word' id='word_1_234' title='bbox 0 0 1888 5534; x_wconf 95' lang='lat' dir='ltr'> </span> 
     </span>
    </p>
   </div>
  </div>
 </body>
</html>
