3767 5534
924 689 965 748 32

435 908 454 948 a
484 887 664 953 mortalibus
697 911 796 954 arcere
828 888 1017 953 molestias.”
1032 890 1056 975 1)
1103 890 1261 955 Praeclara
1287 912 1359 954 sane
1382 888 1455 953 talis

435 1016 481 1070 est
519 1006 647 1070 heroum
682 1008 844 1086 memoria,
878 1032 948 1073 cum
981 1009 1070 1073 cultu
1101 1009 1237 1075 Deorum
1268 1019 1298 1074 et
1330 1009 1455 1094 pietatis

434 1125 663 1210 modestiaeque
687 1150 778 1191 sensu
802 1129 977 1213 conjuncta.

479 1245 668 1332 Hujusmodi
691 1248 788 1331 igitur
810 1248 939 1312 heroum
963 1248 1069 1312 laudes
1090 1248 1301 1332 virtutumque
1317 1247 1455 1333 praemia

434 1372 465 1429 et
488 1365 586 1429 honos
610 1366 748 1431 fuerunt.
796 1365 856 1430 Sed
880 1377 1037 1452 praeterea
1060 1376 1171 1431 sortem
1196 1388 1301 1430 eorum
1316 1365 1453 1429 narravit

433 1484 585 1549 Pindarus
618 1496 648 1549 et
680 1485 821 1570 exempla
852 1486 1004 1551 fortunae.
1051 1485 1216 1550 Tantalum
1251 1492 1281 1549 ct
1311 1484 1452 1549 Ixionem

429 1603 494 1688 jam
516 1604 676 1681 novimus,
701 1626 834 1688 quorum
850 1605 995 1691 superbia
1011 1605 1128 1670 cladem
1145 1605 1271 1670 invenit.
1283 1604 1310 1689 2)
1334 1602 1451 1667 Verum

431 1722 499 1807 ipsa
521 1722 659 1805 quamvis
682 1723 904 1808 praestantium
926 1724 1053 1788 heroum
1074 1724 1210 1789 conditio
1226 1746 1288 1787 non
1304 1723 1450 1787 immunis

433 1841 594 1906 infortunii
617 1844 685 1907 brit.
722 1845 841 1907 Acvurn
866 1867 1006 1926 securum
1031 1867 1087 1909 nec
1111 1844 1203 1908 Peleo
1230 1841 1377 1908 Aeacidae
1393 1863 1450 1905 uec

433 1960 550 2025 Cadmo
581 1962 685 2026 divino
716 1962 793 2041 fuit,
826 1964 880 2047 qni
904 1963 1082 2027 mortalium
1106 1986 1278 2048 supremam
1303 1961 1451 2025 dicunt-ur

432 2080 575 2145 habuisse
598 2081 770 2160 fortunam,
796 2082 912 2166 quique
935 2083 1027 2147 etiam
1051 2083 1083 2145 in
1100 2092 1204 2146 monte
1220 2081 1325 2145 Musas
1341 2103 1450 2145 canen·

431 2208 477 2263 tes
501 2222 536 2263 ac
558 2199 673 2264 Thebis
689 2200 872 2280 audierunt,
890 2201 941 2264 hic
957 2223 1055 2285 quum
1071 2202 1236 2265 formosam
1249 2200 1447 2265 Harmoniam

431 2319 574 2397 duceret,
610 2318 661 2383 ille
690 2342 761 2383 vero
793 2319 887 2384 Nerei
917 2321 1064 2406 sapientis
1096 2321 1258 2385 Thetidem
1283 2320 1446 2404 gloriosam

431 2438 535 2503 filiam.
572 2439 618 2503 Ac
642 2438 694 2503 Dii
718 2440 799 2525 apud
825 2448 992 2524 utrumque
1016 2441 1155 2504 convivia
1178 2440 1388 2516 celebrarunt,
1416 2450 1447 2503 et

433 2556 527 2621 Croni
549 2557 662 2623 liberos
685 2582 772 2644 reges
797 2560 940 2625 viderunt
964 2561 1063 2625 aureis
1086 2562 1118 2625 in
1143 2560 1284 2638 sedibus,
1305 2560 1446 2643 donaque

432 2685 617 2763 acceperunt
651 2679 841 2764 conjugalia:
875 2680 1024 2764 lorisque
1056 2680 1214 2745 voluntate
1245 2703 1261 2743 e
1293 2679 1446 2765 prioribus

431 2797 529 2861 exiere
558 2797 715 2862 laboribus
746 2809 908 2883 erectoque
932 2799 1022 2864 corde
1046 2799 1182 2864 fuerunt.
1230 2798 1290 2864 Sed
1313 2799 1344 2862 in
1370 2806 1446 2863 tem·

431 2916 514 3001 poris
550 2939 642 2981 cursu
678 2916 829 2981 Cadmum
861 2918 982 2983 acribus
1015 2919 1242 2984 calamitatibus
1273 2918 1353 2982 filiae
1384 2924 1446 2981 tres

431 3042 516 3121 parte
539 3035 704 3100 hilaritatis
727 3036 892 3114 orbarunt,
913 3036 1062 3102 candidae
1078 3060 1148 3102 vero
1164 3037 1309 3121 Thyonae
1324 3036 1447 3123 Jupiter

431 3156 464 3219 in
487 3154 577 3219 dulce
600 3154 790 3219 connubium
814 3156 908 3220 venit.
933 3156 1017 3221 Pelei
1037 3178 1107 3221 vero
1123 3155 1222 3234 filius,
1240 3178 1332 3241 quem
1348 3179 1446 3220 unum

432 3273 612 3338 immortalis
643 3272 750 3337 Thetis
781 3274 916 3360 peperit,
947 3275 978 3339 in
1002 3275 1083 3340 bello
1107 3276 1218 3340 amissa
1241 3276 1358 3352 anima,
1388 3274 1447 3338 Da·

431 3393 514 3470 nais,
539 3413 636 3476 quum
659 3402 863 3472 cremaretur,
887 3394 1005 3459 luctum
1031 3395 1182 3459 excitavit.
1197 3395 1222 3479 8)
1253 3396 1357 3478 Atque
1372 3393 1446 3457 haec

430 3513 474 3576 ita
504 3518 595 3597 poeta
620 3512 796 3597 proposuit,
823 3521 858 3577 ut
880 3514 1054 3598 exemplum
1080 3514 1169 3577 sortis
1193 3514 1343 3578 humanae
1368 3536 1448 3578 com·

430 3629 606 3710 mandaret,
638 3631 837 3716 doceretque,
868 3634 949 3711 suis,
983 3655 1059 3717 quas
1083 3656 1101 3695 a
1124 3633 1189 3697 Deo
1213 3634 1344 3718 quisque
1367 3655 1448 3697 acce·

430 3749 528 3834 perit,
560 3748 652 3813 rebus
681 3757 859 3814 contentum
883 3773 949 3815 ease
973 3757 1121 3835 oportere.
1168 3750 1315 3836 Ejusdem
1339 3750 1447 3816 Cadmi

430 3869 530 3954 proles
553 3869 667 3954 quibus
690 3870 783 3934 luerit
806 3879 836 3935 et
856 3870 978 3955 gaudiis
995 3879 1098 3935 evecta
1115 3881 1145 3935 et
1161 3871 1273 3935 afflicta
1288 3870 1445 3947 cladibus,

432 3988 608 4053 consolandi
632 4011 725 4052 causa
747 3988 920 4053 Theronem
943 3990 1077 4053 narravit
1097 3990 1128 4053 in
1149 3992 1281 4054 carmine
1301 3988 1446 4074 Olympio

430 4109 584 4174 secundo:
606 4131 698 4193 quem
721 4109 824 4173 locum
846 4132 940 4194 supra
964 4109 1133 4193 attigimus,
1147 4113 1172 4194 4)

466 4387 489 4450 1)
507 4388 572 4438 Nem.
595 4388 812 4453 VII.128,reqq.
913 4388 937 4447 2)
956 4387 1027 4437 Ocni.
1040 4402 1111 4452 qaqq.
1133 4386 1172 4445 ta,
1193 4385 1232 4435 20.

465 4481 489 4543 3)
506 4482 547 4547 lq.
567 4484 623 4532 III.
643 4482 690 4531 lua
707 4499 768 4547 seqq.
913 4485 938 4542 4)
959 4481 1012 4532 vid.
1026 4499 1082 4547 paq.
1101 4481 1141 4533 27.
