3767 5534
904 716 967 777 541

518 915 580 980 οὐδὲ
601 917 662 993 γὰρ
684 916 745 980 octe
770 916 917 993 Δρύονσος
939 914 997 985 υἱὸς
1020 913 1154 994 κρατερὸς
1178 913 1340 994 Λυκόοργος

519 1034 567 1109 δὴν
591 1031 642 1116 ἦν,
666 1032 758 1099 Hom.
783 1032 821 1096 Il.
846 1031 893 1094 VI
922 1034 992 1096 130.

431 1149 573 1235 Xenoph.
607 1150 704 1214 Anah.
736 1149 772 1212 L.
797 1149 814 1212 I
837 1148 872 1212 O.
897 1147 980 1211 VIII
1004 1151 1062 1212 20:
1088 1150 1137 1214 κοοὶ
1162 1150 1238 1213 οὐδὲν
1260 1149 1358 1227 μέντοι
1381 1150 1444 1231 οὐδὲ

431 1274 531 1333 τοῦτον
553 1270 655 1332 ποθεῖν
678 1268 813 1347 ἔῷοσοον·
835 1266 897 1330 οὐδὲ
916 1264 1008 1339 ἄλλος
1029 1266 1058 1329 δὲ
1073 1271 1129 1330 τῶν
1145 1267 1291 1341 Ἑλλήνων
1307 1267 1336 1331 ἐν
1351 1265 1447 1348 σούσῃ

394 1377 399 1384 ’
432 1398 469 1468 τῇ
500 1385 590 1468 μάχῃ
620 1388 725 1451 remo
756 1384 843 1456 οὐδεὶς
867 1383 955 1450 οὐδέν.
1001 1382 1043 1446 Et
1067 1405 1178 1467 magno
1201 1405 1329 1448 numero
1353 1384 1446 1468 hujus

433 1505 552 1588 generis
575 1504 713 1588 exempla
735 1511 819 1566 sunt.
859 1504 907 1565 An
923 1501 1052 1565 fortasse
1068 1501 1263 1566 offenderunt
1278 1503 1309 1566 in
1328 1502 1447 1587 adjecto

434 1621 503 1685 cro?
526 1611 625 1705 Atqui
648 1620 751 1684 studio
774 1620 874 1684 multo
898 1620 1056 1704 pervenire
1079 1620 1208 1683 tortasse
1231 1641 1267 1685 eo
1282 1620 1394 1704 possis,
1411 1628 1447 1684 ut

435 1738 511 1823 quid
536 1738 612 1802 bene
635 1737 749 1801 Graece
772 1736 894 1801 dicatur
915 1736 1019 1821 aliquo
1035 1736 1127 1800 modo
1143 1738 1356 1803 sciasrverum
1374 1761 1449 1823 quo·

435 1855 506 1919 dam
538 1855 654 1940 ingenii
681 1856 797 1939 impetu
820 1854 898 1917 scire
921 1853 997 1937 quid
1021 1876 1083 1917 non
1107 1854 1184 1918 bene
1207 1854 1359 1919 Graecum
1383 1877 1448 1919 esse

437 1974 551 2058 possit,
576 1958 697 2037 videtur
722 1971 754 2035 id
779 1970 903 2056 quidem
926 1970 1090 2036 difficilius.
1127 1970 1291 2050 Quomodo
1307 1972 1447 2050 tandem,

437 2092 463 2153 si
493 2090 554 2155 οὐδὲ
585 2090 665 2173 οὐδὲ,
697 2090 723 2152 εἰ
754 2089 815 2152 οὐδὲ
842 2089 919 2152 οὐδὲν
941 2088 1019 2152 bene
1042 2087 1158 2152 Graece
1182 2086 1311 2166 dicitur,
1337 2088 1449 2174 aliquis

437 2208 526 2291 qussi
556 2230 593 2272 ex
624 2207 754 2291 augurio
786 2206 936 2290 quodam,
970 2206 1052 2291 quod
1081 2208 1147 2291 ipse
1169 2206 1252 2270 solus
1275 2205 1448 2291 intelligat,

401 2334 406 2341 '
438 2324 582 2389 mortales
605 2332 732 2388 cunctos
754 2324 833 2387 vatis
856 2325 953 2387 instar
976 2323 1104 2400 doceat,
1128 2324 1179 2387 οὐκ
1200 2323 1279 2387 οὔπω
1303 2343 1364 2386 non
1381 2343 1451 2386 con·

440 2442 542 2505 venire
570 2441 702 2505 sermoni
725 2433 866 2505 Graeco?
889 2444 932 2504 At
956 2448 1058 2504 tamen
1082 2440 1140 2503 hoc
1163 2440 1266 2523 ipsum
1289 2439 1381 2503 etiam
1405 2445 1451 2502 est
1572 2472 1573 2475 ¹

438 2557 519 2643 apud
542 2557 741 2642 Sophoclem,
765 2556 908 2621 Trachin.
936 2560 1014 2620 158:
1040 2556 1202 2621 Deianira:
1228 2556 1377 2656 Herculea
1400 2556 1451 2619 ab·

438 2676 505 2740 iens
527 2676 653 2759 reliquit
675 2697 758 2739 nunc
781 2675 859 2739 mihi

618 2791 774 2870 ξννθήμοοθ
799 2792 878 2870 οἷ’μοὶ
901 2791 1019 2872 πρόσθεν
1041 2796 1092 2857 οὐκ
1113 2792 1183 2867 ἔτλη
1208 2794 1278 2858 ποτε

618 2911 743 2981 πολλοὺς
765 2912 884 2986 ἀγῶνος
907 2907 986 2984 ἐξιὼν
1009 2909 1086 2974 οὔπω
1109 2909 1234 2993 φροὶσοον.

486 3028 539 3089 45.
575 3027 675 3091 πλόκον
698 3027 824 3092 σελίνων.
860 3025 987 3100 Pindari
1011 3034 1109 3092 aetate
1133 3028 1195 3112 apii
1209 3030 1343 3112 praemia
1357 3028 1452 3093 fuisse

442 3143 474 3206 in
498 3141 637 3206 Isthmiis
660 3151 742 3207 certo
766 3150 904 3207 constat:
929 3143 985 3207 Ist.
1011 3143 1046 3207 H
1070 3147 1110 3207 22
1136 3145 1249 3225 Δωρίων
1268 3143 1456 3226 σσεφοένωμοο

375 3329 385 3335 ,
442 3261 577 3325 σελίνωνε
601 3257 659 3324 Ne.
684 3259 731 3323 IV
755 3263 815 3323 143
832 3259 942 3337 θάλησε
958 3260 1101 3341 Κορινθίοις
1117 3263 1246 3334 σελίνοις.
1281 3262 1454 3327 Scholiasta

443 3378 594 3443 recentior
625 3377 664 3441 ad
693 3377 777 3442 hunc
806 3378 907 3443 locum
938 3387 1059 3458 monet,
1083 3402 1145 3444 non
1169 3387 1289 3444 tantum
1313 3382 1453 3465 pineam,

444 3516 550 3558 verum
573 3494 663 3558 etiam
686 3495 749 3579 apii
764 3516 908 3560 coronam
923 3498 956 3561 in
971 3496 1110 3561 Isthmiis
1126 3497 1220 3561 fuisse
1227 3546 1236 3575 ,
1253 3505 1290 3561 ut
1305 3497 1452 3562 Nemeae:

444 3612 498 3675 sed
520 3611 653 3676 Nemeae
676 3614 739 3698 apii
762 3613 887 3692 viridis,
911 3615 943 3678 iu
967 3614 1087 3703 Isthmo
1108 3616 1181 3679 sicci
1197 3616 1273 3699 apii:
1291 3616 1455 3680 scholiasta

444 3737 533 3793 vetus
560 3730 623 3814 jam
652 3738 720 3794 tum
751 3731 783 3793 in
814 3730 954 3795 Isthmiis
985 3732 1080 3797 fuisse
1111 3733 1213 3817 apium
1245 3732 1398 3818 quomodo
1421 3734 1454 3798 in

445 3845 586 3923 Nemeis,
617 3869 690 3910 nam
718 3855 884 3931 utrumque
915 3856 1068 3914 certamen
1091 3850 1185 3915 fuisse
1209 3851 1397 3936 sepulcrale,
1422 3860 1452 3915 et

446 3963 551 4049 apium
574 3986 693 4029 sacrum
716 3965 784 4029 Diis
807 3965 929 4029 inferis:
956 3989 992 4030 ex
1016 3989 1077 4051 quo
1102 3968 1177 4031 effici
1197 3968 1334 4047 videtur,
1351 3991 1456 4035 secun·

446 4080 521 4144 dum
538 4081 603 4166 ejus
624 4084 805 4146 sententiam
822 4091 893 4147 ante
908 4084 1061 4167 apiumin
1076 4084 1214 4149 Isthmiis
1229 4086 1322 4151 fuisse
1337 4088 1454 4172 pinum.

445 4200 489 4262 At
510 4198 684 4278 Luciacus,
709 4201 825 4264 Anach.
850 4222 876 4264 c.
902 4204 939 4277 9,
965 4202 996 4265 in
1020 4201 1158 4266 Isthmiis
1178 4204 1302 4288 pinum,
1321 4204 1453 4271 Nemeae

447 4317 550 4400 apium
565 4328 790 4382 commemorat.
826 4318 873 4381 De
889 4319 1003 4402 quihus
1019 4319 1111 4383 rebus
1126 4319 1352 4406 disputabimus
1368 4323 1453 4388 alias.

439 4459 442 4464 ·
492 4435 545 4499 4⁷.
580 4437 630 4500 οὐκ
647 4418 802 4511 ὀἔνσοξοελ-
825 4434 1012 4521 Simpliciter
1035 4420 1204 4521 siguificare
1229 4438 1366 4517 videtur,
1392 4440 1454 4505 Ne·
