3767 5534
919 739 983 800 462

689 940 779 1017 μοὶλον
801 939 861 1017 yolo
884 940 916 1004 νύ
939 940 965 1004 οἱ
988 937 1102 1019 ἄρμενοι
1125 937 1213 1006 εἶπεν.

441 1060 602 1143 Exquisite
625 1081 697 1145 ergo
720 1058 814 1122 Poeta
837 1058 895 1122 hoc
918 1059 1102 1123 vocabulum
1125 1062 1245 1145 posuit,
1263 1062 1459 1145 significum,

442 1177 664 1242 Alcimedontis
692 1176 815 1241 laudem
839 1199 895 1240 avo
919 1178 986 1262 ejus
1009 1200 1093 1241 nunc
1116 1179 1247 1243 maxime
1270 1180 1369 1244 instar
1391 1203 1459 1245 esse

442 1296 599 1382 cujusdam
625 1298 689 1382 apti
714 1303 745 1359 et
764 1297 896 1381 jucundi
919 1297 1118 1375 nutrimenti,
1143 1319 1205 1381 quo
1229 1299 1317 1383 quasi
1339 1320 1457 1363 nomm

441 1416 519 1480 vitae
542 1416 679 1480 fructum
701 1421 904 1500 recuperaret.
945 1414 1034 1480 Oonf.
1059 1438 1130 1481 ann.
1155 1416 1193 1480 ad
1220 1419 1293 1483 106.

485 1537 537 1599 97.
572 1535 644 1599 ἀλλ’
674 1534 737 1611 ἐμὲ.
772 1533 841 1598 Jam
874 1534 1021 1598 carminis·
1048 1534 1146 1619 gloria
1176 1541 1290 1614 totam,
1324 1558 1360 1600 ex
1392 1557 1456 1621 qna

440 1652 621 1717 Alcimedon
653 1659 735 1731 erat,
766 1652 881 1717 tribum
905 1653 1067 1737 contingit.
1115 1654 1303 1731 Μνοομοσύνω
1325 1662 1372 1719 est
1393 1677 1454 1721 me·

438 1773 534 1837 moria
564 1795 669 1839 earum
699 1774 911 1850 victoriarum,
945 1795 1023 1858 quae
1045 1772 1219 1858 Blepsiadis
1237 1775 1302 1859 jam
1318 1775 1454 1860 contige·

437 1899 516 1956 rant.
553 1892 682 1956 Datirus
705 1891 884 1971 Βλεψιάδαις
907 1891 952 1954 ita
975 1913 1045 1955 cum
1068 1891 1161 1956 ἄωτον
1186 1893 1374 1976 conjunctus
1392 1901 1451 1971 est,

438 2019 474 2076 ut
504 2013 692 2098 significetur
722 2011 796 2089 flos,
825 2009 880 2095 qui
910 2010 967 2074 flos
998 2019 1044 2075 est
1075 2010 1265 2096 Blepsiadis,
1297 2013 1318 2076 i.
1347 2034 1373 2077 e.
1399 2013 1453 2097 qui

440 2138 529 2194 ornat
557 2152 618 2194 eos.
664 2129 772 2214 Eurip.
797 2128 914 2193 Phoen.
940 2132 981 2191 88

609 2244 630 2313 ὦ
660 2247 769 2312 κλεινὸν
792 2248 874 2319 οἴκοις
898 2248 1049 2325 Ἀντιγόνη
1071 2248 1159 2321 θάνον
1181 2249 1281 2328 πονο-οὶ.

439 2366 486 2431 Of.
522 2366 673 2430 Matthiae
708 2365 844 2430 Gramm.
876 2365 912 2429 H
941 2388 972 2451 p.
1007 2369 1081 2431 714.
1129 2366 1176 2430 De
1207 2366 1381 2451 Blepsiadis
1412 2366 1449 2431 cf.

437 2485 588 2562 Mueller,
614 2485 754 2569 Aeginet.
778 2508 809 2570 p.
836 2488 909 2549 139.

483 2606 557 2667 102.
592 2602 785 2687 Singularem
801 2602 923 2667 silentiu
938 2603 1102 2688 praeterire
1117 2625 1179 2667 non
1196 2624 1322 2687 possum
1338 2603 1448 2667 Poetae

435 2723 674 2799 humanitatem,
700 2723 754 2806 qui
775 2722 967 2807 jam'antea,
994 2744 1041 2785 vss
1070 2724 1107 2786 10
1133 2730 1165 2785 et
1181 2724 1240 2799 19,
1257 2730 1448 2787 mortuorum

434 2843 611 2907 memoriam
646 2842 831 2927 cogitatione
867 2841 1017 2925 attigerit,
1051 2840 1103 2905 scd
1136 2841 1194 2905 hoc
1225 2840 1350 2905 demum
1380 2840 1446 2905 loco

435 2968 538 3045 aperte
569 2983 604 3025 ac
635 2960 747 3026 diserte
771 2960 919 3038 celebret,
945 2983 1041 3045 quum
1061 2962 1124 3045 jam
1148 2960 1192 3024 ita
1214 2967 1333 3024 mentes
1349 2960 1446 3024 evexit

434 3080 466 3144 in
489 3101 634 3163 magnum
658 3078 823 3164 gaudium,
847 3085 884 3142 ut
906 3078 1050 3143 funerum
1072 3078 1190 3142 mentio
1213 3100 1297 3142 nunc
1320 3100 1383 3143 non
1406 3077 1443 3143 ad

435 3198 572 3263 vivorum
604 3198 761 3263 tristitiam
793 3199 961 3284 pertineat,
995 3197 1048 3261 sed
1081 3204 1187 3261 contra
1217 3220 1252 3262 ea
1281 3197 1443 3262 viventium

433 3320 527 3384 decus
551 3318 702 3383 redundet
725 3318 764 3382 ad
786 3324 932 3382 mortuos

479 3442 553 3503 103.
589 3438 644 3503 κὰν
677 3437 762 3514 νόμον
800 3435 953 3516 ualuere.
989 3434 1089 3512 Νόμος
1125 3441 1155 3499 et
1189 3434 1274 3515 ἕρδειν
1309 3433 1444 3498 solennia

434 3557 581 3621 vocabula
604 3556 731 3621 suntin
756 3555 866 3631 sacris,
891 3554 977 3618 velut
1001 3552 1074 3616 Hcs.
1098 3552 1213 3637 Theog.
1238 3554 1304 3615 416

544 3675 595 3740 κοοὶ
618 3675 677 3757 γὰρ
701 3680 749 3739 νῦν
771 3671 820 3738 ὅτε
842 3672 898 3737 rrov'
920 3697 965 3744 τις
990 3666 1156 3752 ἐπιχθονίων
1179 3673 1330 3752 deludant

544 3792 626 3874 ἔρδων
648 3794 710 3874 ἱεροὶ
732 3792 815 3858 catal
840 3793 921 3857 card
944 3790 1027 3869 νόμον
1050 3790 1219 3865 induxerat.

432 3912 699 3994 Quemadmodum
724 3933 794 3975 vero
817 3918 1010 3975 mortuorum
1033 3910 1132 3974 honor
1153 3910 1186 3973 in
1209 3910 1316 3995 primis
1341 3909 1379 3974 ad
1402 3931 1443 3974 re·

431 4034 577 4118 ligionem
611 4030 777 4124 pertinuit,
812 4029 845 4092 in
879 4028 987 4094 eodem
1020 4028 1112 4093 etiam
1146 4028 1329 4093 vocabulum
1362 4028 1442 4105 νόμον

433 4152 575 4238 ponitur,
600 4150 685 4215 velut
707 4147 847 4232 Thucyd.
872 4146 908 4211 L.
932 4146 971 4211 Il
992 4149 1052 4225 34,
1071 4151 1123 4211 35.
1159 4146 1318 4231 Significat
1334 4146 1441 4223 Poeta,

433 4293 494 4334 non
525 4268 653 4333 interitu
684 4267 800 4331 deletos
824 4288 888 4330 esse
911 4272 1067 4343 mortuos,
1092 4286 1198 4329 verum
1221 4287 1287 4328 esse
1311 4265 1441 4350 aliquam

431 4396 565 4474 partem,
590 4408 668 4470 quae
692 4385 728 4449 ad
754 4407 806 4450 eos
830 4385 999 4470 pertineat,
1023 4406 1132 4469 nempe
1151 4382 1329 4468 parentalia.
1355 4382 1441 4447 (loni.

431 4504 482 4571 Ol.
513 4504 531 4569 I
563 4506 637 4569 146.
684 4503 791 4568 Cicero
824 4526 840 4567 e
870 4502 1028 4588 pontificio
1056 4502 1124 4587 jure
1155 4507 1185 4565 et
1212 4523 1229 4565 e
1252 4500 1441 4565 caerimoniis
