3767 5534
997 718 1060 777 335

952 917 1102 997 Dipreeaa'o

564 1034 601 1096 ad
625 1058 658 1095 vs
683 1038 723 1096 25
749 1034 786 1097 de
811 1033 1017 1119 Hyperboreis
1042 1034 1133 1097 etde
1158 1034 1304 1097 Boeckhii
1329 1036 1489 1098 sententia.

568 1269 659 1349 Quod
691 1272 798 1356 scripsi
830 1272 861 1333 iu
893 1272 1090 1334 annotatione
1115 1270 1153 1334 ad
1177 1295 1211 1333 vs
1236 1274 1293 1346 25,
1319 1271 1531 1348 Herodotum,

523 1388 690 1452 secundum
723 1389 844 1465 Delios,
877 1411 974 1473 quum
1006 1388 1218 1473 Hyperboreos
1251 1412 1343 1473 snpra
1374 1389 1530 1475 Scythiam

524 1510 658 1593 posuerit
681 1508 719 1572 ad
743 1509 1012 1593 Septentrionem,
1037 1510 1164 1572 fortasse
1182 1507 1338 1572 Orientem
1355 1531 1460 1572 versus
1481 1532 1533 1595 po

521 1628 584 1690 tius
615 1650 706 1711 qnam
738 1626 936 1692 Occidentem
968 1651 1019 1692 eos
1051 1629 1205 1712 posuisse,
1238 1628 1270 1690 id
1302 1628 1374 1692 inde
1399 1628 1531 1714 colligo,

523 1746 623 1830 quod,
653 1745 688 1810 L.
712 1745 758 1809 IV
783 1747 817 1810 C.
843 1750 903 1825 33,
933 1770 1035 1824 sacra,
1060 1770 1156 1831 quum
1180 1771 1198 1811 a
1221 1747 1342 1831 Scythis
1367 1756 1469 1812 essent
1493 1770 1530 1811 ex

523 1865 729 1950 Hyperboreis
760 1875 899 1951 accepta,
932 1889 1050 1951 semper
1082 1890 1098 1929 a
1131 1866 1238 1930 vicinis
1270 1875 1390 1950 portata
1417 1868 1534 1930 fuerint

522 1984 719 2050 Occidentem
756 2009 859 2050 versus
895 1987 930 2049 ad
969 1986 1134 2050 Hadriam:
1176 1988 1201 2048 si
1240 1988 1335 2070 igitur
1369 1986 1407 2050 ab
1441 1986 1532 2050 initio

523 2103 653 2167 eundem
677 2104 731 2167 illa
754 2125 878 2167 cursum
901 2105 1092 2181 habueruut,
1118 2105 1209 2169 etiam
1233 2103 1363 2187 Scythae
1387 2104 1430 2167 ita
1454 2105 1532 2168 infra

523 2222 735 2307 Hyperboreos
758 2223 902 2300 fuerunt,
933 2232 969 2287 ut
992 2223 1182 2308 Hyperborei
1206 2222 1243 2286 ad
1268 2221 1425 2286 Orientem
1450 2245 1534 2306 spec-

522 2350 635 2404 tarent:
660 2364 764 2405 verum
788 2365 883 2425 quum
906 2344 1024 2428 primus
1046 2343 1164 2407 itineris
1184 2365 1292 2405 cursus
1315 2341 1352 2406 ab
1373 2341 1534 2405 Herodoto

523 2483 584 2523 non
615 2461 819 2544 significetur,
858 2484 920 2525 rem
955 2485 1017 2525 non
1048 2461 1192 2546 dijudico.
1251 2460 1413 2525 Pindarum
1452 2466 1533 2523 certe

524 2602 616 2665 snpra
646 2579 804 2644 Graeciam
835 2579 1048 2665 Hyperboreos
1073 2580 1209 2664 posuisse
1233 2588 1368 2663 apparet.
1417 2577 1536 2641 Verum

523 2698 698 2762 Boeokhius
721 2722 783 2763 non
808 2698 1013 2763 dubitandum
1037 2722 1101 2762 esse
1124 2698 1217 2774 dicit,
1249 2698 1324 2783 quin
1348 2719 1399 2762 eos
1421 2698 1454 2760 in
1478 2695 1537 2759 Oc-

523 2817 643 2882 cidente
667 2819 819 2902 posuerit:
850 2816 1021 2882 Hesiodum
1044 2826 1124 2881 certe
1148 2818 1180 2881 in
1204 2824 1341 2881 extremo
1365 2815 1536 2880 Occidente

524 2958 618 3020 prope
651 2936 796 3000 Herculis
831 2937 989 3000 columnas
1025 2958 1075 3000 eos
1111 2937 1264 3021 posuisse,
1299 2934 1394 3018 idque
1425 2935 1535 2999 eximie

523 3054 766 3119 demonstratum
801 3079 866 3120 csse
901 3056 939 3120 ab
975 3056 1004 3119 J.
1037 3054 1077 3118 H.
1111 3054 1221 3119 Vossio
1252 3056 1284 3118 in
1316 3055 1534 3119 commentario

526 3174 597 3237 Alte
620 3174 829 3251 Weltknnde,
859 3175 888 3237 J.
913 3177 951 3238 A.
976 3174 1012 3238 L.
1038 3175 1068 3237 Z.
1097 3174 1240 3262 18041.
1265 3172 1299 3236 ΙΙ
1322 3173 1422 3236 initio.
1466 3172 1535 3258 Ego

523 3292 612 3356 illum
647 3294 900 3357 commentarium
935 3294 1083 3377 inspicere
1119 3314 1181 3355 non
1218 3292 1323 3376 potui:
1359 3313 1462 3355 verum
1496 3291 1535 3354 de

525 3413 629 3476 eadem
653 3436 685 3476 re
708 3412 791 3477 idem
811 3412 939 3477 Vossius
961 3412 1100 3498 disputat
1121 3413 1154 3475 in
1170 3410 1535 3495 MythologischeBriese

525 3530 559 3593 Τ.
584 3531 618 3594 ΙΙ
641 3554 671 3615 p.
701 3535 779 3609 114,
807 3534 888 3608 154,
915 3535 988 3596 156.
1036 3531 1067 3595 Si
1100 3530 1224 3614 quidem
1252 3529 1408 3613 disputare
1435 3528 1536 3593 dioen-

527 3649 599 3712 dum
624 3659 671 3713 est
693 3650 880 3715 confundere
903 3650 1074 3714 commenta
1099 3657 1129 3713 et·
1152 3649 1277 3712 somnia.

571 3768 683 3832 Scribit
714 3730 859 3845 Vdssius,
893 3792 922 3853 p.
958 3770 1038 3845 114,
1071 3768 1108 3831 ab
1140 3766 1275 3830 Hesiodo
1304 3768 1337 3830 in
1365 3765 1533 3831 Occidente

526 3886 667 3972 Europae
697 3894 878 3952 memoratos
908 3909 973 3951 esse
996 3886 1185 3970 Tyrrhenos,
1215 3884 1361 3963 Latinos,
1385 3884 1533 3971 Ligures,

527 4004 756 4090 Hyperboreos,
782 4006 914 4091 gryphas
938 4005 1144 4090 Rhipaeorum
1168 4003 1424 4068 Occidentalium.
1467 4004 1533 4069 Has

496 4114 498 4119 ’
528 4125 663 4207 quinque
690 4123 991 4187 commemorationes
1015 4120 1142 4185 Hesiodi
1166 4122 1314 4185 concinne
1337 4122 1479 4206 copulat,
1504 4133 1536 4187 et

527 4242 718 4326 singularum
743 4241 830 4305 affert
853 4242 927 4305 haec
950 4240 1141 4305 documenta.

572 4361 798 4445 Tyrrhenorum
836 4361 867 4424 in
906 4359 1072 4424 Occidente
1114 4361 1276 4423 memoriae
1315 4360 1533 4423 documentum

525 4479 626 4544 Strab.
651 4480 668 4543 Ι
691 4503 720 4565 p.
746 4482 805 4557 23,
830 4478 899 4543 Sch.
925 4478 1028 4564 Apoll.
1053 4477 1203 4542 111308.
