3767 5534
917 699 979 758 555

436 894 579 960 victoriae
602 896 750 961 laetitiam
772 896 922 981 pertinere
946 894 1082 960 videtur:
1107 894 1189 964 ἐσλὸς
1211 915 1273 958 uon
1289 891 1328 955 ad
1343 892 1447 975 singu·

435 1011 528 1076 larem
553 1013 706 1097 quandam
730 1013 1002 1097 significationem,
1028 1012 1081 1075 sed
1106 1012 1194 1095 quasi
1209 1031 1292 1074 more
1308 1008 1393 1093 epioe
1410 1005 1449 1069 ad
1540 1049 1542 1053 -

437 1129 648 1194 honorandum
671 1152 783 1195 munus
807 1132 1003 1215 officiumque
1027 1129 1194 1215 praeconis.

492 1251 564 1311 144.
616 1247 773 1335 Olympias
812 1249 951 1314 Thessali
987 1255 1018 1313 el
1053 1246 1267 1331 Xenophontis
1307 1244 1449 1308 victorias

435 1366 534 1449 priore
568 1367 710 1431 carminis
746 1377 832 1452 parte
866 1367 1046 1431 celebravit:
1091 1376 1194 1451 sperat
1227 1364 1349 1449 plures,
1386 1362 1448 1425 sive

435 1491 471 1546 ut
506 1506 558 1547 eae
593 1485 653 1569 ipsi
685 1484 902 1570 Xenophonti,
939 1486 1002 1549 sive
1035 1494 1071 1548 ut
1106 1483 1174 1548 aliis
1208 1506 1245 1546 ex
1276 1482 1341 1567 ejus
1365 1480 1449 1546 tribu

436 1601 632 1686 contingant:
666 1625 771 1669 verum
801 1626 868 1680 eas,
901 1603 1040 1688 quamvis
1073 1608 1190 1686 speret,
1225 1600 1359 1663 Deorum
1381 1619 1448 1681 per·

435 1718 532 1783 mittit
572 1721 736 1805 potentiae.
780 1720 869 1785 Oonf.
908 1719 1121 1805 Nagelsbaeh,
1157 1716 1446 1783 NaehHomerisehe

435 1836 618 1924 Theologie,
643 1862 673 1923 p.
700 1842 775 1903 224.

484 1959 556 2019 148.
591 1956 701 2033 δαίμων
732 1957 884 2036 γενέθλιος.
932 1957 1070 2021 Fortuna
1093 1956 1210 2041 gentis,
1234 1954 1319 2039 genti
1343 1952 1446 2037 propi-

435 2074 488 2138 tia.
521 2071 568 2137 cf.
600 2096 645 2137 vs.
677 2076 730 2137 88.
778 2073 929 2138 Convenit
952 2073 1176 2158 quodammodo
1200 2073 1267 2136 aihu
1289 2068 1446 2151 μόρσιμος,

437 2188 487 2255 01.
511 2191 555 2256 11.
583 2194 633 2255 re.
787 2172 789 2178 ’

484 2313 557 2375 148.
591 2308 678 2392 ἕρποι.
724 2312 813 2378 Gonf.
845 2311 934 2377 Nem.
964 2311 1010 2375 IV
1035 2314 1075 2374 69
1099 2311 1198 2391 χρόνος
1222 2310 1311 2391 ἕρπων
1334 2333 1446 2389 areapo-

436 2428 528 2504 aliar
549 2432 673 2497 τελέσει.
719 2431 853 2497 Maxime
877 2454 948 2497 vero
972 2430 1062 2497 Nem.
1088 2428 1151 2495 VII
1176 2431 1238 2493 100
1263 2430 1276 2497 i
1300 2429 1329 2493 δὲ
1347 2428 1444 2500 λοιπὸς

375 2532 378 2537 ’
437 2548 548 2630 εὔφρων
571 2551 637 2615 ποτὶ
660 2552 760 2634 χρόνος
788 2552 875 2634 ἕρποι.

484 2669 558 2730 149.
593 2671 739 2751 Ἐνυαλίῳ.
775 2670 959 2752 Quaeritur,
984 2696 1078 2757 quare
1094 2679 1212 2759 praeter
1226 2671 1334 2737 lovem
1350 2670 1447 2736 Marti

437 2786 630 2868 potissimm
671 2788 790 2853 futuras
832 2790 1099 2877 Oligaelhidarum
1136 2790 1243 2855 laudes
1278 2789 1446 2875 permittat.

437 2902 623 2970 Scholiastae
646 2907 769 2986 dieunt,
793 2911 841 2974 vel
863 2911 995 2978 Martem
1020 2912 1158 2979 habitum
1174 2912 1268 2977 fuisse
1283 2910 1445 3000 Olympiae

436 3024 586 3107 regendae
617 3028 751 3105 socium,
775 3030 849 3113 quia
871 3036 958 3115 pater
981 3032 1090 3099 fuisset
1112 3033 1282 3124 Oenomai,
1308 3057 1344 3099 ex
1367 3035 1445 3098 Har·

436 3139 510 3224 pina
532 3144 628 3228 Asopi
651 3146 714 3210 filia
736 3149 902 3231 procreati:
927 3151 976 3214 vel
995 3151 1232 3236 Xenophontem
1248 3174 1309 3218 non
1326 3153 1444 3218 ludicra

436 3265 556 3324 tantum
587 3285 690 3327 verum
723 3267 815 3331 etiam
833 3269 972 3340 ¹militari
1003 3271 1093 3336 laude
1115 3273 1210 3338 irrisae
1233 3273 1445 3358 conspicuum.

436 3377 499 3441 Alii
519 3379 650 3445 Martem
666 3382 835 3450 Corinthiis
849 3388 1017 3474 impensius
1033 3392 1174 3477 religioni
1189 3395 1299 3459 luisse:
1317 3404 1446 3480 elprop·

436 3501 518 3559 terea
548 3498 638 3564 illum
669 3502 702 3565 in
725 3525 795 3567 area
816 3505 940 3591 Cypseli
964 3510 1057 3576 fuisse
1080 3513 1233 3597 positum,
1265 3517 1445 3600 cognomine

435 3611 615 3697 Eupalium:
640 3617 733 3683 Paua.
757 3620 794 3685 L.
820 3621 857 3687 V.
882 3624 917 3689 Ο.
943 3626 1057 3691 XVIII
1082 3632 1110 3693 1.
1145 3630 1259 3696 Verum
1276 3634 1308 3697 in
1324 3657 1360 3699 ea
1375 3658 1444 3700 ama

434 3738 539 3795 tantus
563 3733 623 3797 fuit
645 3736 813 3821 imaginum
835 3764 999 3822 numerus,
1024 3754 1060 3810 ut
1082 3748 1114 3811 in
1137 3749 1192 3813 illo
1208 3773 1334 3816 numero
1351 3754 1442 3818 etiam

433 3846 563 3914 Martem
600 3853 708 3918 fuissse
742 3856 825 3922 haud
861 3861 1046 3945 singularem
1078 3868 1142 3951 ejus
1179 3869 1238 3933 Dei
1263 3871 1442 3957 religionem

432 3964 526 4030 fuisse
549 3969 708 4053 significet.
756 3973 835 4038 Mihi
859 3978 983 4061 quidem
1005 3990 1088 4047 certa
1110 3986 1188 4049 ratio
1212 4009 1274 4051 non
1298 3999 1442 4074 apparet:

433 4082 487 4145 sed
513 4090 614 4149 tamen
642 4110 747 4152 eorum
775 4095 926 4159 sententia
955 4098 1032 4162 mihi
1054 4102 1183 4167 maxime
1211 4107 1377 4189 probabilis
1400 4109 1443 4171 vi-

432 4199 540 4279 detur,
573 4206 626 4287 qui
657 4207 695 4271 ab
727 4208 931 4293 Oligaethidis
955 4214 1087 4282 Martem
1109 4222 1246 4307 impensa
1278 4248 1350 4289 eura
1373 4228 1443 4291 ado
1529 4268 1532 4274 ·

376 4385 378 4389 ,
432 4325 532 4383 ratum
566 4322 658 4387 fuisse
693 4327 897 4394 arbitrantur:
932 4356 1003 4398 nam
1039 4336 1086 4400 his
1118 4342 1312 4423 potissimum
1335 4345 1441 4411 laudes

360 4454 362 4457 ·
431 4434 526 4515 Poeta
549 4448 650 4524 optat,
675 4451 706 4508 et
728 4456 876 4513 memorat
900 4473 1006 4521 eorum
1029 4454 1153 4539 δαίμονα
1175 4461 1323 4539 γενέθλιον.
