3767 5534
902 724 966 784 520

433 918 485 981 riis
514 918 672 1004 Ilrgoteles
704 942 777 984 usus
810 922 851 985 sit
877 921 1010 985 civitatis
1035 922 1158 986 nomine
1183 922 1393 987 Himerensis:
1419 929 1449 985 et

432 1060 469 1100 ex
493 1037 550 1100 hoc
573 1038 706 1102 carmine
729 1038 854 1102 Pindari
878 1039 911 1102 id
934 1047 1075 1125 apparet:
1100 1041 1188 1125 cujus
1212 1041 1310 1104 oratio
1330 1046 1399 1103 tota
1413 1040 1445 1103 in

432 1178 467 1220 eo
498 1163 562 1233 est,
590 1162 626 1219 ut
652 1156 811 1233 ostendat,
837 1156 991 1242 Ergotelis
1015 1158 1157 1222 victorias
1181 1157 1285 1221 deberi
1309 1159 1376 1243 ejus
1399 1180 1446 1221 ex·

431 1273 518 1351 silio,
550 1274 735 1359 laudemque
766 1274 832 1358 ejus
862 1275 895 1339 in
926 1275 1057 1340 obscuro
1088 1276 1224 1340 futuram
1248 1275 1362 1353 luisse,
1387 1275 1445 1339 nisi

433 1391 532 1477 patria
554 1391 662 1454 luisset
686 1391 842 1475 expulsus.

477 1508 550 1570 Fuit
584 1514 687 1571 autem
721 1507 878 1571 Himeram
914 1508 1047 1572 deducta
1082 1508 1202 1572 colonia
1237 1532 1255 1571 a
1285 1508 1443 1585 Therone,

431 1634 497 1689 tum
521 1625 719 1690 Doriensium
728 1674 738 1703 ,
755 1636 822 1689 tum
838 1625 986 1702 aliorum,
1004 1624 1196 1711 Olympiadis
1212 1625 1350 1689 LXXVI
1367 1648 1445 1690 anno

433 1744 547 1828 primo:
581 1751 617 1807 ut
647 1743 737 1809 docet
766 1743 922 1808 Diodorus
954 1744 1076 1808 Siculus
1108 1744 1145 1809 L.
1177 1743 1225 1807 XI
1256 1743 1291 1807 O.
1321 1747 1381 1807 49:
1407 1744 1444 1808 ci.

432 1864 550 1927 Brunet
573 1863 611 1926 de
635 1862 756 1939 Presle,
780 1862 971 1926 Becherches
995 1885 1048 1926 sur
1070 1862 1114 1926 les
1131 1861 1376 1926 etahlissements
1392 1863 1443 1927 des

433 1982 540 2045 Grecs'
558 2003 595 2044 en
618 1979 727 2057 Sicile,
752 2003 782 2065 p.
809 1982 882 2043 140.
918 1979 1022 2065 Hujus
1042 2002 1114 2064 ergo
1130 1979 1268 2044 coloniae
1284 1979 1443 2063 Ergoteles

432 2121 494 2162 non
525 2097 584 2161 fuit
615 2098 734 2174 socius,
763 2097 816 2160 sed
840 2097 926 2181 prius
950 2097 1107 2161 Himeram
1131 2098 1233 2174 venit,
1258 2098 1284 2160 si
1308 2119 1344 2161 ea
1368 2110 1462 2161 cour-v

435 2217 556 2301 putatio
580 2215 678 2297 valet,
704 2238 797 2300 quam
820 2215 986 2298 sequimur.
1023 2214 1145 2295 Quodsi
1168 2216 1237 2300 quis
1261 2225 1365 2279 tamen
1381 2238 1447 2301 pro·

440 2334 571 2399 habilius
595 2334 798 2411 existimabit,
824 2334 961 2399 coloniae
984 2333 1031 2398 illi
1053 2333 1229 2418 Ilrgotelem
1251 2334 1445 2411 interfuisse,

433 2451 556 2516 debebit
579 2458 633 2515 aut
657 2452 735 2515 hanc
759 2450 933 2535 Olympiam
958 2451 1116 2518 victoriam
1139 2457 1170 2514 et
1190 2458 1360 2537 reportatas
1376 2458 1447 2514 ante

434 2592 499 2633 eam
515 2568 642 2652 Pythias
659 2568 800 2632 victorias
817 2568 969 2652 posterius
986 2568 1081 2633 factas
1097 2575 1206 2653 putare
1219 2590 1310 2652 quam
1324 2589 1447 2652 compu-

432 2686 580 2763 tavimus,
606 2693 660 2749 aut
682 2685 809 2770 Pythias
825 2675 928 2749 ambas
946 2686 1086 2749 victorias
1103 2686 1197 2749 iactas
1214 2707 1279 2749 esse
1295 2684 1446 2770 Pythiade

433 2802 594 2867 XXVIII:
619 2810 656 2866 ut
677 2803 806 2866 fortasse
821 2802 916 2866 altera
931 2802 1024 2867 suerit
1040 2803 1148 2881 stadii,
1166 2803 1261 2866 altera
1277 2803 1390 2867 diauli:
1408 2803 1445 2866 si·
1532 2874 1539 2892 .

432 2921 518 2985 milia
534 2922 733 3006 Xenophonti
745 2919 906 3005 Olympiae
919 2920 1083 3006 contigisse
1096 2927 1222 3005 apparet
1234 2901 1284 2985 Ol.
1297 2920 1383 2985 XIII
1393 2924 1444 2984 50.

434 3036 549 3107 Verum
572 3038 604 3101 id
628 3061 644 3101 e
668 3060 700 3100 vs
718 3040 759 3099 26
778 3037 870 3121 hujus
886 3039 1028 3102 carminis
1045 3038 1096 3101 vix
1112 3038 1189 3101 effici
1204 3060 1293 3123 posse
1309 3037 1444 3102 videtur:

432 3178 488 3219 nec
512 3156 674 3241 probamus
698 3154 950 3239 explicationem,
975 3163 1011 3218 ut
1034 3177 1096 3218 una
1118 3162 1240 3219 tantum
1256 3144 1370 3239 Pythia
1389 3156 1446 3220 vio·

433 3273 511 3337 toria
534 3295 568 3335 vs
592 3274 633 3333 26
658 3272 863 3355 significetur,
888 3271 943 3336 sed
960 3293 1026 3335 eam
1041 3294 1097 3336 suo
1113 3272 1181 3337 loco
1197 3272 1443 3337 memorabimus.

432 3392 515 3477 Ergo
546 3391 711 3455 adventum
737 3391 889 3475 Ilrgotelis
913 3390 1070 3454 Himeram
1093 3391 1147 3455 illa
1170 3391 1290 3454 colonia
1314 3392 1444 3476 priorem

433 3510 527 3573 fuisse
561 3510 711 3574 existimo.
757 3508 858 3572 Etiam
896 3508 1049 3572 Pindarus
1083 3530 1146 3572 non
1182 3508 1272 3572 aliam
1304 3530 1444 3586 causam,

433 3649 487 3690 cur
511 3649 527 3689 e
551 3627 650 3710 patria
673 3626 806 3703 abierit,
831 3632 996 3702 memorat,
1021 3632 1139 3709 praeter
1163 3624 1346 3689 Onosiorum
1370 3624 1446 3689 sedi-

434 3744 560 3806 tionem.

478 3860 522 3923 Ut
546 3869 648 3925 autem
672 3860 844 3945 Ergoteles,
871 3882 887 3923 1
909 3861 1009 3945 patria
1032 3860 1195 3945 expulsus,
1219 3859 1379 3924 Himeram
1395 3880 1446 3944 po-

434 3978 587 4041 tissimum
610 3979 804 4062 migraverit,
828 3978 941 4041 factum
960 4000 1025 4041 esse
1042 3984 1143 4063 potest
1158 3984 1282 4061 propter
1296 3976 1446 4040 Theronis

434 4095 629 4178 Agrigentini
652 4095 925 4159 necessitudinem:
952 4095 1006 4179 qui
1029 4116 1125 4177 quum
1147 4094 1213 4178 ipse
1236 4116 1323 4157 suam
1344 4094 1446 4157 civita·

433 4221 495 4276 tem
526 4219 658 4296 regeret,
683 4212 827 4277 Himerae
849 4213 1012 4298 imperium
1034 4211 1097 4275 filio
1121 4210 1316 4296 Thrasydaeo
1339 4212 1448 4296 permi-

433 4331 538 4407 sisset,
570 4339 725 4414 comperta
755 4330 982 4395 Himcrensinm
1017 4330 1166 4393 seditione
1194 4329 1309 4393 multos
1341 4352 1446 4394 eorum

432 4448 560 4511 occidit:
593 4448 748 4512 civitatem
780 4471 850 4512 vero
878 4471 914 4512 ea
937 4471 968 4511 re
993 4447 1110 4513 civibus
1134 4469 1230 4533 quum
1253 4446 1371 4513 rideret
1394 4470 1460 4543 en·¹
