3767 5534
844 711 906 772 251

372 909 459 994 origo
488 921 551 987 est,
582 932 672 973 curae
704 909 839 987 habetis,
872 908 993 986 audite,
1028 931 1132 993 precor
1163 908 1253 972 enim.
1301 905 1381 970 Nam

370 1051 501 1114 perros
524 1028 676 1114 quidquid
695 1028 869 1115 jucundum
893 1035 924 1093 et
946 1027 1036 1092 dulce
1059 1037 1106 1091 est
1129 1027 1249 1091 exsistit
1272 1033 1382 1089 morta-

370 1146 471 1213 libus:
506 1148 533 1212 si
567 1149 637 1234 quis
668 1148 759 1213 homo
790 1148 927 1234 sapiens,
963 1148 989 1212 si
1019 1147 1188 1225 formosus,
1224 1147 1250 1211 si
1281 1145 1381 1210 clarus

369 1274 428 1330 est.
475 1266 585 1352 Neque
613 1267 694 1332 enim
716 1267 769 1331 Dii
793 1266 908 1351 absque
931 1266 1110 1332 venerandis
1134 1265 1250 1330 Gratiis
1273 1264 1381 1330 choros
1423 1267 1458 1329 [θ

368 1368 484 1470 'regunt
513 1407 569 1451 nec
592 1386 715 1473 epulas:
749 1406 853 1451 verum
880 1385 1020 1451 omnium
1043 1409 1144 1451 rernm
1168 1385 1381 1450 moderatrices

368 1504 402 1567 in
426 1502 558 1590 Olympo
573 1504 664 1590 juxta
679 1503 825 1590 Pythium
841 1528 932 1570 aureo
949 1528 1022 1570 arcu
1037 1505 1187 1590 insignem
1205 1504 1380 1591 Apollinem

366 1621 454 1687 sellis
477 1623 585 1709 positis
608 1633 760 1688 aeternam
784 1623 936 1688 honorant
960 1624 1055 1709 patris
1078 1622 1214 1709 Olympii
1240 1623 1379 1709 gloriam.

416 1740 444 1806 Ο
468 1742 639 1807 veneranda
661 1742 787 1829 Aglaja,
820 1754 850 1807 et
873 1766 953 1828 qnae
976 1745 1110 1808 carmina
1133 1767 1216 1808 amas
1242 1742 1382 1828 Euphro·
1418 1747 1459 1809 20

367 1884 462 1946 ayne,
494 1862 630 1927 Deorum
658 1864 863 1949 potentissimi
887 1864 984 1943 tiliae,
1013 1865 1117 1929 audite
1141 1888 1241 1942 nunc,
1266 1873 1296 1928 et
1322 1887 1383 1928 car·

366 1979 490 2044 minum
512 1980 649 2045 studiosa
663 1981 789 2060 Thalia,
815 2004 911 2066 quum
928 1982 1012 2048 vides
1027 1983 1111 2047 hnnc
1126 1983 1238 2048 festum
1254 1982 1380 2048 chorum

367 2107 495 2184 propter
517 2099 635 2165 felicem
660 2109 772 2167 sortem
796 2103 855 2167 levi
878 2103 1068 2168 incedentem
1085 2103 1200 2188 gradu:
1226 2126 1295 2167 nam
1313 2103 1381 2167 veni

365 2216 469 2303 Lydio
494 2218 584 2283 modo
604 2228 636 2285 et
653 2221 757 2286 studio
774 2245 885 2288 canens
902 2224 1108 2309 Asopichum:
1134 2224 1206 2308 qnia
1222 2221 1383 2309 Olympiae

366 2336 528 2402 victoriam
552 2338 645 2404 habet
667 2340 803 2427 Minyeia
828 2353 951 2429 propter
974 2354 1013 2409 te.
1061 2342 1190 2429 Nigram
1213 2365 1296 2437 nunc
1312 2343 1384 2406 Pro·

365 2456 508 2542 serpinae
524 2465 594 2543 pete
610 2459 752 2539 domum,
769 2461 870 2541 Echo,
888 2464 968 2548 patri
984 2463 1099 2527 clarum
1112 2463 1211 2527 ferens
1224 2464 1381 2540 nuncium,
1418 2465 1458 2526 30

364 2582 405 2640 ut
428 2575 534 2641 videns
558 2576 757 2645 Cleodamum
782 2581 882 2660 dicas,
907 2583 1006 2647 filinm
1021 2583 1119 2669 ipsius
1136 2583 1174 2647 ad
1191 2584 1276 2647 sinus
1293 2581 1380 2646 Pisae

363 2694 519 2780 gloriosae
546 2698 714 2783 juvenilem
741 2722 901 2766 coronasse
924 2723 1043 2766 comam
1065 2702 1217 2767 clarorum
1241 2702 1298 2766 alis
1322 2724 1382 2766 cer·

360 2815 530 2880 taminum.
