3767 5534
906 775 969 836 291

432 997 543 1041 noman
576 975 825 1041 llmmcuidarum
857 976 1025 1040 secundum
1051 973 1262 1037 Aristarchum
1287 972 1448 1037 derivatur

432 1096 472 1160 ab
495 1097 591 1181 ipsius
614 1095 811 1161 Hmmeuidae
835 1098 957 1160 nominc
983 1095 1115 1181 proprio.

478 1214 600 1280 Nomen
624 1215 757 1293 Pataici,
791 1216 844 1301 qui
867 1214 1037 1279 secundum
1062 1212 1255 1277 Herodotum
1282 1219 1367 1296 pater
1394 1212 1446 1273 Ac·

432 1333 580 1398 uesidcrni
615 1334 692 1413 ruit,
728 1335 761 1398 in
796 1334 849 1398 illa
884 1335 961 1398 serie
995 1355 1059 1398 nou
1092 1332 1260 1417 reperitur:
1294 1338 1386 1414 atque
1414 1330 1447 1392 iu

432 1460 533 1516 vetere
563 1453 680 1517 scholio
711 1453 749 1516 ad
779 1451 830 1516 Ol.
855 1452 890 1516 Π
915 1455 956 1515 82
982 1452 1138 1516 omittitur
1160 1471 1271 1513 nomen
1295 1447 1449 1512 llmmeni·

432 1570 507 1649 dae,
534 1570 573 1634 ad
600 1568 651 1635 Ol.
675 1570 728 1634 ΙΠ
750 1573 792 1634 68
817 1571 973 1635 omittitur
994 1592 1105 1634 nomeu
1132 1568 1319 1653 Chalciopei.
1366 1567 1449 1651 Ilrgo

432 1690 464 1753 iu
496 1711 532 1753 eo
563 1690 740 1775 propaginis
770 1689 877 1755 ordine
906 1688 1081 1754 definiendo
1104 1686 1269 1752 difficultas
1294 1694 1448 1762 remanet,

433 1830 524 1892 quam
548 1809 761 1893 investigando
788 1832 843 1874 nec
866 1808 974 1873 tollere
997 1829 1054 1873 nec
1077 1808 1214 1873 minuere
1240 1805 1339 1891 potui.

479 1926 699 1991 Aenesidemus
723 1950 792 1991 cum
821 1928 954 2005 Gelono,
981 1928 1034 2012 qui
1059 1935 1129 2012 post
1149 1925 1369 2011 Hippocratem
1391 1923 1452 1986 Ge·

433 2044 481 2109 lae
510 2046 672 2130 imperium
703 2046 826 2124 habuit,
859 2046 1041 2132 Hippocrati
1076 2046 1198 2110 satelles
1233 2044 1302 2108 fuit.
1332 2042 1449 2106 Herod.

434 2161 499 2226 VII
526 2166 598 2228 154.

480 2280 550 2367 Ipse
583 2281 683 2347 'Pharo
718 2306 786 2348 cum
823 2284 941 2348 Geloue
976 2283 1248 2369 Carthaginienses
1281 2280 1450 2345 clarissimo

434 2400 551 2486 proelio
575 2400 747 2465 Himerensi
766 2402 854 2466 vicit:
879 2402 995 2466 Herod.
1016 2400 1080 2464 VII
1105 2402 1183 2478 166,
1205 2399 1297 2463 Diod.
1318 2398 1378 2462 Sic.
1402 2397 1449 2461 XI

434 2520 493 2582 20:
517 2518 599 2603 quod
624 2520 773 2604 proelium
798 2521 953 2586 Diodorus
977 2520 1027 2584 die
1050 2543 1171 2605 pugnae
1192 2518 1449 2603 'Phermopylacae

433 2637 548 2701 factum
571 2659 637 2701 esse
659 2637 752 2717 dicit,
777 2639 888 2703 melius
912 2648 993 2703 certe
1018 2638 1211 2716 Herodotus,
1236 2638 1285 2701 die
1306 2637 1450 2701 victoriae

433 2754 625 2820 Salaminiae.
660 2756 772 2841 Ibique
792 2757 876 2821 haud
892 2780 1017 2843 parvam
1033 2756 1183 2821 Theronis
1200 2778 1322 2842 operam
1339 2755 1448 2832 fuisse,

433 2895 473 2938 ex
494 2874 569 2959 ipsis
592 2873 742 2939 Herodoti
766 2876 865 2940 verbis
886 2883 1027 2961 apparet,
1049 2875 1138 2939 illurn
1161 2896 1312 2940 unacum
1334 2872 1452 2936 Gelono

432 2993 714 3056 commemorantis:
738 2994 856 3059 Γέλωνα
878 2995 928 3058 nal
954 2996 1074 3073 Θήρωνα
1097 3002 1187 3077 νικᾷν.

478 3110 615 3175 Dederat
645 3111 749 3195 aliquo
779 3112 871 3176 modo
902 3113 970 3197 ipse
994 3111 1094 3177 Thero
1118 3111 1164 3175 illi
1190 3110 1270 3175 bello
1294 3107 1454 3192 Carthagi·

431 3230 590 3294 niensium
612 3251 744 3295 causam.
782 3230 862 3295 Nam
887 3253 982 3315 quum
1007 3232 1073 3317 ipse
1093 3230 1304 3316 Agrigentinis
1324 3229 1451 3313 impera-

432 3356 498 3428 ret,
517 3349 642 3434 ‘expnlit
665 3350 792 3414 Himera
815 3358 981 3435 tyrannum
1006 3352 1071 3435 ejus
1096 3350 1178 3414 urbis
1202 3348 1364 3412 Terillnm:
1389 3370 1452 3433 qua

431 3490 467 3532 re
490 3468 542 3531 hio
560 3469 656 3532 iratus
675 3467 944 3553 Carthaginienses
964 3470 1127 3534 invocavit.
1152 3466 1267 3532 Herod.
1288 3465 1353 3530 VII
1376 3468 1449 3529 165.

479 3585 599 3650 Brunet
628 3586 666 3679 de
696 3586 816 3665 Presle,
851 3611 880 3672 p.
908 3592 990 3666 125,
1020 3586 1169 3651 'Perillam
1193 3609 1211 3649 a
1233 3585 1377 3649 Therone
1396 3584 1451 3647 Hi·

431 3727 519 3769 mera
540 3705 703 3791 expulsum
727 3715 889 3792 propterea
912 3707 1006 3770 luisse
1031 3705 1124 3784 dicit,
1151 3704 1234 3789 quod
1257 3704 1311 3768 ille
1335 3703 1452 3788 Hippo·

433 3830 549 3888 cratem
580 3831 610 3888 et
637 3823 744 3909 Capyn
767 3826 937 3910 exceperit,
962 3832 1109 3909 cognatos
1133 3824 1283 3888 Theronis
1307 3831 1338 3886 et
1360 3822 1452 3885 marri-

433 3944 494 4006 mis
529 3942 566 4007 ab
602 3965 638 4006 eo
668 3942 822 4007 benefieiis
854 3952 993 4021 ornatos,
1026 3943 1078 4007 sed
1111 3944 1138 4007 ei
1161 3943 1311 4007 inimioos.
1358 3939 1450 4021 Quod

434 4059 520 4124 unde
549 4060 602 4124 ille
631 4062 761 4146 scriptor
793 4061 944 4140 hauserit,
978 4062 1091 4126 neseio.
1138 4060 1177 4125 In
1211 4061 1327 4124 scholio
1352 4066 1451 4122 vetere

434 4187 467 4242 et
490 4179 657 4242 recentiore
680 4178 718 4241 ad
742 4201 775 4241 vs
802 4182 863 4245 173
888 4180 1003 4243 mentio
1031 4178 1155 4263 quidem
1176 4185 1222 4243 est
1241 4178 1278 4242 de
1298 4176 1452 4241 berreliciis

434 4298 469 4360 iu
499 4294 569 4359 illos
596 4296 716 4360 collatis
740 4306 770 4362 et
794 4298 832 4362 de
855 4298 980 4363 illorum
1003 4319 1076 4385 erga
1099 4320 1171 4363 eum
1194 4297 1373 4361 inimicitia:
1399 4295 1451 4359 sed

437 4416 470 4479 in
504 4424 604 4479 vetere
637 4415 784 4480 dicuutur
818 4418 846 4481 ei
878 4417 994 4481 bellum
1026 4417 1168 4482 intulisse
1199 4424 1229 4480 et
1258 4416 1355 4480 abeo
1380 4416 1452 4479 victi

439 4555 503 4597 esse
531 4533 569 4597 ad
593 4533 766 4612 Himeram,
795 4537 827 4600 iu
851 4538 1020 4600 recentiore
1043 4536 1081 4599 ad
1105 4535 1273 4600 Hieronem
1297 4534 1452 4598 transiisse

1274 4655 1330 4711 la*
