3767 5534
915 720 979 785 277

436 945 570 1006 poenam
607 923 665 986 hoo
697 923 888 1008 pertinuisse.
936 921 1157 986 Verumtamen
1190 922 1238 985 vix
1270 945 1288 985 a
1319 924 1456 1008 genitivo

438 1040 563 1105 differre
588 1042 709 1106 videtur
732 1049 762 1105 et
786 1065 855 1105 cum
879 1041 936 1107 υἱὸν
960 1040 1194 1127 conjungendus
1218 1063 1293 1105 esse.

490 1161 563 1224 108.
600 1161 691 1226 πόλιν
722 1156 810 1231 νόθος.
857 1160 1006 1245 Persaepe
1039 1159 1192 1224 Homerus
1227 1160 1318 1226 πόλιν
1353 1158 1455 1239 οὔτις,

440 1279 529 1343 velut
553 1279 590 1343 Il.
616 1279 730 1344 XXIII
755 1282 830 1343 229.

492 1402 563 1463 109.
599 1399 676 1479 πρός.
712 1399 818 1463 Potest
841 1399 916 1462 haec
939 1399 1125 1485 praepositio
1146 1405 1267 1484 tempus
1284 1399 1454 1483 significare

440 1516 552 1595 videri,
577 1517 630 1582 sed
653 1524 754 1582 tamen
779 1541 814 1582 ea
837 1517 1019 1602 significatio
1043 1539 1105 1581 non
1129 1525 1175 1581 est
1199 1518 1338 1603 propria:
1363 1518 1457 1603 signi·

439 1638 512 1701 fioat
535 1637 684 1724 ejusmodi
708 1660 843 1715 causam,
868 1660 947 1721 quae
970 1637 1095 1721 quidem
1113 1637 1231 1723 aliquid
1248 1659 1310 1701 non
1326 1636 1453 1715 efficiat,

439 1756 495 1821 sed
518 1780 610 1841 quam
632 1757 665 1821 id
689 1766 910 1842 consequatur:
935 1780 1033 1842 quum
1057 1759 1122 1844 ejus
1142 1765 1279 1822 mentum
1296 1758 1453 1843 obtegeret

439 1877 572 1963 lanug0,
609 1876 866 1963 quemadmodum
905 1876 968 1940 fieri
1005 1900 1060 1963 par
1090 1888 1155 1941 erat
1186 1877 1313 1941 florente
1344 1886 1453 1941 aetate.

438 1996 491 2059 Sic
515 1997 624 2085 Aesoh.
650 1996 751 2061 Prom.
781 1999 864 2060 1008

573 2117 641 2198 πρὸς
664 2117 719 2188 τόις
743 2118 892 2198 πιιροόσοις
916 2115 1049 2195 πνρονόις
1073 2117 1154 2197 όρθῶς
1177 2123 1304 2199 φρονεῖν,

437 2238 550 2321 Sapere
573 2239 617 2301 ita
640 2245 674 2301 ut
697 2238 730 2301 in
754 2236 967 2321 praesentibus
991 2235 1079 2300 decet
1102 2236 1338 2301 calamitatibus,

488 2359 560 2420 110.
596 2381 635 2420 νιν
657 2355 753 2434 μέλοιν
776 2356 882 2433 γένειον
905 2355 1014 2436 ἔρεφον.
1044 2355 1247 2420 Accusativus
1264 2356 1370 2433 γένειον
1387 2380 1453 2442 par-

438 2484 501 2538 tem
533 2475 699 2559 significat:
733 2475 882 2561 adjectivo
913 2474 1010 2553 με’λοιν
1041 2473 1167 2539 effectus
1199 2475 1389 2560 exprimitur.
1414 2474 1455 2538 Cf

435 2617 472 2656 vs
496 2596 548 2657 tl.

485 2716 556 2777 111.
590 2715 701 2792 ἑτοῖμον
720 2714 931 2797 ἀνεφρόντισεν.
956 2718 1089 2792 Ἑτοῖμον
1105 2737 1167 2779 non
1184 2715 1364 2800 simpliciter
1380 2738 1450 2779 cum

434 2834 535 2912 γόμον
567 2834 762 2920 conjunctum
796 2843 860 2911 est,
893 2834 946 2899 sed
974 2858 1043 2899 cum
1066 2832 1267 2917 ἀνεφρόντισεν
1293 2836 1447 2916 σχεθέμεν.

435 2951 509 3016 Non
532 2961 597 3017 erat
618 2953 697 3018 illud
721 2954 910 3019 connubium
935 2954 1072 3039 cupienti
1092 2961 1251 3039 paratum,
1274 2954 1325 3019 sed
1343 2963 1449 3020 contra

434 3071 665 3136 difficillimum:
698 3095 802 3137 verum
832 3073 943 3159 Pelops
975 3073 1119 3158 cupiebat
1149 3073 1227 3138 illud
1255 3074 1315 3138 sibi
1337 3074 1448 3140 habere

435 3199 577 3275 paratum
600 3190 748 3255 vincendo
772 3190 939 3256 Oenomao.
987 3191 1179 3277 Exprimitur
1202 3215 1274 3277 ergo
1297 3216 1359 3257 non
1382 3202 1449 3258 tan-

433 3316 501 3373 tum
526 3310 591 3394 ejus
614 3310 750 3395 conjugii
774 3310 885 3395 cupido
908 3311 962 3374 scd
983 3311 1075 3375 etiam
1092 3310 1281 3377 fortitudinis
1298 3312 1445 3376 studium.

433 3428 651 3510 Ἀνεφρόντνσεν
686 3430 724 3493 de
759 3452 832 3494 cura
867 3431 991 3515 prinum
1027 3437 1170 3517 suscepta
1204 3431 1320 3495 dictum
1359 3441 1445 3516 puto.

434 3547 506 3612 Alio
529 3547 663 3632 quodam
685 3548 777 3612 modo
801 3549 884 3634 apud
908 3549 1098 3629 Lucianum,
1124 3549 1263 3617 Hermot.
1287 3550 1445 3630 1σκόμριοι

431 3666 598 3750 σοφιστικόν
620 3666 848 3749 όνοιφροντίζων,
873 3668 1025 3733 meditari.

480 3789 553 3850 113.
581 3787 677 3865 νόμον
690 3826 733 3835 -
745 3788 964 3866 Ἱπποθόμενοιν.
988 3787 1115 3872 Proprie
1131 3811 1193 3852 non
1210 3795 1255 3853 est
1276 3789 1443 3874 appositi0,

432 3904 486 3969 sed
508 3905 583 3969 haec
606 3907 730 3970 nomina
753 3929 825 3970 casu
849 3906 1053 3985 conveniunt,
1077 3915 1238 3993 propterea
1255 3908 1338 3993 quod
1355 3910 1443 3974 ambo

431 4024 567 4109 pendent
596 4049 614 4089 a
644 4027 734 4091 verbo
758 4028 919 4107 σχεθέμεν,
945 4028 1003 4093 hoc
1026 4027 1135 4091 modo:
1160 4028 1310 4113 cogitavit
1334 4029 1444 4095 habere

431 4142 636 4223 connubium,
660 4168 769 4231 nempe
792 4146 903 4210 habere
927 4146 1176 4232 Hippodamiam.

479 4266 551 4327 115.
588 4270 693 4336 πολιόις
724 4265 806 4337 οὶλός.
853 4267 1001 4331 Similiter
1032 4268 1115 4354 apud
1148 4268 1335 4347 Homerum,
1363 4270 1401 4333 Il.
1427 4270 1444 4334 I

430 4384 511 4459 350,
536 4383 672 4448 Achilles
695 4384 856 4449 Thetidem
880 4394 1059 4471 precaturus
1083 4387 1222 4451 consedit

540 4503 591 4567 θῖν’
614 4503 664 4584 ἐφ’
687 4505 758 4574 arn
781 4514 882 4581 πολιῆς
906 4504 986 4588 ὄρθιον
1010 4505 1057 4572 ἐπὶ
1081 4504 1180 4574 οἴνοποι
1203 4506 1315 4575 πόντον.
