3767 5534
695 1710 1202 1810 COMMENTARIUS.

825 2308 1020 2375 OLYMPIA
1045 2310 1072 2377 Ι.

485 2543 636 2609 Memoria
658 2545 696 2609 de
719 2547 777 2611 hoo
798 2548 930 2612 carmine
954 2559 983 2612 et
1003 2548 1041 2613 de
1058 2548 1184 2634 reliquis
1202 2548 1346 2613 Hieronis
1363 2548 1458 2612 vieto-

434 2663 494 2727 riis
525 2661 693 2749 Olympiois
720 2666 803 2752 apud
827 2677 959 2732 veterem
983 2667 1187 2733 Scholiastam
1212 2676 1259 2733 est
1282 2668 1373 2732 haee:
1399 2670 1458 2733 ἑπι-

434 2784 615 2861 γένραπται
639 2786 653 2849 ὃ
675 2786 807 2857 ἕπινίκινς
830 2787 929 2866 Ἱέρωνι
948 2789 988 2868 τῷ
1008 2784 1132 2860 Γέλωνος
1151 2787 1289 2870 ἀδελφῷ,
1310 2788 1456 2862 νικήσαντι

432 2900 523 2983 ἵππῳ
545 2901 644 2978 αέλντι
666 2906 718 2979 τὴν
740 2906 786 2981 ον’
810 2905 1024 2984 Ὀλυμπιάδα,
1051 2906 1067 2981 ἢ
1090 2909 1127 2978 ὡς
1149 2905 1212 2971 ἔνιοι
1236 2904 1365 2987 ἅρματι.
1391 2908 1404 2971 ὁ
1428 2906 1456 2970 δὲ

435 3022 531 3092 αὐτὸς
553 3022 603 3085 καὶ
626 3022 677 3096 τὴν
699 3021 740 3103 νζ
764 3031 828 3107 νικᾷ
851 3023 969 3099 κέλητι,
992 3026 1044 3099 τὴν
1068 3025 1097 3089 δὲ
1113 3026 1152 3100 αι’
1168 3026 1330 3106 τεθρίππῳ.
1349 3024 1456 3101 σννὲβν

435 3140 470 3204 δὲ
499 3140 588 3205 αὐτὸν
611 3143 768 3216 νικήσαντα
789 3145 935 3223 τεθρίππῳ
957 3145 1010 3215 τὴν
1029 3146 1069 3219 ον’
1094 3143 1292 3221 Ὀλυμπιάδα
1315 3146 1344 3209 ἐν
1363 3144 1458 3225 ταύτῃ

435 3268 628 3333 τελευτῆσαι.
676 3260 718 3323 Et
740 3262 951 3325 testImonium
967 3262 1091 3346 quidem
1109 3260 1346 3340 nonnullorum,
1364 3262 1459 3326 victo·

436 3380 521 3443 riam
549 3380 677 3463 primam
704 3380 798 3444 fuisse
821 3380 976 3461 curulem,
1001 3392 1082 3446 reete
1105 3381 1252 3467 rejicitur.
1300 3381 1458 3445 Habemus

439 3499 526 3562 enim
548 3506 658 3563 testem
681 3497 882 3577 Pausaniam,
907 3500 1020 3564 diserte
1037 3509 1097 3563 tres
1115 3501 1179 3585 ejus
1197 3500 1337 3564 victorias
1354 3498 1458 3585 Olym·

438 3618 526 3701 picas
550 3624 783 3694 memorantem,
805 3617 881 3682 duas
903 3624 1077 3702 equestres,
1094 3640 1188 3682 unam
1203 3617 1351 3683 curulem.
1375 3618 1456 3683 Nam

439 3758 540 3820 quum
562 3736 695 3801 seeundo
719 3735 912 3821 Olympiadis
928 3736 1102 3802 LXXVIII
1118 3759 1198 3802 anno
1214 3741 1237 3822 ¹)
1254 3736 1349 3801 Hiero
1366 3738 1460 3802 obiis-

439 3864 506 3932 set,
538 3855 619 3919 filius
651 3857 716 3942 ejus
748 3856 934 3921 Dinomenes
966 3857 1063 3934 dona,
1094 3879 1173 3942 quae
1206 3865 1292 3942 pater
1315 3864 1457 3936 voverat,

438 3973 514 4037 Jovi
537 3976 645 4040 statuit
668 3975 846 4061 Olympiae:
872 3998 950 4061 quae
965 3976 1108 4054 fuerunt,
1127 3984 1163 4039 ut
1180 3975 1275 4040 tradit
1291 3976 1459 4041 Pausanias

439 4092 479 4157 L.
504 4092 551 4157 VI
581 4117 606 4158 o.
639 4094 722 4173 XII,
755 4117 863 4159 currus
894 4095 988 4179 inque
1019 4118 1054 4160 eo
1080 4095 1125 4159 vir
1148 4096 1341 4173 consistens,
1367 4103 1397 4159 et
1421 4095 1458 4159 ab

442 4222 576 4298 utroque
607 4215 700 4279 latere
732 4238 829 4299 equus
860 4217 986 4295 unicus,
1018 4217 1048 4281 in
1075 4239 1206 4302 quorum
1230 4225 1361 4301 utroque
1385 4239 1459 4301 puer

481 4478 505 4536 l)
525 4477 592 4525 Diod.
612 4477 657 4526 Sic.
676 4478 709 4526 XI
729 4478 768 4525 66.
