3767 5534
916 690 956 751 71

462 906 520 965 quas
545 889 605 972 quis
635 911 692 952 suo
718 890 833 953 honore
858 890 944 953 vivus
968 888 1126 953 fraudatus
1151 911 1259 974 passus
1283 896 1348 966 est,
1373 892 1444 971 post

461 1011 561 1069 11111111
581 1017 764 1093 compensat.
806 1008 953 1093 Exemplo
978 1009 1017 1071 sit
1041 1009 1127 1092 Ajax.
1164 1007 1255 1071 Canit
1275 1006 1440 1071 Pindarus:

460 1118 527 1203 „ligo
546 1126 684 1210 majorem
708 1126 797 1203 credo
821 1127 931 1190 famam
950 1126 1082 1210 Ulyssis,
1101 1148 1192 1209 qnam
1209 1125 1296 1189 factis
1313 1126 1440 1201 meruit,

459 1240 581 1308 exstitisse
603 1252 727 1329 propter
749 1245 918 1309 Homerum
942 1245 1169 1328 suaviloquum.
1217 1242 1296 1307 Nam
1321 1244 1444 1307 menda·

458 1354 498 1417 ciis
518 1361 572 1445 ejns
595 1370 626 1426 et
647 1364 706 1427 arti
729 1363 820 1428 celeri
843 1363 929 1427 adest
952 1363 1069 1447 aliquid
1094 1362 1176 1447 quod
1200 1363 1240 1425 sit
1257 1363 1442 1449 venerabile:

457 1473 576 1555 sapientia
598 1480 712 1565 decipit
736 1481 890 1545 abducens
915 1482 1121 1545 sermonibus:
1143 1503 1267 1545 caecum
1283 1480 1375 1545 habet
1392 1504 1443 1545 eor
1540 1496 1546 1506 '

456 1590 598 1661 multitudo
625 1598 785 1663 hominum
809 1601 949 1663 maxima.
997 1599 1077 1663 Nam
1102 1600 1127 1662 si
1151 1600 1194 1663 ita
1218 1608 1312 1677 essct,
1339 1608 1373 1663 11
1397 1622 1444 1662 ve-

454 1709 552 1782 ritatem
573 1720 705 1797 videret,
729 1742 792 1784 non
816 1728 940 1805 propter
957 1742 1038 1784 arma
1054 1719 1149 1782 iratus
1167 1720 1243 1805 Ajax
1260 1719 1373 1782 fixisset
1391 1742 1444 1804 per

453 1848 494 1891 cor
512 1858 603 1900 aerem
626 1836 777 1922 gladium:
803 1824 893 1922 quem
919 1860 1012 1901 111111
1031 1838 1231 1901 fortissimum
1252 1844 1322 1922 post
1342 1837 1445 1900 Achil·

452 1942 498 2011 11111
524 1954 668 2019 celeribus
699 1956 828 2020 navibus
860 1957 1010 2019 miserunt
1033 1954 1163 2041 Zephyri
1187 1954 1225 2017 ad
1248 1954 1300 2017 Ilii
1324 1955 1440 2019 urbem.

452 2061 545 2136 levum
577 2074 659 2137 enim
689 2074 860 2139 communis
893 2074 974 2137 venit
1005 2073 1103 2136 Hadis
1134 2074 1265 2151 fluetus,
1298 2073 1380 2137 cadit
1409 2073 1442 2137 in

450 2180 655 2271 imprudentem
687 2199 717 2256 et
747 2194 778 2255 in
810 2192 1038 2277 providentem:
1067 2192 1134 2255 lans
1159 2215 1227 2256 vero
1251 2215 1355 2256 eorum
1380 2200 1442 2268 est,

449 2322 561 2385 quornm
584 2318 777 2374 mortuorum
801 2333 924 2375 suavem
948 2311 1060 2373 famam
1083 2317 1175 2394 anget
1195 2309 1311 2374 Deus''
1327 2312 1349 2393 ¹)
1388 2310 1445 2373 Ve-

446 2422 549 2492 ritatem
584 2451 673 2513 ergo,
710 2450 801 2512 quam
836 2451 898 2492 non
933 2429 1076 2513 cognovit
1107 2428 1217 2512 vulgus
1249 2429 1443 2508 mortalium,

444 2547 545 2610 musica
577 2547 722 2611 vindicat.
769 2546 828 2610 Sed
860 2570 937 2631 qnae
969 2548 1062 2611 fuerit
1087 2548 1149 2631 jam
1173 2547 1246 2611 olim
1270 2548 1443 2613 obscuratio

444 2666 510 2743 veri,
535 2667 590 2749 qui
612 2666 675 2729 ficti
696 2689 862 2743 sermoneS,
881 2688 1036 2750 quamque
1052 2687 1102 2729 eos
1119 2673 1275 2730 aversatus
1290 2666 1443 2731 Pindarus

439 2806 531 2849 veram
561 2785 684 2850 laudem
712 2796 743 2849 11
774 2786 870 2870 ipsam
903 2785 1061 2849 veritatem
1085 2786 1247 2863 amaverit,
1271 2785 1445 2869 praeclaris-

436 2904 505 2969 sime
528 2904 709 2983 declaravit,
735 2905 869 2990 ejusdem
895 2905 998 2989 Ajaois
1022 2926 1096 2968 usus
1121 2904 1275 2988 exemplo,
1292 2904 1358 2989 ipse
1373 2927 1443 2968 vero

434 3026 478 3088 sui
501 3024 598 3088 studii
620 3024 793 3108 exemplum
816 3023 1007 3107 relinquens,
1033 3023 1117 3107 qnod
1141 3024 1260 3086 utinam
1276 3023 1442 3107 aliquando

433 3150 616 3227 sequantur,
647 3151 800 3227 quotquot
828 3144 987 3228 attingunt
1011 3143 1175 3206 musicam!
1202 3142 1320 3205 11111111
1344 3165 1444 3206 veram

432 3260 552 3325 laudern
578 3260 753 3345 praedicent
777 3260 935 3345 ipsiusque
958 3260 1094 3323 veritatis
1118 3259 1288 3343 suscipiant
1310 3260 1447 3323 vaticini-

431 3402 500 3457 um,
526 3388 681 3464 quotquot
705 3379 881 3462 quarumvis
904 3378 1062 3443 literarum
1086 3378 1190 3442 studio
1207 3401 1238 3442 se
1254 3378 1326 3443 ferri
1342 3380 1443 3463 ajunt!

432 3496 489 3562 Sed
522 3498 675 3562 Pindarus
703 3497 794 3561 haee:
820 3496 932 3575 „Nova
953 3498 1077 3561 inventa
1100 3496 1219 3561 tradere
1242 3497 1275 3560 in
1293 3496 1446 3580 judicium

431 3615 633 3681 examinanda
656 3615 863 3700 periculosum
887 3624 949 3679 est:
975 3616 1061 3679 cibus
1082 3622 1154 3679 sunt
1169 3615 1304 3679 earmina
1319 3614 1445 3678 invidis:

431 3735 609 3819 aggreditur
636 3734 752 3798 invidia
774 3735 854 3798 bona
878 3757 1014 3821 semper,
1040 3734 1184 3797 adversus
1208 3733 1357 3798 deteriora
1383 3757 1446 3798 non

432 3861 559 3939 pugnat.
606 3853 667 3917 Illa
701 3854 792 3917 etiam
827 3854 1001 3917 Telamonis
1033 3852 1131 3917 filium
1161 3853 1251 3938 fregit
1281 3861 1312 3917 et
1342 3853 1448 3938 injecit

432 3972 545 4055 gladio.
592 3971 780 4036 Indisertum
812 3995 884 4036 sane
915 3971 1051 4055 aliquem
1074 3970 1127 4035 sed
1151 3971 1241 4035 eorde
1263 3972 1373 4034 fortem
1397 3971 1448 4035 ob-

432 4088 505 4152 livio
538 4089 642 4153 domat
672 4090 704 4153 in
735 4097 814 4153 tetro
842 4091 962 4175 jurgio:
991 4089 1158 4153 maximum
1182 4089 1264 4153 vario
1288 4088 1447 4153 mendacio

435 4207 604 4290 praemium
627 4208 820 4293 propositum
844 4215 898 4271 est.
934 4206 1016 4271 Nam
1033 4207 1231 4271 clandestinis
1246 4208 1278 4271 in
1295 4206 1447 4290 suffragiis

469 4483 493 4545 1)
511 4484 576 4532 nem.
599 4483 657 4531 vrr.
677 4484 782 4532 ac-cs.
