3767 5534
865 760 906 815 :lu

368 960 568 1036 ceciderunt,
599 967 705 1023 contra
736 958 942 1041 voluptatem:
975 959 1044 1034 alii,
1079 982 1174 1042 quum
1208 983 1289 1024 acres
1318 970 1392 1024 tcm-

371 1087 507 1165 pestatea
546 1080 629 1143 nacti
663 1079 810 1152 fuissent,
847 1078 962 1142 bonum
998 1079 1184 1163 profundum
1221 1081 1391 1145 infortunio

369 1205 537 1261 mutarunt
560 1197 644 1261 brevi
667 1205 816 1282 tempore,
833 1198 855 1279 ¹)

419 1315 479 1381 Sed
500 1315 573 1379 satis
590 1317 653 1401 jam
673 1314 875 1398 intelligitur,
896 1315 935 1378 ad
958 1315 1037 1378 Deos
1057 1338 1147 1380 omne
1167 1317 1270 1380 referri
1290 1316 1393 1380 mode·

369 1457 477 1498 ramen
506 1456 608 1497 rerum
630 1434 852 1510 humanarum,
877 1455 933 1497 nec
957 1456 1013 1496 nos
1037 1442 1142 1497 nostra
1166 1457 1268 1519 regere
1292 1455 1391 1517 neque

372 1554 440 1617 ullo
464 1550 555 1615 modo
579 1552 684 1616 futura
707 1561 777 1615 ante
801 1575 890 1637 posse
914 1552 1082 1636 providere.
1125 1552 1297 1616 Dicendum
1320 1573 1390 1615 vero

370 1680 439 1748 est,
473 1670 563 1754 quale
593 1671 633 1733 sit
664 1670 799 1733 Deorum
823 1670 996 1753 imperium.
1044 1669 1219 1754 Benignum
1243 1692 1308 1734 esse
1328 1671 1389 1755 jam

368 1789 508 1852 vidimus
538 1788 684 1872 exemplis
707 1789 761 1865 iia,
787 1788 899 1871 quibus
924 1788 1069 1851 victoriae
1093 1789 1295 1852 certaminum
1322 1788 1390 1851 Diis

372 1907 588 1972 referebantur
610 1916 767 1991 acceptae:
792 1907 882 1971 simul
907 1907 1107 1991 intelligitur,
1133 1907 1274 1992 precibus
1299 1915 1329 1972 et
1348 1931 1393 1971 sa·

372 2027 500 2091 orificiis
532 2026 636 2111 quaeri
667 2026 802 2090 Deorum
834 2026 1093 2091 benevolentiam:
1127 2050 1191 2090 eam
1217 2034 1318 2091 autem
1344 2027 1393 2090 be·

370 2144 581 2209 nevolentiam
612 2166 733 2207 manere
766 2152 797 2208 et
820 2167 838 2207 a
860 2144 1026 2229 majoribus
1059 2144 1133 2208 adeo
1166 2147 1324 2230 propagari
1353 2144 1391 2209 ad

371 2272 528 2349 posteros,
562 2264 646 2327 velut
676 2264 709 2326 in
742 2264 868 2347 Agesir„
886 2263 909 2346 2)
941 2264 989 2326 vel
1020 2264 1052 2327 in
1082 2263 1227 2341 Jamidis,
1260 2286 1391 2347 quorum

371 2390 479 2447 ortum
516 2382 553 2447 ab
589 2382 733 2467 Apolline
770 2404 867 2465 genus
902 2384 935 2445 in
971 2382 1095 2446 Graecis
1127 2385 1238 2446 mansit
1265 2383 1394 2447 clarissi-

368 2524 470 2565 mum.
483 2502 509 2585 8)
543 2500 604 2565 Sed
624 2501 762 2585 quamvis
784 2501 916 2564 maxima
935 2501 1029 2565 fuerit
1050 2501 1185 2566 Deorum
1203 2502 1391 2586 benignitas,

367 2620 419 2682 vel
456 2619 558 2683 danda
587 2618 752 2695 felicitate,
786 2620 832 2683 vel
864 2619 1036 2683 calamitate
1069 2620 1309 2705 compensanda,
1342 2619 1390 2684 vel

368 2738 449 2803 adeo
477 2737 664 2802 cumulanda
686 2736 829 2815 fortuna,
854 2739 1083 2802 meminerimus
1106 2746 1209 2802 tamen
1233 2761 1286 2815 ea,
1311 2760 1389 2822 quae

368 2864 462 2922 antea
485 2856 523 2921 de
546 2857 681 2920 Deorum
705 2857 844 2941 potentia
866 2858 1062 2943 scripsimus,
1087 2879 1179 2942 quam
1203 2857 1243 2919 sit
1263 2856 1387 2921 anobis

368 2977 500 3040 diversa.
547 2976 620 3060 Ipso
644 2998 679 3040 eo
703 2975 788 3053 loco,
813 2999 875 3061 quo
898 2976 1029 3040 maxime
1052 2976 1205 3040 Pindarus
1229 2976 1311 3040 Deos
1335 2977 1387 3040 lio·

368 3096 531 3180 minesque
562 3095 703 3179 copulat,
737 3096 875 3179 utrisque
899 3094 1042 3160 tribuens
1070 3094 1196 3160 eandem
1221 3095 1387 3180 originem,

369 3222 474 3277 tamen
503 3212 657 3298 potentiae
687 3211 850 3276 discrimen
883 3214 915 3276 in
947 3236 981 3277 eo
1014 3214 1118 3299 ponit,
1144 3213 1227 3297 quod
1251 3214 1388 3292 coelum,

369 3333 402 3396 in
427 3354 489 3416 quo
513 3331 566 3395 Dii
590 3330 746 3408 habitent,
772 3331 835 3394 labi
858 3354 921 3395 non
942 3332 1056 3416 possit,
1079 3354 1134 3396 nos
1155 3353 1225 3395 vero
1246 3331 1388 3395 mortales

371 3450 466 3514 simus
498 3458 529 3513 et
559 3450 653 3513 nescii
685 3449 741 3512 fati
770 3450 923 3534 sortisque
946 3450 1079 3515 futurae.
1127 3450 1321 3535 Quapropter
1344 3450 1389 3513 in·

372 3568 574 3654 telligcndum
606 3577 668 3645 est,
694 3567 857 3651 temperari
880 3568 924 3630 ita
947 3590 965 3631 a
987 3567 1056 3631 Diis
1080 3591 1126 3632 res
1150 3568 1328 3645 hominum,
1353 3576 1389 3631 ut
1462 3594 1464 3598 ’

372 3694 519 3771 perpetua
542 3709 577 3749 ac
600 3688 733 3771 perfecta
757 3687 822 3749 sine
847 3686 933 3749 clade
959 3687 1023 3750 ulla
1042 3688 1089 3751 vel
1108 3686 1245 3772 periculo
1264 3687 1389 3751 fortuna

374 3805 483 3869 borum
506 3828 570 3868 esse
593 3826 656 3869 non
680 3804 793 3889 possit:
819 3805 876 3867 boc
901 3805 983 3869 enim
1006 3805 1108 3889 ipsum
1132 3805 1195 3869 labi
1218 3827 1280 3868 non
1301 3826 1388 3889 posse

373 3922 591 3986 immortalium
622 3922 780 4007 proprium
810 3929 872 3999 cst,
902 3944 964 3985 non
989 3922 1158 3986 hominum.
1171 3924 1195 4006 4)
1241 3922 1292 3986 Ad
1315 3920 1389 3994 Hie·

372 4064 477 4106 ronem
499 4042 591 4126 regiis
615 4040 724 4126 opibus
749 4049 780 4104 et
802 4038 947 4125 Olympia
970 4041 1105 4125 equestri
1124 4041 1252 4104 victoria
1271 4040 1387 4104 clarum

371 4161 478 4224 scribit
502 4160 624 4243 quidem
649 4160 706 4236 ita,
731 4166 768 4222 ut
790 4157 896 4223 laudet
919 4160 984 4244 ejus
1008 4160 1163 4224 fortunam
1186 4180 1385 4244 magnopere,

407 4481 429 4543 l)
449 4483 486 4532 01.
502 4482 563 4533 XII.
580 4484 608 4542 4,
625 4498 685 4547 seqq.
910 4481 934 4545 2)
953 4482 1022 4531 Coul.
1036 4498 1091 4547 paq.
1110 4481 1151 4531 33.

406 4580 431 4641 3)
451 4580 488 4629 Ol.
510 4580 550 4629 VI.
569 4579 625 4629 120.
643 4578 712 4629 Conf.
723 4595 780 4644 paq.
798 4577 838 4629 28.
904 4581 929 4640 4)
947 4581 1011 4630 Nera.
1034 4580 1074 4629 VI.
1090 4577 1168 4629 initu.
1186 4577 1257 4627 Conl.
1270 4594 1328 4644 pap,
1345 4578 1386 4626 18.

1226 4674 1262 4732 3*
