3767 5534
905 772 970 835 451

476 975 528 1038 td.
564 974 729 1040 aalma
765 972 908 1037 Graviter
936 973 970 1037 in
993 974 1137 1038 vaticinio
1159 981 1279 1060 tempus
1303 996 1447 1061 praesens

431 1091 472 1155 in·
486 1113 519 1156 re
542 1092 649 1157 lutura
671 1092 806 1177 ponitur.

476 1213 529 1275 59.
563 1211 636 1276 ἄλλ’
667 1208 735 1289 ἅμα
758 1236 787 1275 κ.
810 1235 839 1277 σ.
863 1224 893 1275 λ.
929 1209 1010 1274 Sunt
1033 1210 1108 1275 haee
1131 1210 1252 1275 brevius
1276 1213 1447 1276 enunciata.

431 1327 611 1415 Subiectum
635 1327 719 1394 verbi
742 1328 863 1410 ἄρξεται
886 1336 932 1393 est
951 1329 1121 1394 ἁλίσκεσθαι
1137 1330 1311 1409 nipparene:
1328 1330 1449 1395 dativus

431 1447 551 1526 aalma
571 1469 733 1533 personam
756 1447 934 1513 efficientem
958 1448 1126 1532 significat:
1150 1450 1184 1513 in
1199 1449 1348 1529 σεσρσὶσσσς
1361 1472 1450 1535 reug·

431 1575 513 1632 mate
543 1567 752 1652 praedicatum
783 1590 817 1632 ex
850 1566 1050 1632 antecedente
1083 1569 1220 1633 oratione
1243 1568 1449 1655 supplendum

432 1694 477 1751 est
500 1687 659 1753 datorem.
704 1686 790 1751 Dicit
813 1708 901 1772 ergo:
925 1686 1093 1771 Pergamus
1117 1688 1273 1773 capietur,
1297 1710 1359 1753 non
1383 1690 1450 1754 sine

431 1805 537 1870 liberis
568 1806 650 1883 tuis,
678 1804 732 1869 sed
756 1804 824 1890 capi
846 1805 990 1891 incipiet,
1014 1804 1046 1870 id
1071 1812 1116 1869 est
1140 1805 1273 1891 primum
1296 1808 1451 1892 capietur,

433 1924 526 1988 simul
550 1945 567 1987 a
590 1930 645 1987 tua
666 1924 766 2007 prima
787 1923 950 2008 progenie,
975 1929 1005 1987 et
1029 1924 1167 2008 capietur
1188 1947 1205 1988 a
1225 1933 1342 2009 quarta.
1364 1928 1453 2005 “Aac

433 2041 572 2106 additum
596 2048 644 2106 est
666 2041 705 2105 ad
728 2040 901 2127 copulanda
924 2050 1006 2105 arcte
1029 2040 1153 2122 ἄρξεται
1173 2050 1204 2107 et
1226 2044 1362 2128 πρώτοις,
1379 2046 1453 2130 quia

431 2160 520 2225 nulla
551 2160 634 2245 prior
663 2160 770 2225 futura
800 2167 866 2225 erat
894 2159 1003 2245 Trojae
1034 2162 1149 2225 eversio
1181 2183 1271 2245 quam
1299 2185 1350 2241 ea,
1376 2186 1454 2248 quae

432 2280 513 2343 lacta
536 2278 613 2343 foret
635 2301 655 2342 a
677 2278 776 2364 prima
798 2280 892 2343 Aeaei
915 2280 1077 2364 progenie:
1103 2279 1163 2344 fuit
1187 2287 1288 2346 autem
1312 2304 1348 2346 ea
1369 2280 1454 2347 Tela·

432 2419 522 2475 mon,
548 2396 692 2462 Herculia
714 2398 747 2462 in
770 2397 919 2483 Pergamo
942 2398 1090 2462 vastanda
1113 2399 1232 2463 socius:

700 2514 752 2593 ξὺν
774 2510 795 2598 ᾦ
818 2518 987 2600 (Ἡρακλεῖ)
1010 2540 1082 2582 ποτε
1103 2516 1218 2598 Τρωΐαν

701 2634 839 2713 καρτερὸς
858 2637 1007 2713 Τελαμὼν
1031 2635 1169 2720 πόρθησε,

434 2752 525 2817 Nem.
549 2751 596 2815 IV
620 2756 672 2817 40.
716 2751 835 2832 Quarta
858 2753 1018 2839 progenies
1041 2754 1101 2818 fuit
1116 2754 1356 2840 NeoptolemuS,
1374 2777 1454 2820 ever·
1525 2740 1527 2743 Α

434 2893 485 2936 eor
506 2870 633 2958 Troiae,

636 2990 769 3070 Πριάμου
793 2988 877 3054 πόλιν
899 2990 1108 3067 Νεοπτόλεμος
1132 2991 1251 3072 πράθεν,

433 3107 524 3173 Nem.
555 3106 621 3171 VII
652 3110 712 3171 52:
745 3108 800 3172 sed
829 3107 860 3171 in
895 3108 988 3193 hujus
1012 3111 1242 3195 computatione
1266 3103 1331 3195 ipse
1355 3113 1456 3196 gentis

435 3232 543 3291 auctor
571 3227 690 3291 Aeacus
722 3226 923 3291 assumendus
957 3235 1020 3290 est:
1044 3228 1105 3291 fuit
1128 3228 1207 3292 enim
1232 3225 1456 3313 Neoptolemus

435 3346 518 3410 filius
541 3345 672 3409 Achillia
695 3345 751 3409 filii
775 3344 859 3409 Pelei
881 3345 936 3408 filii
963 3346 1065 3410 Aeaci.
1103 3346 1245 3411 Ceterum
1263 3370 1355 3431 quam
1371 3356 1456 3412 nota·

437 3464 536 3528 vinam
566 3462 677 3528 horum
701 3462 862 3527 verborum
886 3463 1084 3543 brevitatem,
1110 3472 1155 3528 est
1179 3464 1253 3529 haec
1275 3487 1458 3553 magnopere

437 3582 534 3647 divini
556 3581 694 3646 vaticinii
717 3581 861 3667 gravitati
884 3583 1086 3647 conveniens:
1111 3605 1189 3669 qnae
1213 3584 1345 3669 gravitas
1367 3586 1458 3650 etiam

438 3707 569 3785 augetur
601 3722 655 3778 eo,
687 3699 771 3783 quod
802 3700 960 3765 celerrime
990 3708 1060 3787 post
1092 3700 1246 3785 Apollinis
1277 3702 1458 3768 vaticinium

436 3824 578 3881 narratur
605 3818 670 3903 ejus
695 3817 807 3883 abitus.

483 3938 535 4000 cl.
570 3936 669 4014 σσέφσ.
705 3935 879 4021 Adjicitur,
913 3937 986 4021 quia
1016 3958 1078 4001 non
1106 3945 1170 4002 erat
1196 3938 1259 4003 hoc
1277 3939 1459 4005 vaticinium

437 4053 633 4139 ambiguum,
657 4055 811 4138 κίβδηλον,
834 4062 870 4119 ut
893 4057 1077 4141 quandoque
1102 4080 1165 4121 sese
1189 4057 1314 4123 solebat.
1339 4058 1456 4125 Herod.

435 4170 454 4235 1
479 4173 539 4250 cc,
566 4173 618 4237 75.
1402 4158 1406 4164 '

483 4291 536 4353 62.
572 4289 684 4358 Ξάνθον.
731 4290 873 4377 Heynius
906 4292 1061 4356 existimat
1091 4292 1252 4359 Xanthum
1284 4295 1317 4359 in
1340 4294 1461 4362 Troade

438 4408 567 4472 dunum
598 4408 778 4493 significari:
807 4409 894 4473 affert
918 4417 1037 4489 autem,
1063 4412 1146 4496 apud
1170 4412 1339 4478 Homerum
1363 4434 1462 4499 equoa

441 4526 594 4613 Apollinis
633 4526 672 4591 ad
702 4527 793 4592 illum
822 4528 951 4593 fluvium
984 4529 1136 4615 pabulum
1158 4553 1281 4617 carpere
1290 4558 1304 4596 :⁴
1330 4532 1460 4598 affirmat

1283 4650 1339 4709 29*
