3767 5534
844 713 908 775 229

379 917 467 983 tribus
502 916 650 981 dantibus
682 914 887 1000 Tyndaridis,
924 915 997 999 quia
1029 914 1171 999 plurimis
1205 913 1383 977 mortalium

378 1060 422 1101 eos
450 1036 566 1101 mensis
601 1034 806 1119 hospitalibus
843 1032 972 1111 colunt,
1009 1033 1060 1118 pin
1093 1040 1195 1097 mente
1230 1039 1385 1095 servantes

378 1177 456 1221 secra
486 1155 657 1220 beatorum.
704 1153 826 1234 Quodsi
858 1153 1118 1240 praestantissima
1148 1158 1194 1215 est
1222 1173 1316 1235 aqua,
1342 1150 1387 1213 di·

377 1276 515 1341 vinnom
543 1297 614 1339 vero
646 1296 755 1339 aurum
779 1273 1067 1351 honoratissimum,
1091 1293 1175 1336 nunc
1199 1270 1323 1356 quidem
1347 1269 1385 1335 ad

376 1394 537 1459 terminum
561 1393 700 1479 pervenit
723 1393 891 1458 virtutibus
907 1391 1009 1457 Thero
1025 1391 1156 1478 propriis
1173 1389 1211 1454 ad
1228 1391 1386 1455 columnas

376 1513 525 1580 Herculis.
560 1512 654 1595 Quod
679 1513 760 1578 ultra
784 1524 847 1591 est,
871 1514 990 1577 invium
1010 1511 1110 1576 doctis
1127 1519 1173 1575 est
1189 1520 1219 1575 et
1235 1510 1384 1574 indoctis:

375 1655 431 1699 non
455 1656 528 1698 sane
552 1656 731 1719 persequar:
758 1632 858 1698 inanis
882 1633 987 1697 forem.

731 2107 927 2173 OLYMPIA
964 2106 1021 2171 IV.

678 2364 829 2410 Psauulm
861 2365 1077 2410 carlemanno,

776 2583 970 2667 (Quaem)

412 2824 565 2889 ‘fonitrua
587 2824 643 2908 qui
666 2823 729 2887 lete
751 2822 906 2887 currentia
929 2822 1010 2908 regis
1027 2844 1145 2887 summo
1160 2822 1296 2907 Jupiter:
1313 2827 1385 2887 tuae

373 2944 452 3008 enim
478 2944 557 3007 vices
578 2950 750 3029 temporum
777 2964 847 3008 cum
871 2942 1005 3006 carmine
1029 2949 1060 3005 et
1083 2941 1217 3006 citharae
1233 2948 1385 3006 concentu

370 3063 453 3127 vario
478 3085 526 3127 me
549 3062 659 3127 misere
682 3069 791 3126 testem
815 3060 1149 3147 praestantissimorum
1165 3062 1382 3126 certaminum:

371 3181 545 3267 hospitibus
577 3181 604 3245 si
635 3180 713 3246 bene
744 3180 863 3258 evenit,
896 3181 1000 3245 statim
1028 3179 1067 3244 ad
1089 3179 1213 3244 dulcem
1236 3182 1383 3246 nuncium

368 3301 521 3366 exsultant
544 3301 631 3366 boni:
657 3323 763 3365 verum
786 3323 804 3364 o
829 3298 924 3364 Croni
948 3298 1010 3378 fili,
1036 3300 1090 3384 qui
1114 3302 1246 3364 Aetnam
1270 3300 1379 3379 habes,
1418 3306 1459 3368 10

367 3436 428 3505 quo
457 3420 607 3505 premitur
634 3420 768 3505 pondere
800 3427 927 3483 ventoso
952 3419 1107 3505 centiceps
1130 3419 1295 3506 Typhoeus
1319 3421 1381 3484 vio·

366 3539 486 3618 lentus,
510 3540 611 3624 recipe
634 3548 760 3625 propter
783 3538 907 3603 Gratias
931 3539 1016 3604 hunc
1040 3539 1078 3604 de
1093 3537 1239 3625 Olympia
1255 3541 1382 3605 victoria

365 3667 508 3737 cantum,
544 3655 675 3724 maxime
711 3659 893 3723 diuturnum
926 3658 1030 3723 lumen
1062 3659 1213 3723 virtutum
1244 3660 1380 3725 fortium.

365 3777 445 3843 Nam
466 3779 641 3844 Pssumidis
658 3779 742 3844 venit
758 3779 884 3844 rhedam
901 3802 1030 3844 ornans:
1049 3778 1102 3863 qui
1119 3779 1200 3843 oliva
1216 3786 1379 3844 coronatus

364 3897 471 3963 Pisaea
494 3899 623 3985 gloriam
647 3900 777 3963 excitare
802 3896 983 3963 Camarinae
1006 3898 1140 3963 festinat.
1181 3898 1266 3963 Deus
1290 3898 1379 3963 bene·
1415 3902 1456 3962 20

363 4018 452 4082 volus
468 4019 509 4082 sit
525 4017 652 4102 reliquis
668 4019 765 4081 votis:
788 4018 1039 4103 quandoquidem
1063 4018 1151 4082 illum
1166 4017 1273 4096 laudo,
1292 4018 1379 4103 equis

363 4137 489 4223 quidem
513 4137 631 4202 alendis
654 4137 742 4202 valde
766 4138 923 4217 deditum,
953 4138 1179 4223 laetantemque
1204 4138 1378 4223 hospitibus
1433 4180 1435 4183 -

363 4258 483 4322 cunctis
507 4258 689 4343 recipiendis
713 4267 744 4323 et
768 4259 807 4322 ad
832 4258 977 4323 blandam
1001 4258 1179 4323 civitatibus
1203 4258 1377 4343 tranquilli-

363 4385 458 4443 tatem
482 4380 600 4443 sincera
623 4387 725 4444 mente
748 4401 945 4466 propensum.
992 4378 1065 4443 Non
1085 4380 1202 4464 bingam
1219 4378 1377 4443 mendacio

364 4499 552 4563 orationem:
598 4501 786 4585 experientia
825 4508 1054 4585 cognoscuntur
1093 4498 1242 4564 homines,
1288 4498 1376 4579 Quae
1413 4500 1453 4560 30
