3767 5534
525 918 563 984 V.
589 922 652 983 305

513 1100 516 1106 .
802 1037 898 1116 βάλεν
921 1039 1036 1105 Αἰνείαο
1062 1040 1131 1105 κατ’
1154 1041 1259 1121 ἰσχίον·

526 1165 557 1221 et
580 1157 692 1221 similia
715 1156 767 1220 III
790 1160 873 1236 356,
899 1157 928 1221 V
953 1161 1036 1238 281,
1061 1157 1125 1223 VII
1150 1162 1232 1239 250,
1257 1159 1353 1225 XVII
1378 1160 1544 1239 517,ΧΧ

527 1278 601 1342 274.
649 1275 772 1357 Quibus
808 1277 883 1341 loeis
914 1279 1068 1362 genitivus
1099 1279 1231 1364 pendere
1261 1286 1364 1365 potest
1394 1280 1431 1344 ab
1464 1281 1544 1345 inse-

527 1402 640 1481 quente
660 1396 853 1461 substantivo
873 1396 1019 1483 adjuncto
1037 1399 1273 1483 praepositioni,
1289 1399 1442 1484 quomodo
1455 1399 1484 1463 V
1499 1403 1542 1463 16

636 1516 778 1581 Τνδεῖδεα
802 1516 827 1579 δ’
851 1517 919 1597 ὑπὲρ
943 1513 1018 1595 άμιν
1041 1518 1187 1599 άρισνερὸν
1212 1518 1292 1594 ἤλυθ’
1315 1520 1424 1593 άκιική.

525 1634 743 1700 Verumtamen
767 1636 848 1721 apud
872 1636 1004 1701 eundem
1028 1646 1074 1701 est
1097 1636 1135 1701 V.
1164 1640 1225 1702 145

659 1756 708 1820 τὸν
730 1756 784 1833 μὲν
807 1756 876 1836 ὑπὲρ
899 1755 1002 1838 μαζοῖο
1024 1757 1127 1834 βαλὼν
1150 1757 1299 1837 χαλκάρέιΙ
1320 1756 1403 1837 δινρί·

526 1876 587 1940 537

591 1992 640 2058 τόν
662 1996 698 2074 ῥα
719 1993 789 2059 κατ’
812 1995 924 2059 άνιιίδα
946 1994 1016 2075 δουρὶ
1040 1994 1120 2072 βάλε
1143 1996 1240 2075 κρείων
1262 1995 1475 2073 Ἀγαμέμνων·

525 2120 556 2176 et
587 2112 696 2176 similia
727 2111 773 2177 IV
797 2116 880 2192 459,
905 2117 987 2193 489,
1012 2118 1097 2195 492,
1123 2118 1206 2193 591,
1234 2117 1315 2193 527,
1340 2113 1388 2177 VI
1412 2118 1451 2198 9,
1478 2113 1544 2178 VII

527 2234 586 2311 ll,
613 2235 753 2299 14-17.

568 2349 655 2431 Quae
692 2351 818 2436 quidem
853 2352 992 2437 exempla
1028 2375 1124 2438 quum
1163 2352 1296 2417 habeant
1331 2352 1545 2417 accusativum

525 2469 617 2533 verbo
639 2469 766 2547 βάλλειν
790 2469 931 2534 additum
954 2479 1101 2555 sequente
1125 2471 1336 2548 substantiv0,
1361 2493 1423 2557 quo
1448 2471 1545 2556 signi·

524 2588 630 2651 ficetur
658 2611 728 2672 pars
759 2611 810 2667 ea,
843 2612 904 2674 qua
935 2589 1046 2675 aliquis
1077 2598 1178 2656 tactus
1210 2590 1268 2655 sit:
1300 2589 1384 2654 haud
1408 2590 1544 2655 absurde

526 2704 604 2768 mihi
626 2706 807 2790 persuadere
830 2707 953 2784 videor,
978 2708 1131 2793 prioribus
1154 2707 1230 2772 locis
1246 2708 1418 2793 genitivum
1434 2707 1544 2773 eodem

528 2823 620 2888 modo
650 2824 781 2909 pendere
814 2848 831 2889 a
861 2826 954 2891 verbo
985 2826 1128 2905 βάλλειν,
1162 2849 1224 2912 quo
1256 2827 1348 2892 modo
1371 2828 1420 2892 his
1445 2827 1483 2892 ab
1507 2849 1545 2891 eo

529 2942 661 3027 pendeat
684 2944 890 3008 accusativus:
913 2950 943 3009 et
956 2944 1127 3009 Homerum
1143 2946 1317 3030 promiscue
1333 2947 1545 3011 accusativum

529 3066 560 3123 et
582 3060 751 3145 genitivum
775 3061 802 3124 ei
825 3062 917 3127 verbo
937 3061 1122 3147 adjunxisse.
1148 3062 1324 3149 Utrumque
1347 3086 1417 3129 vero
1438 3086 1545 3128 casum

530 3180 671 3266 adjunxit
694 3179 722 3242 V
748 3182 787 3246 73

662 3301 710 3366 ιδν
734 3302 788 3379 μὲν
811 3301 952 3376 Φυλείδης
975 3302 1152 3382 δουρικλυτὸς
1176 3302 1301 3381 ἐγγύθεν
1324 3304 1410 3369 ἐλθὼν

663 3421 808 3498 βεβλήκει
831 3428 967 3503 κεφαλῆς
991 3422 1072 3487 κατά
1096 3422 1161 3487 ἰνίον
1184 3422 1247 3499 ὀξέϊ
1271 3423 1354 3504 Scupi·

530 3563 602 3605 nam
632 3540 755 3605 difficile
785 3564 857 3605 sane
885 3549 930 3606 est
954 3542 1094 3620 credere,
1119 3542 1291 3627 genitivum
1313 3550 1451 3625 κεφαλῆς
1475 3564 1548 3626 pen·

532 3661 602 3725 dere
634 3660 672 3725 ab
702 3661 775 3726 iviov.
823 3659 864 3724 Et
886 3683 954 3724 mea
978 3662 1129 3725 sententia
1156 3683 1192 3725 eo
1216 3662 1306 3725 etiam
1330 3660 1453 3725 videtur
1476 3682 1548 3725 con·

532 3779 662 3858 firmari,
703 3779 787 3864 quod
821 3779 854 3843 in
889 3778 956 3843 aliis
994 3779 1111 3859 verbis,
1152 3779 1265 3863 quibus
1299 3780 1333 3843 in
1366 3778 1547 3843 vulneribus

531 3898 690 3963 narrandis
726 3899 845 3976 utitur,
882 3898 908 3963 si
943 3898 1069 3985 quidem
1104 3922 1139 3963 ea
1175 3898 1384 3964 accusativum
1414 3907 1546 3983 regunt,

531 4043 620 4105 saepe
652 4043 721 4084 eum
757 4019 963 4084 accusativum
996 4019 1102 4084 eodem
1136 4019 1229 4084 modo
1264 4019 1447 4104 praeponit,
1482 4040 1547 4083 non

531 4162 602 4203 vero
633 4139 801 4224 genitivum
832 4161 1018 4224 praeponere
1046 4138 1140 4216 solet,
1166 4139 1220 4224 qui
1243 4138 1358 4223 pariter
1381 4160 1450 4202 cum
1475 4137 1548 4202 sub·

532 4259 666 4324 stantivo
681 4259 862 4343 insequente
878 4266 982 4344 posset
1001 4258 1160 4343 conjungi:
1177 4257 1356 4343 hujusmodi
1374 4255 1488 4321 suntV
1502 4259 1545 4320 45

620 4379 669 4444 τὸν
692 4379 746 4456 μὲν
768 4376 814 4458 άρ’
839 4378 995 4456 Ἰδομενεὺς
1019 4377 1196 4458 δουρικλυτὸς
1220 4377 1311 4458 ἔγχεϊ
1331 4377 1433 4458 μακρῷ

621 4496 696 4582 νύξ’,
721 4494 817 4563 ἵππων
839 4497 1067 4577 ἐπιβησόμενον,
1090 4497 1171 4562 κατὰ
1194 4494 1283 4573 δεξιὸν
1305 4491 1391 4574 ὦμον·
