3767 5534
899 761 959 821 211

607 961 664 1027 Καὶ
688 962 839 1037 Σολύμους
862 960 997 1041 ἔπεφνεν.

609 1076 848 1155 Διασοιτοίσομαί
868 1079 893 1142 οἱ
915 1077 999 1157 μθρον
1021 1078 1089 1155 ἐγώ.
1183 1102 1187 1112 ·

612 1198 671 1263 Τθν
694 1197 720 1261 δ’
743 1200 772 1263 ἐν
797 1198 953 1276 Οὐλύμπῳ
975 1196 1089 1276 φάτναι

611 1315 697 1390 Ζννὸς
721 1317 849 1394 ἀρχαῖαι
872 1314 1018 1394 δέχονται.

815 1443 852 1499 Σ.
874 1434 908 1497 ε’.
954 1442 990 1499 Κ.
1013 1435 1064 1497 ια’.

611 1551 685 1629 Ἐμὲ
708 1551 733 1614 δ’
755 1551 836 1616 εὐθὺν
859 1547 986 1615 οὶκθντων
1011 1549 1092 1615 ἱέντα
1115 1554 1181 1629 ῥομ-

652 1669 706 1747 βον
728 1667 811 1747 ταρθι
833 1666 939 1732 σκοτθν
961 1668 992 1731 οὐ
1014 1668 1074 1746 χρὴ

607 1788 659 1851 Te
681 1786 781 1851 πολλοὶ
803 1785 900 1862 βέλεα
923 1785 1071 1865 καρτύνειν
1092 1791 1199 1863 χεροῖν.
1381 1787 1442 1846 135

609 1905 735 1976 Μοθσαις
759 1902 818 1984 γὰρ
841 1902 1041 1982 ἀγλαοθρόνοις
1064 1902 1132 1966 ἑκὼν

615 2021 858 2099 'necessumst
880 2020 909 2085 τ’
933 2020 1008 2097 ἔβαν
1032 2020 1173 2101 ἐπίκουρος

608 2140 729 2219 Ἰσθμοῖ,
744 2138 785 2205 τοὶ
799 2138 826 2205 τ’
846 2140 875 2203 ἕν
890 2139 1006 2221 Νεμέα.
1023 2138 1128 2218 Παθρῳ
1144 2137 1167 2201 δ’
1183 2137 1245 2202 ἔτει
1261 2138 1308 2211 θή-

655 2284 696 2323 σω
719 2255 821 2337 φανέρ’
843 2256 932 2335 ἁθρό’,
959 2257 1036 2321 αλκ·

653 2377 701 2449 Aa
724 2375 757 2440 τέ
780 2398 827 2452 ροοι
850 2372 960 2452 ἔξορκος
983 2373 1072 2437 ἕτέσ-

657 2512 759 2557 σεται·
783 2491 951 2568 ἑξηκοντάκι
973 2492 1034 2568 γαρ

615 2609 834 2693 Ἀμφοτέριοθεν
855 2610 1010 2687 attv'yscc-

464 2825 521 2876 130.
547 2826 725 2890 διασωπάσομαί
749 2830 770 2875 oi
795 2832 866 2893 ριθρον
890 2829 944 2887 ἐγώ.
979 2823 1018 2872 Itu
1044 2822 1099 2872 Ald.
1125 2822 1193 2872 Gott.
1220 2822 1297 2871 Mosc.
1314 2823 1350 2881 A,
1369 2822 1447 2872 Vutio.

431 2919 485 2969 Per.
504 2921 541 2979 A,
558 2921 620 2985 Aug.
637 2921 672 2980 B,
690 2918 741 2968 cis.
758 2922 783 2968 et
799 2918 824 2967 in
841 2918 955 2967 lemmate
972 2917 1041 2967 Uret.
1058 2916 1081 2964 D
1098 2915 1184 2965 scholii
1202 2916 1297 2965 veteris.
1331 2916 1360 2965 In
1377 2916 1448 2966 Uret.

431 3015 453 3063 B
475 3014 575 3079 aliisque
599 3016 777 3080 διασωπάσομαι
800 3016 863 3081 αὐτῷ
885 3019 967 3083 μόρονε
992 3012 1017 3061 in
1040 3011 1104 3077 Lips.
1123 3012 1316 3076 διασιωπάσορκαι.
1351 3012 1380 3060 In
1398 3012 1451 3060 aliie

432 3110 597 3175 διασιράσοραι
614 3113 676 3176 αὐτῷ
694 3117 777 3179 μόραι
795 3113 821 3159 et
838 3108 872 3158 sic
890 3108 967 3158 edidit
983 3107 1101 3172 Heynius.

466 3203 523 3253 133.
548 3210 658 3274 ἀρχαῖαι.
693 3204 732 3254 Sic
755 3205 807 3254 Pel.
832 3202 865 3263 G,
889 3204 945 3252 Aid.
968 3203 1036 3253 Gott.
1059 3203 1115 3252 Per.
1139 3202 1174 3260 A,
1199 3201 1277 3251 Vstic.
1295 3201 1390 3265 aliique.
1424 3201 1453 3249 In

440 3300 508 3349 Uret.
531 3302 552 3349 A
574 3307 682 3369 ὰρριῖαι,
708 3304 735 3350 01
757 3303 827 3350 notat
851 3299 1022 3349 Schneiderus:
1045 3298 1181 3349 Boeckhius
1199 3298 1222 3347 in
1241 3314 1269 3347 eo
1287 3303 1387 3367 ἀρχαῖαι
1405 3313 1454 3346 esse

433 3394 530 3444 scribit:
547 3394 573 3444 iu
591 3394 659 3445 Uret.
677 3396 698 3444 B
714 3402 814 3465 ἀρχαῖα,
851 3396 922 3445 Rom.
939 3401 1051 3464 ἀρχιϊαι,
1070 3394 1133 3458 quod
1152 3393 1228 3443 edidit
1245 3394 1363 3457 Heynius.

468 3490 525 3539 134.
549 3492 646 3558 ρόριβον.
678 3490 787 3554 Suspicio
811 3494 847 3540 est
872 3490 975 3554 Heynii,
993 3490 1094 3539 fortusse
1111 3488 1263 3538 scribendum
1282 3503 1332 3537 esse
1348 3487 1454 3555 ῥύριβονι

435 3584 577 3648 proesertim
594 3600 668 3649 quum
684 3584 771 3634 habeut
789 3585 938 3649 Hesychius:
955 3585 1060 3653 ῥύριβος,
1080 3584 1143 3641 δῖνοι.

469 3678 526 3729 133.
552 3682 656 3736 Μοίσαις.
689 3679 739 3731 Pul.
757 3678 777 3728 C
795 3682 916 3744 μοιόαισι,
935 3680 1046 3744 idemque
1063 3680 1151 3729 lemme
1169 3678 1254 3728 scholii
1272 3677 1366 3727 veteris.

470 3773 526 3823 lss.
552 3776 613 3825 ᾶαὼν.
634 3774 672 3823 Its
688 3774 811 3838 Heynius‚
831 3791 859 3825 ex
877 3775 960 3835 libris,
980 3779 1007 3824 ut
1025 3774 1104 3825 credo.
1117 3775 1146 3823 Iu
1160 3775 1228 3824 Gott.
1240 3774 1295 3823 Ald.
1308 3774 1407 3837 aliisque
1420 3776 1458 3822 est

437 3871 515 3933 εῖιιιιν,
534 3868 607 3917 etium
624 3868 650 3918 in
667 3868 719 3918 Pul.
737 3869 773 3929 C,
791 3885 846 3919 cum
863 3869 941 3933 glossa
959 3870 1019 3920 ἑκών.
1038 3870 1067 3918 In
1085 3868 1153 3919 Uret.
1170 3870 1192 3917 A
1211 3874 1278 3935 ἔνων,
1297 3869 1322 3917 in
1336 3868 1356 3916 B
1368 3874 1421 3920 ἔκων
1433 3871 1458 3917 et

438 3966 508 4013 οἴκων.
525 3962 553 4011 Iu
571 3962 662 4012 scholio
679 3963 826 4013 recentiore:
838 3972 891 4022 ταῖς
902 3966 1003 4021 Μώσαις
1017 3968 1139 4029 -εἴκων,
1153 3969 1205 4023 ἤτοι
1217 3966 1318 4027 ὑπείκων,
1334 3964 1459 4033 ὑπηρετῶν.

373 4119 376 4124 ¹
472 4057 527 4106 141.
553 4062 607 4126 γὰρ.
640 4058 696 4108 Ald.
714 4059 770 4108 Got.
788 4059 843 4109 Per.
862 4061 895 4119 A,
914 4060 966 4109 Pal.
984 4059 1018 4118 Ο,
1035 4060 1112 4110 Mose.
1130 4062 1163 4119 A,
1181 4062 1242 4123 Aug.
1263 4060 1298 4118 B,
1312 4060 1389 4108 Vstic.
1404 4059 1454 4108 Ciu.

438 4148 527 4199 hebent
543 4150 564 4200 δ’
581 4166 625 4215 pro
645 4156 699 4219 γὰρ.
733 4152 869 4202 Boeckhius
885 4168 930 4217 pro
949 4170 977 4203 eo
995 4153 1070 4204 edidit
1089 4155 1132 4215 δὴ,
1149 4154 1178 4203 de
1195 4153 1347 4217 conjecturs:
1367 4157 1392 4202 et
1410 4169 1458 4202 sus-

439 4243 497 4293 tulit
512 4244 732 4309 interpunctionem
749 4250 805 4310 post
822 4252 953 4301 ἐπέσσεται.

475 4338 531 4389 142.
555 4344 723 4410 ἀρροσθρωθεν.
758 4341 788 4390 Iu
811 4342 953 4406 quibusdam
975 4343 1083 4394 additum
1107 4347 1143 4393 est
1167 4342 1196 4408 γ’.
1231 4342 1351 4392 Omissum
1379 4342 1458 4391 estin

441 4432 498 4484 uid
521 4433 589 4483 Gott.
607 4435 660 4484 Pur.
678 4436 713 4494 A,
731 4434 782 4486 Pul.
800 4436 834 4494 Ο,
852 4436 930 4487 Vatic.
953 4438 1091 4503 multisque.
1124 4438 1203 4487 utiam
1223 4454 1257 4488 vs.
1275 4438 1305 4487 21
1325 4437 1456 4501 scripturae

443 4528 622 4577 constituendae
640 4529 767 4579 difficultas
784 4534 828 4579 est.

1280 4630 1335 4688 14*
