3767 5534
854 760 916 820 341

379 979 436 1019 σεν.
461 956 554 1037 Quod
579 969 680 1023 autem
703 960 832 1043 legimus
856 960 894 1023 ad
918 961 1049 1026 eundem
1072 984 1192 1028 versum
1217 964 1247 1027 in
1272 954 1387 1029 scholio

378 1084 494 1153 vetere,
526 1077 581 1140 ὑπὸ
604 1078 726 1149 Γέλωνος
750 1079 902 1159 συνῳκίσθη
930 1082 947 1155 ἦ
973 1082 1127 1160 Καμάρννν
1154 1082 1234 1146 md
1256 1084 1307 1156 τὴν
1330 1082 1386 1159 μβῐ

377 1193 590 1271 Ὀλυμπιάδα,
622 1196 658 1267 ὥς
688 1203 761 1274 <bace
792 1199 936 1274 Τίμνννςε
968 1198 1012 1263 ibi
1035 1198 1158 1283 quidem
1181 1199 1308 1264 fortasse
1331 1187 1409 1286 pro⁴

376 1312 433 1389 μβ
463 1314 609 1398 scriptum
645 1315 705 1378 fuit
736 1316 801 1391 νβ’.
848 1316 897 1380 Sic
930 1316 1056 1402 quidem
1088 1317 1125 1382 de
1156 1319 1386 1383 instaurationis

376 1440 511 1517 tempore
534 1455 569 1496 ea
592 1434 654 1497 duo
678 1435 792 1499 scholia
815 1436 894 1499 inter
918 1459 949 1500 se
973 1438 1162 1502 convenient.
1203 1436 1290 1518 Quae
1314 1461 1385 1503 vero

376 1554 409 1615 in
432 1554 597 1637 posteriore
621 1564 719 1619 vetere
742 1555 857 1620 scholio
882 1564 1036 1641 praeterea
1059 1566 1281 1635 memorantur,
1303 1580 1337 1622 aa
1359 1560 1384 1622 si

377 1672 504 1737 velimus
528 1674 667 1758 persequi
691 1684 721 1737 et
744 1676 918 1759 exquirere,
943 1699 1025 1739 nunc
1049 1675 1173 1759 quidem
1197 1675 1383 1741 abducamur

377 1815 395 1853 a
423 1793 595 1877 proposito:
629 1794 803 1878 praesertim
828 1817 925 1879 quum
951 1795 996 1858 vel
1019 1794 1161 1858 mutilata
1185 1794 1232 1858 vel
1256 1794 1381 1859 confusa

377 1933 439 1974 esse
463 1912 510 1975 vel
533 1912 641 1975 inscite
664 1914 777 1997 scripta
800 1936 864 1975 esse
889 1913 1059 1977 videantur.

421 2032 512 2116 Apud
542 2030 752 2116 Thucydidem
776 2032 811 2095 L.
837 2032 883 2095 VI
908 2035 925 2094 5
952 2032 989 2095 de
1012 2033 1181 2117 originibus
1205 2032 1382 2096 Camarinae

375 2149 478 2223 eadem
501 2150 630 2234 legimus
654 2159 744 2234 atque
768 2150 850 2235 apud
874 2150 1052 2214 scholiastes
1068 2150 1211 2215 Pindari:
1228 2150 1380 2215 conditam

375 2290 439 2333 esse
470 2294 487 2332 a
518 2269 712 2355 Syracusanis
745 2267 824 2335 anno
850 2279 919 2356 post
942 2272 1022 2356 ipsas
1045 2270 1208 2355 Syracusas
1231 2271 1293 2334 fere
1316 2293 1383 2334 een-

374 2389 482 2453 tesimo
512 2389 667 2473 trigesimo
697 2392 822 2474 quinto:
856 2391 909 2474 qui
934 2399 1073 2454 estante
1097 2389 1131 2454 C.
1156 2389 1196 2453 N.
1223 2391 1303 2467 598,
1328 2387 1378 2453 01.

374 2507 481 2571 LVII:
507 2509 690 2572 destructam
714 2533 778 2573 esse
803 2519 907 2593 postea
930 2532 948 2571 a
968 2508 1172 2593 Syracusanis
1212 2508 1382 2572 Posteriore

375 2634 508 2710 tempore
540 2627 755 2712 Hippocratem
790 2628 881 2691 Gelae
905 2635 1068 2711 tyrannum
1091 2650 1145 2712 pro
1169 2628 1266 2713 pretio
1291 2627 1383 2711 capti-

374 2768 478 2809 vorum
510 2746 764 2829 Syracusanomm
792 2747 942 2830 accepisse
965 2755 1075 2810 terram
1099 2746 1378 2823 Camarinensium,

374 2874 464 2949 etque
489 2865 592 2930 urbem
617 2866 810 2929 instaurasse.
836 2864 952 2928 Rursus
976 2865 1101 2929 eandem
1122 2864 1271 2929 aGelone
1287 2871 1383 2928 vasta-

374 2992 451 3060 tam,
474 2986 565 3049 tertio
589 3008 605 3047 a
629 2986 746 3049 Gelone
769 2987 966 3050 constitutam
990 3008 1063 3050 esse.
1088 2985 1203 3049 Verum
1227 2984 1382 3048 Diodorus

373 3079 510 3181 Siculus,
536 3104 571 3168 L.
597 3104 644 3167 XI
662 3108 724 3182 76,
743 3104 933 3169 Camerinam
950 3127 967 3168 a
983 3105 1087 3169 Gelois
1103 3106 1300 3169 constitutam
1317 3127 1381 3168 csse

373 3212 477 3287 scribit
501 3233 532 3287 et
554 3223 591 3286 de
615 3246 804 3308 novo.agros
824 3223 1006 3288 distributos
1023 3220 1073 3286 Ol.
1090 3220 1226 3285 LXXIX
1244 3244 1324 3286 anno
1340 3226 1379 3285 t:

374 3342 472 3406 utitur
495 3341 599 3405 eodem
625 3343 714 3407 verbo
738 3351 830 3426 atque
854 3344 885 3406 in
909 3366 945 3406 ea
968 3365 999 3406 re
1022 3331 1234 3426 Thucydides,
1258 3343 1382 3407 κντννκί-

372 3461 436 3541 ζειν.
484 3460 678 3547 Quapropter
708 3463 856 3526 assentior
883 3483 1064 3546 magnopere
1088 3461 1160 3524 viris
1184 3461 1298 3538 doctis,
1323 3460 1378 3545 qui

372 3580 453 3668 apud
484 3579 711 3664 Thucydidem,
743 3580 797 3644 ubi
819 3580 967 3664 scriptum
992 3587 1054 3643 est:
1080 3578 1128 3643 aa>
1152 3575 1230 3649 abac
1254 3580 1308 3643 ὑπὸ
1331 3578 1399 3675 Γέ-Δ

371 3714 456 3771 λωνος
480 3699 646 3771 ἀνάστατος
670 3701 825 3775 γενομένη,
853 3699 886 3762 τὸ
909 3700 1001 3777 τρίτον
1024 3698 1185 3777 κατῳκίσθη
1210 3696 1264 3759 ὑπὸ
1290 3696 1383 3760 Γέλω-

371 3841 432 3888 ννς;
458 3817 620 3902 legendum
644 3826 771 3902 putant:
798 3819 852 3882 ὑπὸ
874 3818 1000 3882 rander.
1026 3815 1145 3896 Quodsi
1176 3816 1233 3879 hoc
1257 3837 1319 3879 non
1343 3837 1379 3879 eu

373 3936 516 3999 historiae
546 3937 720 4000 testimonio
749 3935 939 3999 efficiendum
962 3942 1043 4011 crat,
1068 3941 1167 3998 tamen
1192 3934 1259 4018 ipsa
1281 3933 1377 3996 oratio

372 4054 562 4139 Thucydidis
578 4055 818 4119 emendationem
835 4054 995 4118 videbatur
1008 4054 1095 4138 quasi
1109 4054 1276 4137 requirere:
1294 4075 1379 4129 nam,
1404 4094 1406 4099 -
1488 4106 1491 4114 .

372 4172 397 4234 si
419 4171 451 4235 id
476 4172 614 4255 quidem,
640 4172 723 4257 quod
748 4175 894 4258 scriptum
919 4181 978 4249 est,
1005 4173 1104 4236 dicere
1128 4171 1279 4247 voluerat,
1297 4178 1377 4234 certe

372 4291 541 4374 scripturus
573 4291 665 4354 fuisse
697 4291 832 4355 videtur:
858 4292 913 4355 ὑπὸ
935 4297 986 4355 τοῦ
1010 4293 1098 4355 αὐτοῦ
1121 4291 1254 4360 Γέλωνος.
1302 4288 1379 4352 Gelo

372 4416 473 4472 autem
496 4409 572 4474 obiit
595 4408 645 4472 Ol.
668 4409 787 4472 LXXV
811 4434 837 4473 a.
863 4413 900 4473 3:
926 4410 1017 4473 Diod.
1041 4408 1099 4473 Sic.
1125 4408 1172 4471 XI
1196 4410 1247 4470 26.
1279 4406 1318 4470 Et
1342 4406 1379 4469 de

375 4529 541 4592 instaurata
573 4529 609 4590 ab
633 4529 835 4617 Hippocrate,
868 4553 886 4592 a
912 4528 1029 4597 Gelono
1054 4549 1123 4591 vero
1147 4526 1299 4593 destructa
1324 4524 1380 4589 Ca·
