3767 5534
906 701 946 762 59

484 904 565 971 mons
576 904 640 980 hic,
654 904 680 968 si
692 902 878 968 attendimus
890 900 1028 987 singula,
1040 900 1214 987 praeclarus
1225 900 1259 968 in
1271 898 1376 985 primis
1388 903 1435 962 est

455 1024 518 1088 atad
533 1023 655 1088 Pindari
675 1022 856 1108 sapientiam
874 1020 1105 1105 intelligendam
1126 1018 1309 1085 uberrimus.
1337 1015 1433 1095 Nam,

454 1150 584 1227 postquam
599 1149 703 1207 totum
718 1141 890 1226 posuimus,
909 1140 1128 1224 perspicimus,
1145 1138 1221 1223 quid
1237 1137 1277 1201 sit
1288 1136 1338 1213 id,
1351 1133 1434 1220 quod

453 1258 518 1325 initio
530 1262 660 1345 positum
677 1267 755 1338 erat,
773 1281 844 1324 cnm
859 1259 968 1324 decore
984 1259 1062 1323 ferre
1077 1280 1164 1322 suam
1181 1257 1244 1321 sive
1260 1275 1432 1341 prosperam

453 1376 497 1442 sire
514 1378 664 1444 adversam
686 1379 842 1443 fortunam
865 1383 896 1441 et
918 1377 1026 1461 pulcra
1049 1382 1164 1440 vertere
1188 1381 1282 1439 extra
1322 1371 1435 1437 Noluit

453 1497 530 1581 appeti
548 1497 699 1575 absentia,
724 1497 884 1561 contemtis
904 1517 984 1579 quae
1003 1494 1130 1560 habeas:
1151 1493 1254 1557 noluit
1271 1492 1304 1556 in
1323 1512 1434 1575 magna

451 1610 546 1679 launna
567 1616 667 1700 optari
689 1616 834 1700 majorem
862 1615 1023 1699 omnisque
1044 1613 1139 1678 cladis
1154 1613 1337 1689 immunem,
1355 1631 1434 1694 quae

452 1727 641 1798 inhominem
664 1733 772 1797 cadere
794 1755 856 1797 non
879 1741 999 1818 posset:
1025 1732 1079 1797 sed
1101 1754 1225 1799 suarum
1249 1753 1352 1796 rerum
1376 1728 1435 1794 sibi

452 1853 580 1917 auscium
610 1860 642 1916 et
672 1853 894 1937 intelligentem
926 1854 1024 1917 facere
1054 1852 1087 1915 id
1117 1852 1201 1936 quod
1233 1852 1348 1936 possis,
1381 1851 1436 1916 τὰν

452 1963 592 2049 ἔμπρακτον
622 1973 741 2036 ἀντλεῖν
768 1972 929 2052 craxanda:
955 1977 1129 2036 convertere
1154 1978 1257 2035 autem
1280 1970 1313 2034 in
1337 1969 1436 2034 lucem

451 2089 473 2146 tt
490 2089 726 2154 exercitationem
750 2111 816 2154 eam
839 2089 980 2154 fortunae
1002 2097 1135 2175 partem,
1157 2112 1236 2173 qnae
1256 2089 1294 2153 ed
1314 2088 1438 2153 landem

449 2201 616 2292 gloriamque
639 2207 790 2292 pertinere
813 2207 919 2293 possit.
962 2208 1001 2273 In
1023 2230 1124 2273 rerum
1149 2208 1359 2273 mediocritate
1379 2229 1440 2271 me·

449 2318 597 2391 liooritatis
625 2325 706 2391 bona
729 2327 866 2411 sequaris
890 2335 921 2392 et
943 2349 1071 2412 augeas:
1097 2327 1205 2392 altiore
1227 2327 1295 2391 lccc
1318 2326 1438 2411 positus

447 2444 543 2528 majora
569 2444 717 2529 perficias.
758 2446 879 2529 Atque,
903 2468 1001 2529 quum
1024 2446 1123 2510 omnis
1148 2446 1281 2509 humana
1304 2444 1440 2509 conditio

446 2559 477 2625 sit
502 2563 676 2642 mutabilis,
708 2586 765 2629 neo
788 2586 899 2649 magna
920 2565 1046 2630 fortuna
1067 2566 1164 2629 soleat
1187 2586 1252 2629 esse
1275 2564 1441 2643 diuturna,

443 2676 476 2745 ita
491 2683 632 2748 exhibeas
651 2682 805 2748 meliorem
826 2691 960 2767 partem,
980 2691 1015 2747 ut
1035 2691 1193 2748 convertas
1209 2684 1241 2748 in
1257 2685 1443 2769 perpetuita-

441 2805 492 2865 tem
513 2802 563 2880 id,
588 2801 672 2885 quod
695 2824 751 2865 sua
772 2809 883 2867 natura
905 2825 969 2867 non
988 2804 1029 2867 sit
1048 2810 1248 2888 perpetuum,
1269 2816 1299 2868 et
1319 2801 1442 2867 laudem

439 2918 488 2983 tibi
516 2943 605 3005 pares
636 2943 673 2985 ex
703 2943 756 2998 eo,
789 2921 872 3005 quod
903 2922 1070 3005 aliquando
1094 2923 1204 2999 etiam,
1227 2921 1288 2985 nisi
1311 2921 1440 2998 caverit,

437 3038 599 3122 sapientem
628 3040 742 3103 vinxit:
774 3039 1032 3124 quemadmodum
1057 3040 1278 3126 Aesculapium
1301 3040 1368 3104 anri
1393 3061 1444 3103 111-

436 3156 503 3239 pido
520 3158 683 3242 pervertit:
699 3158 723 3241 1)
742 3157 801 3222 hcc
821 3157 894 3223 boni
913 3158 970 3222 viri
990 3167 1054 3237 est,
1074 3180 1174 3243 neque
1192 3181 1264 3223 sane
1284 3158 1361 3222 tales
1380 3165 1442 3222 tem

435 3275 556 3341 decoros
578 3298 678 3340 mores
698 3277 785 3361 sequi
804 3275 893 3341 stulti
912 3284 1052 3361 possunt.
1088 3277 1185 3363 Onjns
1205 3278 1250 3341 rei
1270 3277 1443 3362 exemplum

433 3393 496 3479 ipsa
518 3394 689 3458 admonitio
711 3402 774 3472 est,
799 3416 896 3479 quum
916 3394 1046 3459 Hieroni
1065 3394 1207 3473 suadeat,
1228 3393 1383 3480 quomodo
1404 3395 1445 3458 sit

432 3511 460 3575 ci
484 3512 635 3576 utendum
659 3512 785 3577 divitiis.
833 3511 926 3593 Quid·
941 3512 1080 3598 pulcrius
1104 3519 1227 3578 aeterna
1249 3513 1352 3578 fama?
1375 3514 1446 3597 quis

432 3631 634 3716 praestantior
665 3631 841 3697 divitiarum
872 3655 947 3697 usus
979 3654 1072 3716 qnam
1102 3633 1129 3695 si
1159 3633 1198 3696 ad
1225 3634 1390 3697 cert-emina
1418 3640 1447 3697 et

428 3748 572 3813 victorias
603 3750 817 3828 conferantur,
848 3750 1077 3836 praebeantque
1108 3751 1151 3815 sio
1181 3752 1279 3836 poetis
1303 3752 1444 3817 eximiam

433 3866 562 3932 canendi
589 3867 769 3932 materiem?
792 3868 865 3933 Huc
886 3876 1009 3933 revocat
1032 3870 1112 3953 regis
1136 3869 1290 3947 animum,
1313 3870 1444 3936 salutem

432 3986 556 4049 omnino
581 3986 646 4070 ejus
669 3987 771 4051 animo
794 3988 947 4065 adferens,
973 3988 1188 4055 commendans
1208 3988 1444 4065 continentiam,

431 4102 522 4188 longe
545 4102 697 4187 longeque
721 4128 739 4169 a
761 4106 878 4171 desidia
900 4115 1063 4185 remotam,
1088 4107 1140 4171 sed
1158 4113 1330 4192 temperans
1351 4107 1444 4171 simul

433 4227 463 4285 et
485 4222 620 4286 excitans
643 4231 674 4287 et
696 4247 803 4309 regens
826 4224 930 4291 studia
949 4226 1031 4290 etin
1050 4224 1142 4291 lende
1161 4225 1274 4310 pariter
1291 4224 1443 4292 collocans

466 4484 492 4543 1)
512 4484 583 4534 Gonf.
598 4501 653 4550 paq.
671 4486 711 4537 2⁰.
812 4517 814 4521 .
