3767 5534
831 734 894 798 329

538 935 637 1016 δάφνᾳ
659 960 691 998 τε
713 933 826 1016 χρυσέα
847 935 941 1013 κόρους
964 936 1171 1010 ἀναδήσαντες.

360 1052 401 1115 Et
423 1053 493 1117 Deli
515 1054 625 1119 olivam
644 1056 708 1140 jam
730 1055 972 1120 memoravimus.
1012 1055 1059 1118 De
1084 1076 1144 1138 qua
1167 1054 1256 1117 etiam
1282 1050 1362 1137 apud

361 1171 539 1258 Euripidem
561 1181 607 1237 est

668 1330 712 1341 —
732 1294 872 1373 ’Ἄρτεμιν
895 1294 1019 1375 λοχίαν,

624 1408 645 1476 ἃ
668 1412 750 1492 παρὰ
772 1411 884 1477 Κύνθιον
906 1410 990 1492 ὄχθον
1012 1414 1097 1487 οἰκεῖ,

625 1528 741 1610 φοίνικα
764 1529 789 1594 d’
812 1530 981 1610 ἁβροκόμαν

625 1649 740 1729 δάφναν
762 1652 789 1714 τ’
812 1653 925 1731 εὐερνέα
948 1650 997 1715 καὶ

623 1773 762 1844 γλαυκοῖο
785 1768 891 1833 θαλλὸν
914 1770 969 1849 ἱρὸν
993 1768 1106 1838 ἐλαίας.

359 1882 462 1968 Iphig.
486 1884 521 1947 T.
549 1888 643 1950 1097.

405 2007 457 2068 32.
492 2003 572 2080 ξυνὸν
594 2007 754 2087 ἀνθρώποις.
791 2006 886 2092 Cujus
908 2007 1016 2071 umbra
1040 2008 1143 2071 cuncti
1167 2006 1238 2070 laeti
1257 2006 1364 2069 forent.

406 2126 457 2187 33.
492 2125 542 2199 ἤδη
566 2127 634 2205 γὰρ.
670 2124 717 2189 De
740 2127 890 2190 institutis
913 2128 974 2190 aris
998 2127 1135 2210 festoque
1158 2147 1243 2190 sacro
1259 2134 1289 2189 et
1305 2124 1367 2210 ple-

360 2243 478 2307 nilunio
510 2245 767 2329 praestantissima
796 2245 922 2310 Pindari
951 2248 1083 2310 narratio
1114 2256 1161 2309 est
1183 2244 1233 2308 01.
1258 2244 1287 2307 X
1312 2247 1363 2307 51.

362 2362 503 2427 Instituit
536 2370 687 2427 certarnen
722 2364 887 2442 Hercules,
924 2374 959 2428 ut
992 2364 1035 2431 ibi
1069 2365 1213 2443 traditur,
1249 2364 1366 2428 devicto

364 2484 483 2567 Augea:
520 2484 573 2568 qui
607 2472 702 2567 quum
735 2483 903 2548 mercedem
936 2484 1010 2548 dare
1040 2484 1206 2561 noluisset,
1238 2482 1365 2567 patriam

363 2605 428 2687 ejus
462 2603 532 2686 igne
566 2603 705 2687 ferroque
738 2602 885 2667 Hercules
916 2602 1050 2689 perdidit
1078 2604 1241 2688 ipsumque
1271 2609 1367 2667 morte

363 2720 492 2805 punivit.
531 2719 632 2784 Labor
655 2743 741 2799 vero,
766 2719 852 2806 cujus
876 2721 1045 2786 mercedem
1069 2720 1120 2785 ille
1143 2744 1205 2786 non
1228 2720 1370 2797 dederat.

362 2839 422 2903 fnit
452 2839 579 2903 Herculi
610 2840 775 2925 septimus,
807 2849 844 2904 ut
874 2849 920 2904 est
947 2842 979 2905 in
1004 2840 1190 2924 Anthologia
1212 2839 1368 2903 Planudea

364 2957 399 3022 L.
423 2957 470 3021 IV
494 2960 535 3021 92

495 3076 615 3154 ἕβδομον
638 3080 763 3154 Αὐγείου
787 3080 896 3150 πολλὴν
919 3080 1020 3159 κόπρον
1043 3078 1217 3158 ἐξεκάθνρεν.

364 3193 500 3274 Quartus
523 3218 592 3259 vcro
615 3197 713 3260 fuerat
736 3199 854 3261 venatio
878 3220 999 3275 cervae,
1024 3207 1059 3263 ut
1083 3207 1127 3263 eat
1149 3197 1262 3262 ibidem

449 3314 626 3394 χρυσόκερων
648 3314 759 3395 ἔλαφον
782 3318 863 3393 μετα
884 3321 971 3382 ταῦτ’
994 3318 1115 3397 ἤνρευσε
1137 3319 1282 3397 τέταρτον.

364 3432 525 3497 Existimat
555 3443 658 3497 autem
681 3434 838 3518 Heynius,
866 3404 1037 3500 Pindarum
1060 3435 1195 3499 ordinem
1220 3442 1368 3529 mutasse,

365 3562 394 3617 et
425 3560 494 3637 post
522 3554 667 3649 Angeamx
684 3554 836 3617 devictum
861 3565 891 3618 et
913 3556 1025 3619 festum
1048 3555 1225 3619 institutum
1248 3555 1370 3618 heroem

364 3671 402 3734 ad
424 3693 543 3735 cervam
566 3672 743 3755 capiendam
767 3673 886 3764 abiisse.
934 3672 1026 3753 Quod
1049 3696 1112 3737 non
1135 3674 1179 3736 ita
1202 3681 1256 3736 est.
1299 3671 1370 3734 Duo

364 3791 487 3854 fuerunt
520 3790 688 3855 secundum
720 3792 887 3855 Pindarum
918 3793 1059 3856 Herculis
1090 3792 1128 3856 ad
1160 3760 1370 3876 Hyperboreos

363 3910 480 3973 itinera.
525 3909 681 3974 Institutis
711 3912 770 3973 aris
801 3912 940 3996 festoque
971 3912 1049 3975 vidit
1080 3910 1244 3987 Herculea,
1269 3910 1370 3973 locum

362 4051 426 4093 ease
457 4029 592 4106 nudum,
628 4053 757 4114 cumque
788 4032 947 4095 arboribus
979 4032 1130 4095 consitum
1151 4041 1224 4094 'csse
1255 4028 1370 4091 voluit:
1461 4111 1464 4116 .

362 4146 475 4211 idcirco
498 4170 584 4224 enm,
616 4172 648 4210 vs
672 4152 729 4225 45,
755 4150 787 4223 δὴ
811 4149 873 4213 ro'r·⁹
894 4150 1013 4214 animus
1037 4149 1161 4234 impulit
1183 4157 1219 4212 ut
1242 4147 1281 4210 ad
1308 4145 1371 4230 Hy-

363 4266 578 4349 perboreorum
608 4267 761 4350 regionem
791 4269 1029 4352 proficisceretur
1060 4276 1091 4331 et
1121 4266 1190 4331 inde
1218 4271 1370 4349 praestan·

366 4384 496 4447 tissimas
521 4383 640 4447 arbores
664 4392 792 4468 peteret,
818 4409 893 4470 quas
914 4387 958 4451 ibi
975 4388 1059 4470 prius
1075 4386 1240 4449 admiratus
1256 4384 1369 4461 fuerat,

368 4525 463 4586 quum
494 4504 525 4566 in
556 4502 610 4566 illa
639 4502 705 4567 loca
728 4505 858 4569 venisset
882 4528 995 4569 venans
1018 4527 1134 4570 cervam
1157 4503 1297 4569 cornibus
1321 4525 1372 4566 au·
