3767 5534
932 704 972 764 82

446 901 585 967 talium.’'
603 904 626 987 ¹)
659 903 784 969 Incusat
816 927 888 989 ergo
911 904 1059 968 hocloco
1084 906 1149 991 ejus
1172 905 1371 984 suavitatem,
1396 928 1460 991 qua

446 1023 555 1086 veritas
579 1023 738 1087 obscurata
766 1023 867 1087 1110111.
916 1023 957 1086 nt
980 1045 1051 1087 1010
1074 1023 1270 1088 memorabile
1294 1031 1357 1103 est,
1383 1046 1460 1109 quo·

445 1143 535 1207 modo
567 1144 703 1207 incuset:
736 1166 806 1207 nam
837 1144 973 1227 proxime
1004 1143 1076 1208 huic
1106 1143 1173 1207 loco
1197 1144 1366 1208 carminum
1391 1144 1459 1229 qui-

443 1262 512 1326 dem
535 1262 662 1347 gloriam
699 1262 817 1326 dixerat
839 1285 904 1326 esse
927 1285 1079 1327 summum
1103 1263 1241 1328 laborum
1265 1264 1456 1349 praemium,

444 1383 496 1446 sed
527 1382 618 1446 simul
650 1384 740 1446 sortis
764 1382 914 1446 humanae
937 1383 1133 1462 meminerat,
1158 1390 1188 1447 et
1211 1384 1363 1468 sapientes
1387 1407 1454 1469 pro

444 1502 544 1568 videre
567 1503 723 1580 futurum,
748 1524 914 1587 omnesque
930 1502 1068 1567 homines
1084 1502 1123 1566 ad
1138 1509 1266 1567 mortem
1278 1502 1415 1568 tendere.
1429 1504 1456 1589 2)

442 1622 565 1687 Scilicet
587 1623 646 1687 hoc
668 1646 775 1687 rursus
799 1629 846 1687 est
867 1622 1042 1688 meminisse
1058 1622 1194 1686 veritatis
1210 1645 1338 1708 eamque
1354 1625 1453 1709 sequi.

441 1742 612 1822 Homerus,
641 1766 817 1829 quanquam
848 1743 928 1807 vitae
959 1743 1138 1809 brevitatem
1163 1752 1193 1807 et
1215 1743 1453 1809 inconstantiam

442 1866 567 1943 cecinit,
591 1873 711 1943 tamen,
736 1873 772 1929 ut
795 1865 964 1929 secundum
980 1864 1149 1929 Pindarum
1167 1864 1283 1942 dicam,
1301 1864 1369 1949 ipsa
1385 1886 1454 1950 cap

440 1986 525 2064 tavit
546 1985 715 2071 praesentia
746 1992 776 2049 et
807 1984 925 2069 placere
948 1985 1003 2063 iis,
1029 1984 1083 2070 qui
1106 1992 1173 2049 tum
1196 2006 1265 2048 enm
1290 1983 1452 2062 audirent,

440 2128 552 2191 eosque
587 2105 738 2170 oblectare
772 2104 887 2184 voluit,
920 2104 1179 2191 quemadmodum
1213 2103 1295 2190 apud
1330 2105 1451 2190 ipsum:

438 2226 549 2303 „illum
572 2226 651 2290 enim
676 2234 800 2290 cantum
823 2225 1016 2311 potissimum
1040 2225 1177 2289 homines
1201 2224 1373 2304 celebrant,
1395 2225 1451 2310 qui

439 2344 596 2409 audientes
618 2344 802 2409 novissimus
826 2343 1094 2429 011011010001.”3)
1130 2343 1189 2407 Sed
1213 2343 1364 2409 Pindarus
1380 2367 1450 2430 pro-

438 2466 537 2549 spexit
559 2464 692 2549 1003101.
738 2463 917 2543 „Posteri,”
941 2464 1058 2549 inquit,
1081 2463 1168 2543 „dies
1192 2471 1265 2527 sunt
1287 2469 1382 2527 testes
1403 2486 1449 2527 sa·

438 2581 687 2668 pientissimi.’'4)
730 2583 770 2647 Et
800 2584 860 2647 alio
887 2561 971 2648 loco:
996 2591 1140 2669 „tempus
1164 2582 1263 2648 solum
1287 2584 1448 2647 veritatem

438 2703 602 2768 vindicat.”
614 2706 638 2788 ὁ)
685 2703 837 2789 Ideoque,
862 2704 946 2789 quod
970 2712 1093 2768 secutus
1110 2711 1156 2768 est
1171 2704 1347 2782 veritatem,
1364 2726 1449 2790 speo-

436 2825 513 2889 tavit
536 2824 695 2889 Musarum
719 2823 996 2903 immortalitatem,
1022 2846 1118 2909 eaque
1142 2825 1301 2909 praeconia
1324 2824 1447 2909 putavit

435 2954 574 3025 aeterua,
606 2968 684 3030 quae
714 2952 815 3008 esseut
844 2944 921 3008 bene
953 2952 983 3008 et
1012 2945 1045 3008 in
1070 2943 1292 3009 benemeritos
1316 2944 1446 3009 collata:

434 3066 466 3129 in
490 3087 587 3150 eoque
606 3065 705 3149 ipsum
724 3062 1064 3141 Homerumlaudavit,
1082 3063 1165 3147 quod
1181 3063 1282 3148 Ajacis
1298 3062 1447 3128 invidiam

435 3192 675 3270 compensasset,
700 3185 826 3269 ejusque
849 3183 994 3247 virtutem
1019 3184 1177 3247 excitasset·
1193 3205 1228 3247 ac
1243 3176 1377 3269 posteris
1389 3193 1449 3248 tra·

435 3303 579 3368 didisset:
605 3326 704 3388 neque
727 3302 808 3367 enim
830 3302 879 3381 id,
904 3302 989 3387 quod
1012 3302 1081 3387 quis
1105 3303 1329 3381 benedixerit,
1355 3304 1447 3367 inter·

433 3424 550 3489 iturum
574 3446 648 3488 esse.
661 3424 687 3508 6)

898 3588 976 3671 ss.

563 3796 746 3878 Comparatio
770 3796 898 3859 Pindaro
919 3819 983 3859 11111
1006 3795 1107 3860 Poetis
1124 3795 1265 3879 9101111011
1287 3801 1315 3859 et

494 3953 510 3981 ·
816 3938 879 3979 0111
899 3915 1056 3979 Herodoto.

477 4110 641 4173 Poetarum
664 4108 827 4194 praeclara.
841 4109 922 4194 apud
947 4108 1079 4173 Graecos
1101 4108 1205 4172 studia
1219 4131 1361 4193 magnam
1375 4110 1444 4195 jure

432 4253 487 4295 suo
518 4230 684 4316 sapientiae
714 4228 837 4293 laudem
868 4229 1051 4293 invenerunt
1079 4228 1169 4293 etad
1193 4229 1340 4314 optimam
1363 4229 1443 4293 vitae

466 4435 490 4495 1)
506 4434 575 4483 Nem.
594 4433 647 4482 vll.
666 4433 773 4483 29—35.
839 4432 863 4493 2)
881 4432 945 4480 [ted.
964 4429 1069 4480 lo-as.
1138 4432 1162 4493 3)
1181 4430 1262 4497 Odysa.
1280 4432 1302 4481 I.
1320 4431 1377 4481 351.

464 4534 491 4589 4)
511 4532 587 4581 (1.1.
607 4532 676 4580 53..
714 4533 738 4590 t)
758 4530 794 4579 01.
811 4530 841 4579 X.
860 4529 900 4577 ot.
968 4528 993 4589 6)
1011 4527 1071 4577 [sta.
1090 4528 1134 4577 IV.
1153 4528 1192 4579 68.
1210 4528 1281 4577 Cous.
1294 4546 1350 4597 pays
1368 4526 1408 4610 72.
