3767 5534
990 718 1053 779 310

524 929 619 1011 ipsam
642 923 888 1008 temperantiam,
914 923 1009 1005 ipsam
1033 921 1188 984 scientiam
1205 912 1380 1002 intueatur3
1406 926 1536 1010 ejusque

524 1047 589 1109 viae
613 1044 675 1107 dux
697 1043 765 1106 Diis
789 1048 852 1119 est,
876 1042 975 1124 iisque
999 1040 1123 1117 animis,
1149 1064 1227 1125 quae
1250 1042 1297 1105 vel
1317 1044 1431 1128 optime
1448 1044 1534 1108 Deos

524 1170 700 1247 sequantur.
748 1160 926 1245 Euripides,
960 1157 1162 1243 Hesperidum
1196 1160 1314 1225 insulae
1337 1162 1467 1227 laudans
1490 1163 1537 1227 in·

524 1282 639 1364 signem
669 1278 861 1353 felicitatem,
893 1276 937 1340 ibi
969 1297 1091 1359 quoque
1121 1274 1206 1338 Jovis
1238 1276 1326 1339 aedes
1350 1299 1415 1341 esse
1438 1277 1533 1342 dicit:

524 1397 649 1483 Hippol.
685 1400 757 1461 749.
804 1393 891 1475 Quae
922 1402 1026 1457 autem
1057 1393 1094 1457 de
1118 1401 1204 1458 antro
1229 1394 1321 1459 Croni
1344 1397 1461 1460 mentio
1486 1404 1533 1460 est

525 1516 605 1601 apud
625 1514 840 1590 Plutarchum,
860 1512 907 1576 De
923 1511 1023 1575 Vultu
1038 1511 1146 1576 Lunae
1162 1512 1196 1577 G.
1215 1515 1273 1592 26,
1299 1521 1328 1577 et
1345 1514 1392 1577 De
1408 1514 1531 1579 defectu

526 1634 716 1699 oraculorum
741 1631 775 1695 Ο.
803 1634 861 1709 18,
885 1630 1048 1695 tribuenda
1071 1640 1116 1695 est
1140 1633 1232 1696 aetati
1255 1634 1424 1716 posteriori.
1449 1632 1533 1697 Nam

525 1754 578 1819 ille
600 1753 685 1817 locus
708 1774 771 1815 esse
794 1750 907 1814 dicitur
929 1750 1065 1836 quinque
1090 1750 1136 1814 vel
1159 1752 1262 1835 potius
1285 1752 1388 1816 decem
1409 1753 1530 1817 dierum

525 1874 624 1958 spatio
656 1873 737 1936 ultra
766 1871 986 1934 Brittanniam:
1019 1892 1096 1953 quae
1127 1870 1272 1934 distantia
1301 1894 1363 1936 non
1393 1872 1477 1937 cadit
1499 1874 1532 1937 in

526 2001 653 2057 aetatem
677 1991 811 2056 Pindari.
836 1989 970 2054 Omnino
987 1999 1148 2074 postquam
1165 2013 1282 2054 summa
1297 1993 1404 2056 aetatis
1420 2015 1531 2057 aureae

528 2112 655 2176 felicitas
685 2111 774 2188 abiit,
805 2131 900 2195 quum
923 2116 1025 2172 tamen
1048 2132 1184 2172 summae
1206 2109 1357 2173 felicitatis
1381 2119 1412 2175 et
1435 2112 1538 2196 cujus·

528 2232 597 2296 dam
627 2253 696 2295 cnm
721 2230 786 2293 Diis
810 2229 1033 2313 conjunctionis
1057 2229 1240 2311 cogitatione
1263 2251 1363 2293 carere
1385 2252 1448 2294 non
1469 2252 1541 2316 pos·

528 2357 612 2427 sent,
646 2349 677 2411 in
708 2347 746 2411 iis
777 2353 857 2412 certe
887 2346 962 2410 locis
993 2368 1058 2409 eam
1089 2347 1305 2430 praestantiam
1336 2347 1448 2412 Poetae
1470 2370 1539 2412 esse

529 2464 686 2541 dixerunt,
711 2485 789 2548 quae
813 2471 914 2526 essent
937 2485 955 2525 a
978 2464 1099 2547 cognita
1121 2464 1301 2528 mortalibus
1325 2464 1416 2528 turba
1432 2473 1462 2528 et
1478 2464 1541 2529 col·

529 2556 659 2648 luvione⁴
682 2584 810 2648 maxime
841 2590 983 2646 remotae.
1031 2580 1111 2646 Hinc
1143 2582 1349 2668 Aethiopum,
1374 2586 1541 2668 quierant

530 2704 686 2767 hominum
717 2702 837 2778 ultimi,
869 2701 979 2765 eximia
1007 2701 1089 2785 apud
1113 2702 1280 2766 Homerum
1303 2704 1447 2767 memoria
1470 2714 1536 2767 est:

530 2824 567 2888 ad
590 2824 660 2887 illos
682 2822 804 2907 Jupiter
827 2830 857 2886 et
880 2821 991 2907 reliqui
1014 2821 1065 2885 Dii
1089 2823 1191 2886 venire
1214 2823 1313 2887 solent
1336 2834 1366 2887 et
1387 2823 1469 2909 apud
1486 2846 1541 2887 eos

529 2941 723 3006 commorari:
757 2940 795 3003 Il.
826 2940 843 3003 I
872 2941 955 3018 423,
988 2939 1101 3003 XXIII
1126 2942 1208 3018 206,
1233 2939 1292 3004 Od.
1317 2941 1333 3005 I
1357 2944 1409 3005 22.
1457 2942 1543 3007 Hinc

530 3061 681 3125 Pindarus
698 3059 804 3123 laudat
820 3058 1046 3143 Hyperboreos,
1065 3060 1218 3123 ministros
1234 3060 1402 3146 Apollinis,
1420 3084 1537 3126 sacram

531 3188 562 3245 et
584 3180 722 3244 laborum
746 3201 978 3264 pugnarumque
1001 3186 1122 3263 gentem
1147 3189 1312 3264 expertem:
1331 3180 1369 3244 ad
1385 3202 1461 3263 quos
1478 3204 1537 3246 nec

530 3300 658 3364 naribus
690 3321 744 3363 nec
775 3298 903 3383 pedibus
935 3300 985 3362 via
1015 3299 1203 3363 inveniatur:
1237 3297 1286 3363 Ol.
1318 3298 1371 3362 III
1395 3301 1455 3377 28,
1479 3300 1537 3385 Py.

531 3418 561 3481 X
592 3421 645 3483 47.
677 3418 773 3494 Hinc,
807 3417 892 3500 quasi
924 3417 1100 3501 proverbio,
1131 3417 1327 3503 Hyperborea
1350 3417 1479 3482 felicitas
1504 3425 1543 3482 ut

532 3558 650 3599 summa
672 3536 815 3600 laudatur
840 3536 922 3620 apud
938 3536 1138 3621 Aeschylum,
1157 3535 1249 3600 Choe.
1267 3538 1341 3601 373.
1366 3535 1448 3600 Hinc
1465 3535 1545 3601 Hes·

532 3653 668 3739 peridem
699 3655 796 3718 litoris
828 3655 937 3719 eximia
971 3655 1098 3719 felicitas
1129 3654 1172 3719 ibi
1199 3655 1340 3740 ponitur,
1364 3676 1426 3738 quo
1450 3656 1543 3719 maris

532 3773 682 3837 Dominus
709 3776 773 3859 jam
803 3774 904 3837 nautis
936 3774 1014 3837 viam
1049 3782 1155 3858 negat:
1180 3774 1287 3859 Eurip.
1313 3773 1439 3859 Hippol.
1466 3776 1542 3839 744.

534 3891 708 3956 Herodotus
738 3893 857 3978 ipsein
881 3893 1022 3957 extremis
1055 3893 1135 3957 orbis
1160 3893 1297 3979 partibus
1322 3894 1544 3978 praestantissi-

532 4035 597 4076 mas
627 4035 674 4075 res
705 4034 768 4075 esse
799 4012 968 4089 existimat,
1000 4010 1036 4075 L.
1065 4011 1116 4075 HI
1150 4015 1222 4076 106.
1269 4012 1310 4076 ut
1340 4020 1420 4076 certe
1444 4034 1541 4097 quum

534 4130 732 4196 Occidentem
754 4153 858 4195 versus
891 4138 976 4194 extra
998 4131 1142 4195 itinerum
1166 4131 1310 4195 terminos
1332 4130 1450 4194 insulas
1473 4130 1543 4195 bea·

533 4258 634 4313 torum
658 4248 769 4313 Poetae
793 4260 987 4334 reponerent,
1011 4271 1072 4312 non
1088 4249 1260 4313 mirandum
1277 4258 1339 4325 est,
1365 4270 1461 4332 quum
1474 4250 1539 4335 jam

534 4378 618 4433 extra
648 4369 803 4432 columnas
835 4368 978 4432 Herculis
1011 4368 1099 4453 plura
1130 4376 1230 4433 essent
1261 4375 1366 4453 postea
1396 4368 1538 4452 cognita,

534 4510 615 4552 mare
645 4486 792 4550 Cronium
823 4479 904 4549 ultra
926 4486 1129 4550 Brittanniam
1153 4486 1246 4550 fuisse
1270 4486 1420 4571 positum:
1445 4494 1538 4571 atque
