3767 5534
865 686 930 747 434

437 884 463 951 oi
485 887 510 951 δ’
530 886 641 966 ’Ἄργος
664 889 692 952 τ’
714 882 795 966 εἶχον
817 886 942 963 Τίρυνθά
966 910 999 951 τε
1014 882 1219 966 τενχνᾶεσσαν,

436 1006 584 1086 Ἑρμιόνην
606 1004 721 1078 Ἀσίνην
752 1029 800 1085 τε,
831 1004 926 1081 βαθὺν
957 1004 1038 1069 serie
1065 1005 1171 1070 κόλπον
1194 1009 1339 1087 ignoras,

339 1177 341 1179 .
434 1122 578 1203 Τροιζῆν’,
603 1121 719 1192 Ἧιόννις
742 1147 785 1188 τε.
832 1121 873 1184 Et
896 1124 979 1199 491,
1005 1125 1080 1186 501.

434 1239 646 1303 Memorantnr
676 1261 694 1302 a
724 1248 824 1302 vetere
853 1238 1018 1303 scholiasta
1047 1240 1085 1303 ad
1118 1239 1148 1304 h.
1182 1242 1202 1306 l.
1228 1242 1403 1325 Aeginetici

386 1358 453 1423 ludi
476 1361 593 1423 Aeacea
616 1364 646 1422 et
670 1358 882 1442 Amphorites:
907 1360 995 1444 cnjus
1018 1358 1139 1443 quidem
1165 1360 1313 1443 originem
1340 1369 1400 1424 tra-

385 1477 432 1541 dit
465 1476 646 1562 Apollonius
677 1475 836 1553 Rhodius,
865 1478 981 1560 Argon.
1007 1475 1054 1539 IV
1080 1480 1181 1559 1766:
1207 1478 1401 1563 Argonautas

384 1596 416 1660 in
439 1595 541 1659 reditu
566 1595 714 1679 Aeginam
739 1595 884 1679 appulsos
904 1604 1034 1659 certasse
1050 1596 1113 1676 περὶ
1129 1596 1253 1677 ὑδρείης,
1265 1596 1304 1662 de
1321 1619 1400 1682 aqua

381 1713 415 1777 in
446 1736 553 1777 navem
584 1712 750 1797 portanda,
779 1724 903 1798 propter
925 1715 1137 1777 necessitatem
1162 1722 1193 1777 et
1215 1716 1399 1800 properatin

382 1853 469 1896 nem:
502 1832 574 1895 inde
596 1831 639 1896 ibi
661 1831 807 1894 mansisse
831 1830 973 1895 currendi
996 1839 1147 1896 certamen
1171 1832 1305 1918 repletas
1322 1855 1400 1919 aqua

382 1949 543 2034 amphoras
569 1950 767 2035 portantium.
811 1949 858 2012 De
882 1950 955 2033 ipsis
972 1950 1160 2033 Argonautis
1175 1950 1281 2014 eadem
1297 1956 1399 2015 narrat

381 2067 589 2153 Apollodorus
612 2067 648 2131 L.
674 2066 742 2131 10.
760 2071 791 2131 9.
816 2068 1005 2132 Mentionem
1023 2090 1127 2132 eorum
1144 2067 1288 2132 ludorum
1307 2068 1398 2132 hrisse

380 2186 464 2270 apud
487 2185 711 2250 Callimachum
735 2185 901 2250 scholiasta
923 2193 1011 2250 vetus
1034 2187 1138 2250 tradit.
1186 2185 1253 2251 Nec
1273 2187 1396 2251 institu-

382 2305 461 2368 tioni
491 2304 693 2387 incongruum
725 2304 893 2389 praemium
923 2304 1001 2381 fuit,
1026 2305 1050 2366 si
1075 2303 1107 2367 id
1131 2310 1228 2367 crater
1251 2303 1328 2380 fuit,
1353 2326 1397 2366 se·

381 2422 516 2486 cundum
542 2422 735 2486 scholiastam
759 2424 968 2486 recentiorem.

422 2539 515 2603 Recte
546 2547 648 2603 antem
679 2540 868 2618 Muellerus,
901 2541 1011 2624 Aegin.
1044 2564 1073 2625 p.
1105 2542 1165 2616 24,
1190 2540 1265 2603 haec
1288 2539 1393 2603 eadem

376 2658 471 2721 fnisse
483 2658 650 2735 existimat,
665 2681 743 2741 qnae
759 2657 976 2742 Hydrophoria
993 2657 1218 2742 appellantur-a
1230 2656 1393 2720 scholiasta

375 2775 413 2840 ad
445 2775 536 2841 Nem.
567 2776 597 2839 V
630 2779 681 2840 81.
728 2776 877 2861 Reliqua,
907 2798 985 2859 quae
1017 2776 1054 2839 ad
1082 2775 1172 2840 ludos
1196 2775 1391 2859 Aegineticcs

375 2895 564 2979 pertineant,
584 2894 809 2979 disputabimus
821 2893 858 2957 ad
871 2892 921 2957 Ol.
935 2892 1020 2958 XIII
1035 2896 1095 2956 155
1109 2902 1140 2958 01
1151 2893 1204 2979 Py.
1218 2892 1303 2957 VIII
1316 2895 1388 2957 114.

424 3013 497 3076 155.
532 3010 685 3077 Πελλάνα.
721 3011 932 3075 Memorantur
963 3012 995 3075 in
1026 3011 1148 3075 scholiis
1180 3010 1331 3075 Hermaea
1360 3018 1391 3074 01

374 3129 565 3195 Theoxenis:
598 3151 676 3212 quae
700 3128 843 3192 videntur
866 3128 971 3193 eadem
996 3129 1108 3193 fuisse:
1133 3130 1170 3193 de
1193 3137 1256 3213 qna
1279 3146 1311 3192 re
1335 3127 1392 3192 ilis·

374 3247 551 3331 putabimus
575 3246 614 3310 ad
638 3245 689 3310 Ol.
713 3245 759 3309 IX
789 3248 860 3310 148.

421 3366 496 3429 157.
532 3364 720 3442 Μενᾶροισιν.
760 3363 868 3427 Fuisse
890 3363 935 3426 ibi
951 3363 1096 3439 Dioclen,
1115 3363 1243 3447 Pythia,
1261 3361 1393 3441 Nemea,

375 3490 421 3547 est
450 3482 483 3546 in
513 3482 630 3545 scholio
653 3489 770 3546 vetere:
795 3481 964 3546 Alcathoea
987 3489 1195 3545 memorantur
1217 3503 1236 3545 a
1258 3480 1392 3546 Pindaro

374 3600 431 3665 Ist.
456 3598 539 3663 VIII
565 3601 626 3662 149
651 3607 682 3663 01
705 3622 723 3662 a
746 3598 911 3662 scholiasta
933 3599 971 3663 ad
996 3598 1085 3663 Nem.
1111 3598 1140 3660 V
1165 3601 1217 3662 84.
1252 3598 1291 3663 In
1308 3599 1392 3663 scho-

374 3718 425 3781 liis
447 3717 495 3781 ad
526 3724 666 3781 nostrum
696 3716 799 3780 locum
827 3718 919 3780 etiam
942 3715 1094 3794 traditur,
1119 3738 1234 3781 morem
1259 3716 1390 3801 Megaris

373 3834 468 3898 fuisse
496 3833 593 3899 rideri
625 3835 749 3898 nomina
779 3835 930 3899 victorum
957 3834 1144 3899 inscribendi
1167 3810 1328 3900 columnae
1351 3833 1390 3898 la

374 3951 499 4037 pineae:
524 3974 591 4016 eam
614 3952 913 4016 autemcolnmnam
933 3952 988 4015 uix
1011 3951 1094 4015 alind
1119 3974 1230 4016 nomen
1247 3951 1389 4017 habuisse

375 4070 435 4134 nisi
464 4069 632 4154 Diagorae,
665 4069 718 4133 sed
747 4071 812 4155 ejus
842 4070 977 4134 victoriis
1005 4070 1093 4154 qnasi
1116 4069 1210 4133 fuisse
1231 4070 1388 4155 repletam.

299 4181 302 4185 '
374 4184 491 4250 Verum
521 4190 579 4267 οὐχ
605 4185 698 4266 ἕτερον
725 4208 786 4251 non
810 4186 842 4250 id
865 4188 1034 4271 significat,
1059 4187 1113 4251 sed
1136 4187 1239 4271 potins
1263 4207 1325 4251 non
1348 4185 1391 4249 di-

374 4324 494 4368 versum
518 4326 536 4367 a
558 4303 790 4369 Pellenensibus
813 4305 947 4368 victoriis
971 4306 1003 4368 in
1027 4305 1081 4367 illo
1101 4303 1273 4387 Megarensi
1290 4302 1389 4388 lapide

375 4440 537 4484 numerum
571 4420 681 4485 fuisse:
717 4444 789 4505 ergo
825 4421 986 4505 Diagoram
1019 4445 1070 4485 sex
1102 4443 1225 4505 qnoque
1257 4420 1388 4504 Megaris
