3767 5534
921 665 986 728 268

444 878 481 934 ut
510 878 557 936 est
586 870 670 957 apud
700 869 895 946 Ciceronem,
927 867 1019 932 Tusa.
1048 868 1119 932 12.
1166 866 1364 953 significatur
1388 891 1460 954 ergo

443 989 589 1054 Hieronis
612 989 756 1054 eximium
780 987 919 1053 studium
943 988 1009 1073 ejus
1032 988 1187 1065 musicae,
1212 1009 1292 1073 quae
1313 988 1459 1052 conviviis

442 1108 584 1174 adhiberi
607 1108 735 1174 solebat.

492 1229 544 1292 26.
578 1228 663 1293 ἀλλὰ
694 1228 817 1308 Δωρέοον.
868 1227 938 1292 Jam
974 1227 1065 1291 Poeta
1096 1226 1273 1311 proposuit,
1305 1225 1460 1310 quomodo

440 1353 578 1432 praestet
610 1346 753 1433 Olympia
786 1354 816 1412 et
852 1347 953 1411 veniat
984 1344 1056 1411 inde
1090 1344 1198 1409 Jovem
1229 1352 1260 1410 et
1291 1345 1458 1409 Hieronem

439 1464 573 1529 canendi
602 1486 711 1530 causa:
742 1487 825 1529 nunc
856 1486 926 1528 vero
947 1471 1132 1549 reportatam
1155 1462 1193 1528 ab
1218 1464 1275 1527 hoc
1299 1464 1458 1528 victoriam

438 1592 474 1649 et
496 1584 595 1669 ipsam
617 1583 791 1671 Olympiam
814 1583 997 1648 laudaturus
1020 1584 1137 1662 fusiuS,
1162 1584 1250 1668 quasi
1275 1583 1313 1649 de
1336 1584 1457 1669 integro

438 1725 565 1786 eumen
594 1704 746 1782 instituit,
779 1703 926 1768 citharam
958 1702 1139 1768 sumendam
1161 1725 1226 1768 esse
1250 1702 1364 1767 dicens.
1411 1702 1458 1766 De

438 1822 625 1908 phorminge
649 1822 744 1887 Doris
768 1823 961 1887 monebimus
985 1822 1023 1886 ad
1049 1845 1091 1886 vs.
1119 1824 1192 1887 164.

488 1944 541 2005 29.
571 1941 775 2021 PheronicuS,
800 1941 945 2006 Hieronis
969 1964 1082 2027 equus,
1115 1940 1261 2006 laudatur
1285 1941 1375 2004 etiam
1399 1940 1456 2025 Py.

436 2058 495 2124 ΠΙ
533 2062 611 2123 132:
648 2068 678 2125 et
712 2059 905 2146 Bacchylidis
940 2060 978 2124 de
1014 2082 1049 2124 eo
1086 2081 1190 2124 versus
1222 2067 1408 2123 memoratur
1439 2082 1457 2122 a

436 2176 622 2242 scholiasta:
646 2176 825 2259 ξκνέέτριχκ
843 2178 897 2257 aa
921 2178 1064 2259 Φερένικον
1079 2178 1208 2260 Ἀλφεὸν
1224 2181 1294 2259 παρ’
1311 2177 1455 2258 εὐρυδίναν

436 2300 536 2361 πῶλον
565 2296 758 2376 &abacta
789 2298 958 2371 νικήσαντα.
1007 2296 1096 2379 Χέρις
1127 2307 1230 2362 autem
1254 2297 1343 2361 aliter
1366 2297 1454 2361 Pisae

437 2414 572 2493 dicitur,
604 2415 694 2480 aliter
724 2415 900 2481 Pheronioi:
934 2416 988 2481 illa
1019 2417 1163 2481 nobilitas
1187 2427 1218 2481 et
1240 2416 1356 2502 gloria,
1381 2416 1454 2480 haec

436 2556 512 2600 vero
534 2534 602 2599 laus
624 2536 658 2600 in
681 2558 790 2600 cursus
813 2537 978 2600 certamine
1001 2542 1098 2621 parta.

465 2656 540 2720 -32,
583 2655 663 2720 σύτο.
703 2654 900 2740 significatur
934 2678 970 2720 ea
1000 2655 1156 2733 celeritas,
1194 2677 1254 2740 qua
1282 2655 1454 2720 carceribus

438 2763 540 2857 aquus
564 2773 711 2839 evolavit:
747 2773 797 2837 Sic
820 2773 974 2838 Homerus
997 2773 1036 2839 Il.
1054 2772 1133 2840 XXI
1153 2777 1213 2839 167
1231 2774 1270 2839 ds
1286 2775 1453 2860 sanguine,

438 2890 496 2975 qui
518 2898 642 2977 repente
664 2914 682 2956 e
705 2892 829 2957 vulnere
852 2892 1027 2970 exsiliebat,

713 3010 782 3077 σύτο
805 3012 830 3075 δ’
852 3006 932 3091 οἶμαι
955 3012 1137 3093 κελαινεφές.

486 3131 538 3193 33.
573 3130 738 3206 ἀκέντητον.
785 3130 899 3217 Magna
930 3154 1002 3195 sane
1034 3131 1117 3208 laus,
1150 3130 1176 3193 si
1208 3129 1331 3215 quidem
1360 3130 1452 3195 etiam

436 3247 600 3333 Olympiae
624 3249 656 3313 in
680 3250 843 3314 certamine
858 3272 933 3314 usus
949 3250 1037 3335 fiagri
1053 3256 1084 3315 et
1099 3250 1218 3314 stimuli
1234 3273 1299 3314 esse
1315 3250 1450 3328 solebat,

434 3367 697 3451 quemadmodum
731 3376 866 3454 tempore
901 3369 1052 3434 Achillis:
1093 3391 1163 3433 nam
1201 3368 1344 3433 Diomedi
1378 3377 1452 3433 sunt

433 3485 563 3550 obortae
592 3486 760 3573 lacrymae,
796 3511 892 3574 quum
924 3488 1054 3553 certanti
1085 3488 1123 3553 de
1154 3488 1289 3574 praemio
1321 3489 1450 3573 flagrum

433 3604 580 3670 munibus
603 3605 737 3671 excussit
759 3606 903 3672 Phoebus
927 3607 1058 3693 Apollo,
1084 3607 1202 3692 atejus
1226 3608 1297 3691 equi

637 3725 851 3809 ἐβλάφθησαν,
875 3724 945 3791 ἄνευ
968 3725 1087 3808 κέντροιο
1110 3725 1228 3798 θέοντες.

432 3842 475 3907 ΙΙ.
499 3842 614 3907 ΧΧΠΙ
638 3846 713 3908 337.

481 3964 535 4025 34.
570 3961 734 4042 προσέμιξε.
771 3962 821 4028 Sic
848 3963 1224 4044 lassataslasatas.
1261 3961 1354 4047 Soph.
1373 3963 1448 4026 Ant.

436 4082 522 4144 1311
547 4081 752 4163 συγκέκραμαι
776 4081 839 4165 δύᾳ.

480 4199 533 4262 35.
575 4199 758 4281 Σοροοκέσιον.
806 4199 1066 4287 Oonjungendum
1101 4207 1147 4265 est
1182 4223 1252 4264 cum
1286 4198 1447 4282 δεσπότον,

433 4339 497 4382 non
513 4340 584 4383 eum
598 4319 745 4397 βκσιλῆκ.
775 4320 922 4385 Similiter
938 4319 990 4385 Ol.
1003 4320 1050 4385 VI
1067 4323 1108 4385 30
1126 4320 1256 4402 δεσπότᾳ
1272 4319 1446 4400 Σορνκοσίῳ.

434 4435 564 4529 Kayseri
587 4440 769 4505 sententiam
792 4440 824 4504 in
847 4442 929 4505 notis
957 4441 1071 4507 criticis
1096 4439 1274 4516 attulimus,
1300 4437 1446 4502 vocabula
