3767 5534
993 713 1035 773 36

507 924 538 980 et
560 916 705 1001 majorem
726 915 816 978 etiam
836 924 922 999 optet
941 915 1041 978 curuli
1064 915 1228 999 parandam
1249 917 1391 994 victoria,
1412 917 1529 980 Deum·

506 1058 566 1118 que
589 1043 746 1119 precetur,
780 1045 815 1098 nt
845 1036 910 1120 ejus
942 1036 1055 1119 optatis
1086 1035 1126 1099 sit
1149 1035 1320 1120 propitius,
1345 1034 1398 1100 sed
1422 1042 1528 1122 tamen
1626 1057 1630 1063 ’

506 1153 639 1237 aliquem
663 1155 753 1218 finem
777 1154 864 1238 ponit
885 1155 1029 1239 precandi
1050 1177 1084 1218 ao
1104 1155 1245 1219 fortunae
1264 1155 1447 1233 terminum,
1469 1177 1527 1219 nec

505 1273 627 1357 longius
653 1273 853 1357 spectandum
877 1274 941 1357 regi
963 1296 1026 1337 esse
1048 1281 1160 1337 monet.
1177 1274 1199 1357 ¹)
1231 1273 1298 1337 Imo
1318 1296 1408 1351 vero,
1429 1294 1526 1357 qnan-

504 1415 596 1476 quam
617 1392 700 1456 haud
721 1415 792 1456 sane
814 1393 910 1455 tristis
930 1416 995 1455 esse
1015 1393 1108 1470 solet,
1130 1392 1217 1456 affert
1237 1392 1418 1476 aliquando,
1439 1393 1524 1477 quod
1624 1432 1628 1437 -

505 1512 622 1576 dictum
646 1512 719 1575 olim
745 1512 861 1588 fuerat,
886 1535 957 1575 eum
981 1535 1043 1576 uno
1067 1512 1148 1575 bono
1173 1511 1235 1576 duo
1256 1512 1337 1576 mala
1356 1511 1451 1576 tribui
1470 1510 1525 1574 ho-

504 1631 639 1694 minibus
664 1654 681 1693 e
704 1630 826 1715 Diis22)
855 1631 921 1694 vult
945 1632 1058 1716 quippe
1081 1630 1230 1716 intelligi,
1256 1653 1316 1694 non
1342 1637 1522 1716 perpetuam

503 1749 682 1834 sperandam
715 1772 779 1813 esse
810 1750 1071 1827 incolumitatem,
1101 1749 1194 1833 idque
1222 1748 1406 1832 ecquidem
1429 1747 1524 1811 modo

503 1867 649 1945 affirmat,
671 1868 709 1931 ad
732 1868 863 1931 eundem
884 1868 1050 1932 Hieronem
1067 1869 1220 1945 scribens,
1239 1867 1376 1952 quitum
1391 1865 1524 1929 maxime

504 1986 625 2051 videtur
656 2010 687 2050 se
718 2010 825 2071 passus
857 2010 922 2050 esse
955 1987 1045 2051 rebus
1078 1987 1211 2052 adversis
1243 1986 1337 2071 affligi
1368 2007 1424 2050 nec
1447 1984 1524 2048 satis

504 2104 671 2168 attendisse
701 2104 740 2168 sd
771 2127 806 2168 ea
838 2105 934 2181 bona,
967 2105 1080 2189 quibus
1111 2104 1173 2168 frui
1204 2112 1340 2190 poterat:
1372 2111 1417 2168 est
1440 2102 1523 2166 enirn

430 2233 435 2243 ’
504 2245 626 2287 carmen
656 2222 803 2307 Pythium
834 2223 976 2300 tertium,
1001 2246 1017 2286 e
1042 2245 1103 2306 quo
1126 2223 1206 2286 hanc
1229 2222 1412 2286 sententiam
1440 2226 1525 2284 retu·

428 2367 431 2372 ·
504 2342 614 2418 limus,
638 2340 765 2425 plenum
788 2339 1006 2403 admonitionis
1031 2339 1067 2404 de
1092 2342 1233 2405 fortunae
1256 2340 1408 2404 humanae
1428 2337 1525 2403 medi·

503 2460 648 2524 ocritate:
685 2459 778 2543 idque
813 2460 930 2543 ipsum,
969 2458 1051 2543 quod
1079 2460 1142 2545 jam
1173 2459 1306 2523 diximus
1339 2456 1521 2542 aliquoties,

504 2580 588 2663 qnod
612 2579 727 2642 Graece
750 2579 783 2642 τὸ
807 2579 947 2658 ἀσφαλὲς
972 2577 1102 2657 dieitur,
1128 2578 1211 2663 quod
1234 2578 1298 2643 labi
1320 2599 1382 2642 non
1406 2578 1522 2661 possit,

504 2722 542 2762 ne
574 2697 702 2762 vetustis
733 2696 858 2780 quidem
883 2696 1042 2775 heroibnS,
1067 2697 1121 2780 qni
1145 2719 1318 2782 supremam
1342 2694 1522 2759 habuissent

504 2816 676 2893 fortunam,
713 2816 877 2899 contigisse
912 2815 1018 2879 docet:
1039 2815 1062 2900 ³)
1099 2817 1214 2901 qnippe
1245 2816 1380 2879 Deorum
1410 2813 1442 2878 id
1475 2823 1522 2878 est

506 2936 672 3022 proprium.
714 2934 793 2998 Hinc
816 2934 871 2998 illa
894 2936 1036 3019 frequens
1060 2936 1125 3021 ejus
1150 2957 1224 3011 vox,
1250 2956 1337 3011 enm,
1363 2933 1416 3017 qni
1440 2955 1522 2996 sum·

505 3076 585 3118 mam
600 3065 717 3117 'nactus
741 3054 782 3116 sit
805 3053 997 3130 felicitatem,
1023 3053 1132 3117 debere
1156 3076 1220 3116 esse
1246 3058 1440 3128 contentum,
1465 3072 1522 3114 nee

505 3195 649 3256 quaerere
679 3172 746 3236 fieri
776 3171 888 3235 Deum.
901 3174 925 3255 4)
971 3170 1053 3234 Hine
1080 3172 1112 3234 in
1139 3171 1205 3255 ipsa
1228 3169 1383 3234 felicitatis
1406 3168 1523 3252 magni-

459 3355 463 3362 ,
506 3292 614 3356 tudine
645 3290 800 3355 laudandt
830 3292 933 3375 aliqua
965 3298 1071 3374 poetae
1099 3291 1200 3354 cautio
1225 3312 1258 3353 ac
1283 3287 1432 3352 modestia
1455 3293 1519 3350 est:

506 3410 591 3476 velut
613 3409 795 3473 clarissimas
819 3408 968 3472 Corintho
992 3409 1101 3473 artium
1124 3408 1313 3485 inventione,
1333 3404 1520 3470 ornamentis

504 3530 705 3616 templorum,
738 3528 810 3593 belli
843 3528 1024 3592 fortitudine
1056 3527 1142 3591 datas
1174 3550 1192 3590 a
1219 3526 1287 3590 Diis
1309 3524 1415 3589 laudes
1439 3544 1519 3588 eom·

503 3660 668 3726 memorat,
708 3647 779 3725 sed,
812 3647 901 3710 sortis
932 3670 1049 3711 memor
1078 3646 1249 3722 humanae,
1281 3664 1436 3728 quamque
1466 3640 1520 3705 Dii

505 3767 675 3852 superiores
696 3766 775 3843 sint,
796 3764 972 3850 subjungit:
990 3765 1155 3843 ,‚Surnme,
1173 3765 1227 3848 qui
1243 3764 1305 3827 late
1319 3763 1400 3847 regis
1416 3761 1521 3846 Olym·

504 3888 604 3972 piam,
637 3908 675 3950 ne
702 3884 838 3947 invideas
863 3885 961 3948 verbis
985 3885 1075 3961 meiS,
1101 3883 1211 3968 quibus
1235 3881 1319 3946 illam
1342 3880 1451 3945 urbem
1475 3901 1520 3943 or-

505 4005 592 4083 navi,
624 4026 678 4088 per
708 4024 798 4066 omne
828 4009 966 4086 tempus,
995 4002 1135 4088 Jupiter,
1160 4010 1190 4067 ct
1213 4001 1296 4066 hunc
1320 4000 1385 4064 sine
1407 3998 1538 4062 damno-

505 4146 591 4208 regas
615 4120 796 4208 populum.''
809 4124 834 4204 5)
869 4120 1058 4206 Scripsimus,
1076 4129 1181 4197 antea,
1218 4126 1334 4204 quanto
1353 4118 1446 4182 fuerit
1465 4139 1520 4201 pu·

507 4317 680 4333 μ

539 4446 563 4507 ι)
583 4441 619 4491 or.
636 4441 659 4489 r.
677 4440 733 4488 rsa.
898 4439 923 4499 2)
941 4440 981 4505 ry.
998 4439 1052 4487 111.
1072 4440 1127 4487 145.
1294 4436 1317 4496 a)
1335 4433 1396 4485 rua.
1415 4432 1470 4482 res.

536 4545 562 4600 n
579 4535 651 4586 vau
669 4535 706 4584 οι.
728 4537 753 4585 r.
773 4533 812 4586 er.
896 4535 921 4595 s)
941 4534 978 4583 or.
995 4535 1070 4585 mir.
1088 4535 1127 4583 aa.
