3767 5534
1001 685 1064 746 240

448 893 489 954 90
526 890 590 954 sine
626 889 756 965 virtute,
789 887 820 950 iu
852 887 1010 970 quaternis
1034 910 1199 972 puerorum
1221 887 1365 952 membris
1389 888 1544 953 avertita

525 1031 556 1072 se
577 1006 712 1071 reditum
731 1005 970 1090 ignominiosum
993 1014 1023 1070 et
1041 1006 1176 1091 linguam
1197 1014 1385 1071 contemtam
1401 1008 1498 1093 magis
1511 1014 1544 1071 et

525 1128 677 1191 incessum
701 1125 878 1211 ignobilem.
915 1125 956 1189 Et
981 1126 1061 1210 patri
1085 1126 1180 1211 patris
1201 1127 1362 1212 inspiravit
1385 1126 1541 1204 animum,

525 1268 627 1331 parem
660 1245 812 1309 senectuti
844 1243 1067 1309 adversarium:
1105 1244 1203 1308 Hadis
1235 1246 1315 1309 enim
1347 1244 1544 1310 obliviscitur

524 1366 633 1443 homo,
657 1365 708 1429 cui
731 1363 810 1429 lacta
833 1363 1028 1449 contingunt.
1063 1362 1181 1429 Verum
1195 1387 1244 1428 me
1261 1363 1349 1429 decet
1363 1366 1542 1429 memoriam

524 1484 655 1548 excitare
678 1490 709 1547 et
732 1481 832 1547 dicere
855 1506 1004 1547 manuum
1027 1483 1133 1548 florem
1149 1483 1364 1561 victoriarum,
1382 1483 1435 1568 qui
1451 1482 1543 1569 Blep-

425 1606 488 1669 100
524 1603 617 1668 siadis
641 1610 704 1681 est,
729 1610 815 1667 sexta
837 1626 914 1688 quos
934 1604 998 1689 jam
1023 1626 1134 1669 corona
1156 1604 1324 1669 circumdat
1340 1628 1356 1669 e
1372 1603 1543 1669 ferentibus

522 1724 596 1789 folia
625 1724 853 1788 certaminibus.
901 1723 958 1787 Est
990 1724 1081 1788 etiam
1114 1723 1218 1810 aliqua
1248 1724 1377 1788 mortuis
1402 1746 1472 1809 pars
1496 1746 1543 1787 se-

524 1842 660 1908 eundum
691 1843 789 1929 legem
819 1843 915 1907 facta:
948 1866 1048 1928 neque
1079 1843 1183 1908 obruit
1213 1844 1314 1929 pulvis
1338 1850 1542 1928 cognatorum

524 1986 627 2029 earum
652 1986 795 2029 amorem.
836 1964 881 2027 Ex
907 1964 1039 2028 Hermae
1055 1964 1118 2027 filia
1135 1963 1267 2049 Angelia
1282 1963 1410 2027 audiens
1427 1961 1542 2047 lphion

524 2083 664 2148 dicturus
696 2093 741 2148 est
769 2082 959 2148 Callimacho
988 2083 1186 2168 splendidum
1209 2082 1302 2147 decus
1327 2081 1541 2167 Olympicum,

426 2202 488 2263 110
524 2201 607 2286 quod
639 2175 774 2288 ipsorum
797 2202 883 2267 dedit
905 2201 1028 2287 Jupiter
1051 2202 1165 2287 generi.
1212 2200 1376 2287 Prosperes
1400 2223 1447 2264 res
1471 2209 1543 2285 post

522 2342 682 2407 prosperas
714 2322 786 2386 dare
817 2321 909 2398 velit,
940 2330 971 2385 et
994 2343 1080 2385 acres·
1101 2320 1222 2385 morbos
1247 2327 1358 2384 arceat.
1406 2319 1540 2396 Precor,

524 2465 562 2507 ne
601 2442 633 2506 in
669 2449 749 2505 sorte
780 2441 958 2527 pulcrerum
989 2463 1089 2505 rerum
1121 2439 1268 2504 Nemesin
1302 2447 1397 2526 ponat
1428 2438 1542 2503 diversi

527 2561 665 2638 consilii,
705 2560 758 2626 sed
794 2560 889 2625 cladis
920 2568 1072 2645 expertem
1103 2559 1217 2624 ducens
1248 2582 1352 2624 eorum
1385 2560 1480 2623 vitam
1511 2564 1544 2621 et

527 2682 610 2765 ipsos
633 2688 744 2765 augeat
767 2688 798 2744 et
822 2680 986 2744 civitatem.

895 3153 1091 3219 OLYMPIA
1115 3152 1173 3218 IX.

838 3414 1045 3458 nrfflumosro
1074 3412 1225 3467 caunum,

961 3633 1109 3697 luctatori.

570 3873 749 3940 Archilochi
772 3896 892 3938 carmen
916 3894 1028 3936 sonans
1052 3869 1232 3955 Olympiae,
1249 3866 1410 3931 callinicus
1427 3863 1540 3951 triplex

524 3994 659 4071 lerneus,
695 3993 769 4058 setis
803 3993 863 4056 fuit
897 3999 934 4055 ut
972 3990 1011 4054 ad
1046 3988 1194 4053 Cronium
1228 3985 1383 4051 tumulum
1415 3984 1542 4048 duceret

524 4114 763 4200 Epharmostum
780 4111 985 4176 celebrantem
1002 4116 1125 4175 cantum
1142 4130 1211 4172 cum
1228 4105 1349 4170 dilectis
1366 4102 1539 4168 sodalibus:

449 4236 488 4297 10
524 4233 577 4299 sed
606 4256 689 4299 nuno
720 4255 757 4297 ex
785 4255 857 4297 arcu
881 4232 1052 4317 longinqua
1074 4229 1202 4294 feriente
1226 4226 1386 4290 Musarum
1410 4223 1467 4288 feri
1489 4220 1541 4286 Jo-

526 4374 653 4437 vemquc
676 4352 805 4417 rubente
821 4351 971 4435 insignem
987 4348 1117 4414 fulmine
1132 4344 1402 4429 venerandumque
1418 4341 1539 4406 culmen

528 4471 627 4536 Elidis
651 4470 766 4536 talibus
790 4471 878 4549 telis,
903 4468 986 4556 quod
1011 4467 1177 4553 aliquando
1200 4463 1306 4550 Lydus
1322 4463 1411 4526 heros
1427 4460 1540 4545 Pelops
