3767 5534
904 764 968 828 373
1036 846 1045 868 ³

433 966 598 1031 Pausanias
622 988 691 1030 vero
714 966 752 1030 de
776 965 881 1030 codem
905 975 1008 1031 narrat
1032 966 1153 1045 eadem,
1178 989 1310 1053 eumque
1326 969 1440 1055 simpli·

435 1085 510 1149 citer
541 1085 675 1171 appellat
705 1088 816 1150 Ἠλεῖον
847 1090 903 1150 τῶν
926 1086 1076 1164 'luetluet
1101 1094 1132 1151 et
1155 1088 1220 1172 ejus
1243 1110 1280 1152 ex
1303 1088 1366 1152 filio
1390 1112 1439 1153 ne·

435 1213 538 1291 potem
561 1204 683 1290 Hagian
706 1204 851 1268 vaticinio
874 1228 931 1269 suo
955 1227 1075 1290 parasse
1099 1205 1258 1291 Lysandro
1281 1208 1438 1273 victoriam

433 1333 463 1389 et
485 1324 590 1389 classis
615 1323 850 1388 Atheniensium
874 1325 1046 1408 captionem
1071 1324 1110 1388 ad
1127 1326 1390 1411 Aegospotamon:
1408 1336 1438 1392 et

432 1444 464 1508 in
497 1444 563 1508 foro
598 1443 725 1527 Spartae
759 1443 824 1527 ejus
860 1442 978 1528 Hegias
1010 1444 1100 1507 stiam
1132 1464 1187 1507 sua
1218 1451 1317 1508 aetate
1346 1445 1437 1509 fuisse

433 1570 565 1627 statuam
592 1584 732 1626 aeneam:
755 1560 869 1640 Lm
892 1561 927 1625 Ο.
953 1561 1000 1625 XI
1025 1563 1058 1639 5,
1086 1564 1114 1624 6.
1151 1564 1255 1646 Atque
1278 1563 1337 1647 ipsi
1353 1564 1437 1647 genti

432 1680 465 1745 in
495 1703 531 1745 ea
560 1680 635 1745 urbe
665 1687 854 1744 exstructum
882 1680 942 1743 fuit
973 1689 1221 1745 monumentum:
1249 1690 1354 1759 μνῆμαι
1376 1689 1436 1753 τοῖς

433 1798 466 1876 ἐξ
491 1800 607 1870 Ἤλιδος
638 1797 777 1877 μάντεσι,
810 1800 995 1876 καλουμένοις
1018 1799 1048 1863 δὲ
1070 1797 1231 1877 'lapidaret
1256 1798 1291 1864 O.
1316 1800 1381 1864 XII
1407 1803 1434 1866 7.

433 1919 470 1984 In
501 1918 589 1984 hellis
619 1918 779 1982 Messeniis
807 1940 877 1982 vero
908 1917 1070 1983 humantis
1101 1926 1132 1982 et
1155 1928 1262 2003 postea
1284 1919 1435 1984 Theoclus

433 2038 594 2103 Messeniis
632 2038 791 2101 adfuerant
830 2036 972 2100 adversus
1001 2036 1273 2102 Lacedaemonios:
1306 2061 1435 2122 quorum

432 2166 561 2243 uterque
590 2157 649 2221 fuir
680 2179 696 2220 e
726 2166 816 2240 geute
846 2156 1045 2221 Jamidarum.
1092 2157 1128 2221 L.
1161 2157 1207 2220 IV
1235 2157 1270 2221 Ο.
1296 2157 1373 2221 XVI
1406 2162 1434 2223 1.

432 2276 567 2341 'landem
609 2275 646 2339 ab
688 2275 794 2339 eodem
830 2276 976 2359 scriptore
1016 2298 1051 2339 ex
1090 2276 1220 2341 Jamidis
1253 2286 1438 2343 memoratur

435 2394 643 2479 Thrasybulus
685 2394 805 2457 Aeneae
848 2394 942 2471 filius,
986 2394 1248 2461 Mantineensibus
1290 2405 1373 2461 vates
1409 2404 1438 2461 et

434 2514 555 2599 adjutor
587 2514 619 2576 in
643 2513 758 2597 proelio
778 2514 857 2577 facto
881 2513 1025 2577 adversus
1045 2513 1316 2593 Lacedaemonios,
1342 2537 1438 2600 quum

434 2632 510 2697 duce
534 2633 628 2695 Arato
652 2631 721 2695 illos
745 2632 883 2695 vicerunt
906 2639 936 2695 et
959 2654 1060 2716 regem
1084 2654 1187 2697 eorum
1213 2633 1342 2718 Agidem
1359 2635 1436 2698 occi-

432 2751 559 2815 derunt:
592 2749 628 2813 L.
660 2748 742 2813 VIII
772 2749 807 2814 Ο.
839 2749 869 2813 X
896 2753 933 2828 4,
959 2757 990 2814 et
1012 2751 1048 2815 L.
1073 2750 1119 2815 VI
1143 2750 1178 2816 C.
1202 2752 1237 2816 ΙΙ
1261 2756 1298 2816 2:
1324 2761 1355 2817 et
1378 2754 1436 2818 hoc
1548 2805 1549 2810 1

433 2868 555 2954 quidem
586 2868 654 2931 loco
685 2870 777 2933 etiam
805 2869 904 2952 gentis
928 2870 1075 2953 originem
1097 2879 1245 2934 memorat
1268 2871 1436 2935 seeundum

432 2988 616 3052 Pindarum:
640 2989 664 3052 cl
686 2987 709 3051 δ’
727 2988 856 3065 ’laudat
879 2989 1049 3064 καλούμενοι
1072 2990 1362 3069 μάντειςγεγόνασιν
1377 2990 1437 3055 ἀπὸ

431 3106 548 3187 Ἰάμου·
573 3108 621 3172 τὸν
642 3107 672 3171 δὲ
695 3104 765 3172 εἶναι
789 3108 887 3171 naida
908 3108 1090 3181 Ἀπόλλωνος
1109 3109 1158 3173 aa}
1174 3109 1281 3202 hadala
1296 3110 1437 3187 μαντικήν

432 3235 520 3310 ductu
544 3230 572 3293 ἕν
595 3228 711 3311 ᾄσματι
734 3227 880 3307 Πίνδαρος.

478 3347 523 3411 Ex
548 3347 606 3410 hae
628 3355 690 3409 tam
714 3346 829 3410 illustri
854 3354 956 3411 ratum
974 3347 1089 3412 familia
1105 3348 1232 3433 Agesias
1248 3347 1315 3411 luit.
1352 3346 1439 3431 Ejus·

434 3469 501 3532 dem
525 3488 705 3550 proavorum
730 3466 858 3529 societas
885 3466 944 3530 luit
961 3466 1187 3530 condendarum
1205 3466 1436 3551 Syracusarum,

432 3595 469 3651 ut
499 3594 625 3670 apparet
655 3608 691 3648 ex
724 3584 816 3669 hujus
840 3584 981 3649 carminis
1006 3607 1039 3649 vs
1064 3588 1093 3649 8.
1141 3585 1252 3669 Ibique
1276 3584 1439 3648 scholiasta

433 3711 521 3769 vetus
548 3711 690 3779 annotat,
715 3704 841 3767 comites
865 3726 901 3767 ex
923 3703 1054 3768 Jamidis
1078 3704 1211 3768 adfuisse
1235 3703 1364 3767 Archiae
1387 3702 1439 3787 Sy·

434 3845 609 3888 racusarum
641 3822 802 3886 conditori.
848 3821 958 3907 Neque
986 3823 1046 3888 alia
1069 3824 1106 3888 de
1130 3824 1187 3888 hac
1210 3846 1242 3887 re
1265 3822 1439 3886 testimonia

435 3947 609 4025 supersunt.
657 3940 799 4023 Agesiam
831 3941 1025 4005 nominatum
1047 3942 1141 4006 fuisse
1164 3941 1202 4005 ah
1226 3941 1293 4005 aliis
1317 3938 1442 4025 Syracu-

436 4059 531 4136 sium,
567 4058 604 4122 ab
639 4058 706 4121 aliis
741 4058 980 4143 Stymphalium,
1012 4060 1102 4124 etiam
1131 4061 1163 4125 in
1195 4065 1293 4124 vetere
1325 4059 1440 4123 scholio

435 4177 578 4241 traditur.
610 4176 703 4240 Recte
727 4184 828 4240 tamen
851 4178 883 4240 in
906 4178 992 4241 libris
1015 4178 1173 4263 inscriptio
1197 4186 1243 4242 est
1266 4177 1440 4263 Syracusio,

436 4304 473 4360 ut
497 4318 533 4359 ex
554 4296 620 4381 ipso
644 4295 777 4358 carmine
801 4303 937 4379 apparet.

482 4413 553 4494 Qua
575 4413 757 4499 Olympiade
777 4414 906 4497 Agesiae
925 4416 1052 4478 victoria
1066 4421 1220 4499 reportata
1236 4415 1343 4492 fuerit,
1360 4415 1445 4500 igno·

437 4534 498 4598 rari
521 4540 607 4597 vetus
631 4531 794 4596 scholiasta
815 4532 930 4597 scribit.
978 4533 1050 4598 Iluit
1073 4534 1199 4599 victoria
1220 4533 1331 4599 rhedae
1350 4534 1445 4599 mula·
