3767 5534
918 729 980 792 271

482 935 537 1001 87.
572 931 766 1011 κατατέψας.
813 930 850 996 In
875 931 933 996 hoe
957 931 1050 996 verbo
1074 931 1188 1016 pariter
1213 938 1304 1015 alque
1328 929 1360 994 in
1384 928 1455 995 sub·

434 1052 574 1117 slentivo
597 1051 667 1133 ιιύρῳ
689 1058 795 1137 operte
818 1058 864 1115 est
886 1049 1059 1114 similitudo
1083 1049 1143 1114 cibi
1166 1050 1331 1134 gravantis.
1358 1048 1455 1113 Vehe-

432 1179 558 1236 menter
579 1171 678 1257 poetis
701 1170 827 1234 odiosus
852 1169 936 1233 visus
960 1177 1007 1233 est
1030 1168 1123 1249 κύριε,
1147 1169 1345 1255 conjungitur
1364 1192 1454 1254 saepo

431 1312 508 1354 enm
531 1310 569 1354 eo
593 1287 683 1371 ύβρις.
731 1288 828 1353 Velut
851 1287 933 1374 apud
957 1286 1170 1372 'lheognidom
1200 1290 1259 1351 153

524 1408 647 1491 Ὕβριν,
668 1407 776 1492 Κύρνε,
800 1409 860 1479 θεὸς
884 1413 993 1486 πρῶτον
1016 1406 1105 1472 κακὸν
1128 1407 1244 1471 ὤπασεν
1266 1406 1355 1487 οὶνδρύ·

527 1528 621 1593 τύατει
643 1551 686 1593 τοι
709 1525 786 1608 ιιύρος
811 1523 898 1608 ὕβριν.

483 1648 551 1712 701

530 1763 661 1835 Πολλούς
683 1787 728 1829 τοι
750 1764 827 1844 κόρος
849 1764 955 1844 ἄνδρας
977 1764 1130 1829 οὶτύλεσεν
1151 1763 1354 1845 ύφρονέοντας·

574 1888 682 1960 γνῶναι
704 1884 764 1965 pop
786 1886 925 1965 χαλεπὸν
947 1882 1064 1965 μέτρον,
1088 1881 1131 1947 dr*
1155 1884 1245 1946 ἐσύλα
1268 1891 1356 1963 ταρῆ.

486 2004 573 2067 1127

396 2125 401 2131 ’
531 2121 633 2199 γνύροιρ
654 2158 701 2170 -
723 2118 742 2196 ἦ
764 2122 840 2186 πολὺ
863 2122 998 2201 κρείσσων

534 2236 627 2318 ὕβριος
650 2239 803 2317 ούλοραύννς
826 2239 990 2318 λευγαλέον
1014 2264 1047 2304 τε
1070 2239 1159 2319 κόρου.

433 2356 582 2421 Verbum
612 2358 790 2439 καταπέψαι
820 2358 858 2423 de
890 2360 935 2423 ire
965 2358 1079 2422 dieitur
1109 2357 1192 2443 apud
1224 2356 1393 2421 Homerum
1417 2357 1455 2422 Il.

434 2476 455 2540 I
484 2478 526 2539 81
551 2474 630 2558 εἴπερ
651 2476 710 2556 γάρ
733 2501 767 2542 τε
789 2477 878 2557 χόλον
901 2501 939 2554 γε
962 2477 1012 2542 καὶ
1036 2479 1174 2556 αὐτῆμαρ
1199 2477 1373 2558 κατατέψρρ.

489 2597 543 2659 91.
574 2595 599 2659 οἱ
620 2633 666 2644 -
681 2597 771 2676 αύτῷ.
799 2595 972 2681 Utrumque
998 2617 1163 2680 pronomen
1181 2602 1287 2680 aptum
1304 2602 1351 2659 est
1366 2596 1458 2660 verbo

437 2713 660 2795 ὑπερκρέμασε,
685 2713 811 2799 perinde
834 2737 869 2779 ee
893 2716 920 2778 si
943 2715 1092 2799 scriptum
1116 2722 1214 2779 esset:
1238 2714 1295 2780 τύν
1318 2716 1341 2779 οἱ
1361 2718 1458 2793 πατὴρ

437 2834 644 2915 ὑπερκρέμασε
665 2836 800 2916 καρτερὸν
825 2833 1048 2915 ύτεριιρεριύτας
1072 2837 1151 2916 αὐτῷ
1174 2835 1258 2899 λίύον.

490 2953 544 3016 93.
574 2959 705 3031 μενοινῶν
720 2957 859 3035 κεφαλᾶς
876 2954 994 3032 βαλεῖν.
1020 2954 1199 3039 Explicatur
1215 2953 1306 3017 hodie
1322 2954 1382 3017 fere
1399 2954 1457 3030 ito,

439 3077 482 3135 ut
508 3070 656 3157 'lentulus
684 3073 839 3138 studuerit
866 3073 955 3138 illum
985 3073 1116 3158 lapidem
1147 3073 1286 3158 eoepite
1310 3095 1457 3137 emovere.

440 3189 562 3254 Verum
591 3191 624 3255 in
655 3191 804 3277 ejusmodi
833 3192 1057 3277 significatione
1082 3215 1143 3256 uon
1167 3192 1265 3277 reperi
1290 3192 1458 3276 genitivum

441 3309 513 3375 siue
541 3310 765 3395 praepositione
793 3311 933 3376 additum
963 3311 1055 3376 verbo
1077 3310 1218 3389 βούλλειν,
1243 3333 1342 3395 neque
1366 3311 1458 3374 etiam

441 3429 574 3492 fortasse
596 3427 628 3491 id
651 3429 869 3513 significationi
888 3429 968 3493 foret
986 3452 1173 3514 congruens,
1195 3440 1355 3514 propterea
1375 3429 1457 3513 quod

442 3570 510 3612 non
525 3548 607 3613 inest
620 3548 653 3612 iu
669 3548 727 3612 hoo
739 3548 830 3612 verbo
846 3550 912 3634 ipsa
928 3549 1104 3626 amovendi,
1122 3549 1175 3613 sed
1192 3556 1313 3613 tentum
1326 3549 1460 3635 jaciendi

444 3666 511 3730 nive
533 3666 676 3730 mittendi
699 3666 892 3751 significatio.
926 3667 1084 3732 Praetereo
1106 3689 1176 3731 vero
1193 3667 1345 3752 siguificat
1360 3669 1459 3733 ferire.

445 3785 590 3851 Feriendi
621 3794 723 3849 autem
755 3793 786 3850 et
816 3786 963 3871 tangendi
991 3809 1069 3872 quae
1092 3786 1184 3851 verbe
1207 3787 1460 3870 significationem

446 3903 577 3981 hebent,
608 3925 697 3989 saepe
726 3911 885 3989 ponuntur
916 3927 988 3968 cum
1011 3905 1165 3990 genitivo,
1191 3904 1277 3969 velut
1299 3908 1395 3970 αὐτοῖο
1419 3930 1460 3971 τι·

445 4023 571 4090 τύσκετο
600 4021 693 4112 Ηοιιι.
724 4021 764 4087 ΙΙ.
796 4022 875 4086 XXI
908 4025 990 4101 582,
1022 4024 1107 4095 ποδὸς
1134 4025 1269 4101 τεταγὼν
1289 4022 1306 4087 Ι
1330 4026 1411 4102 591,
1437 4027 1460 4090 εἰ

446 4148 500 4209 τοῦ
530 4141 631 4213 παιδὸς
662 4141 765 4219 βαλὼν
794 4144 916 4223 τύχοιμι
947 4152 1000 4218 τῆς
1032 4142 1145 4221 καρδίης
1178 4141 1293 4206 Herod.
1323 4142 1376 4207 ΙΙΙ
1399 4148 1460 4221 35,

447 4260 504 4325 ubi
535 4260 638 4332 παιδὸς
669 4282 739 4325 cum
771 4262 885 4342 καρδίας
914 4265 1057 4348 junctum
1088 4260 1226 4340 videtur,
1258 4262 1360 4340 βαλὼν
1391 4286 1462 4327 vero

449 4402 521 4445 cum
543 4378 677 4461 τύχοιμι.
725 4380 820 4465 Apud
844 4379 1015 4447 Homerum
1037 4403 1108 4446 vero
1133 4388 1194 4458 est,
1219 4380 1248 4444 Il
1272 4380 1423 4449 111347.

540 4499 589 4564 καὶ
612 4499 708 4577 βύλεν
732 4498 885 4582 Ἀτρείδαο
907 4500 977 4566 κατ’
999 4501 1113 4565 dorda
1137 4500 1260 4566 nolvroo’
1284 4501 1371 4577 ἐΐσην·
