3767 5534
1011 716 1076 777 400

534 916 710 981 testimonia
739 915 787 980 vel
818 937 855 980 ex
884 914 1043 979 Herodoto
1074 914 1168 980 vele
1195 915 1447 980 convenientibus
1475 937 1547 981 oum

533 1032 692 1097 Herodoto
715 1033 942 1097 narrationibus
966 1034 1064 1118 petita
1087 1055 1152 1097 esse
1174 1032 1334 1097 videntur:
1359 1035 1427 1117 ipsa
1442 1042 1545 1099 tamen

533 1151 668 1236 aliquam
691 1151 837 1236 praebent
860 1150 1088 1225 difficultatem,
1128 1150 1210 1216 Nam
1233 1152 1287 1236 qui
1310 1160 1384 1215 sunt
1407 1151 1453 1215 illi
1476 1153 1545 1232 χθό·

532 1293 580 1334 ιιιι
611 1269 682 1352 θεοὶ,
714 1290 846 1355 quorum
872 1289 958 1333 sacra
984 1268 1093 1332 habuit
1115 1268 1253 1346 Telines,
1278 1275 1313 1332 et
1332 1269 1462 1353 posteris
1485 1276 1545 1333 tra·

532 1386 633 1451 didit?
665 1385 745 1451 Sunt
775 1393 829 1450 aut
859 1383 1019 1469 ἐπιχώριοι,
1044 1384 1165 1450 Siciliae
1188 1386 1322 1472 proprii,
1347 1394 1427 1450 certe
1451 1384 1544 1451 Ocres

532 1512 563 1569 et
585 1504 781 1590 Proserpina,
806 1505 918 1588 quibus
942 1504 1445 1594 eainsulasuprareliquasterras
1458 1527 1544 1570 sacra

530 1624 608 1701 fuit,
643 1630 674 1687 et
708 1624 835 1709 adjungi
868 1624 1006 1707 potuerit
1041 1623 1145 1707 aliquo
1180 1622 1289 1701 modo,
1321 1624 1461 1707 quamvis
1492 1624 1544 1687 vix

530 1762 683 1825 congruo,
713 1740 837 1825 Jupiter
864 1742 1037 1818 AetnaeuS,
1062 1740 1211 1821 largitrice
1234 1740 1395 1805 habendus
1418 1747 1543 1825 propter

529 1864 664 1921 montem
688 1850 831 1922 Aetnam.¹
865 1856 981 1922 Verum
1006 1857 1088 1942 apud
1112 1857 1305 1922 Herodotum
1328 1856 1364 1921 L.
1390 1856 1437 1921 VI
1460 1860 1541 1936 134,

533 1979 594 2039 135
624 1976 714 2040 etiam
737 1983 945 2040 memorantur
968 1976 1071 2055 χθόνιοι
1095 1976 1166 2049 θεοὶ,
1191 1997 1287 2059 eaque
1309 1977 1455 2039 memoria
1479 1997 1540 2040 non

529 2093 568 2158 ad
599 2092 733 2158 Siciliam
764 2094 818 2158 sed
849 2093 887 2158 ad
916 2094 1029 2158 Parum
1053 2093 1185 2158 insulam
1209 2095 1358 2179 pertinet,
1383 2101 1540 2159 ettamen

528 2210 672 2275 Demeter
701 2211 931 2296 Thesmophora
961 2213 995 2276 in
1017 2212 1055 2275 iis
1079 2219 1125 2275 est
1147 2212 1319 2297 praecipua.
1365 2212 1449 2298 Ergo
1473 2233 1540 2295 pro·

528 2328 629 2394 babile
658 2329 737 2393 mibi
766 2329 904 2408 videtur,
935 2329 1005 2394 illos
1031 2330 1158 2409 χθονίους
1181 2331 1273 2412 θεοὺς,
1299 2351 1431 2414 quorum
1455 2349 1540 2393 sacra

527 2423 669 2511 habuerit
692 2447 831 2526 Telines,
855 2448 946 2511 etiam
972 2448 1065 2511 fuisse
1089 2445 1228 2511 Cererem
1252 2454 1282 2511 ct
1304 2447 1536 2533 Proserpinam,

524 2586 587 2630 non
610 2572 733 2651 propter
755 2564 876 2629 Siciliae
899 2564 980 2642 loca,
1005 2564 1058 2629 sed
1074 2571 1199 2649 propter
1214 2564 1401 2649 praesidium
1417 2563 1536 2629 Cereris

525 2681 559 2746 in
590 2681 776 2766 procreando
807 2683 962 2746 frumento
986 2688 1017 2745 et
1040 2689 1164 2767 propter
1187 2682 1267 2746 filiae
1291 2683 1355 2767 ejus
1379 2682 1482 2747 sedem
1505 2682 1537 2745 in

525 2800 639 2864 inferis.
674 2799 724 2865 Ita
747 2823 819 2864 sane
842 2800 880 2863 ab
902 2800 965 2865 illis
989 2801 1202 2885 sejungeretur
1222 2800 1345 2885 Jupiter
1368 2801 1535 2865 Aetnaeus.

525 2918 685 2983 Praeterea
723 2918 843 2983 Telines
877 2941 984 2984 eornm
1018 2920 1153 2983 Deorum
1189 2920 1391 2984 sacerdotium
1427 2920 1537 2984 habuit

526 3036 635 3101 Gelae:
659 3057 722 3102 non
745 3058 817 3121 ergo
840 3044 975 3114 constat,
993 3036 1142 3101 Gelonem
1157 3044 1240 3115 tum,
1258 3059 1355 3121 quum
1370 3036 1535 3122 Syracusas

524 3157 685 3240 migraret,
717 3154 797 3219 illud
829 3176 952 3240 quoque
982 3156 1015 3218 in
1046 3177 1112 3219 cam
1142 3154 1249 3219 urbem
1279 3154 1472 3220 transtulisse
1504 3163 1535 3220 et

523 3294 586 3338 una
616 3294 685 3337 cum
716 3295 810 3358 regno
841 3271 1059 3358 Syracusarum
1089 3273 1176 3336 fratri
1206 3272 1334 3338 Hieroni
1359 3272 1532 3356 reliquisse.

522 3390 590 3454 Hae
620 3411 692 3475 ergo
715 3399 840 3455 manent
862 3390 1058 3455 difficultates
1081 3391 1114 3454 in
1137 3389 1332 3455 aestimandis
1356 3390 1535 3456 scholiasta·

520 3530 588 3573 rum
620 3508 658 3571 de
687 3507 832 3574 Hieronis
855 3508 1025 3572 sacerdotio
1048 3508 1241 3573 testimoniis,
1288 3508 1326 3572 In
1349 3510 1416 3592 ipso
1439 3509 1532 3574 verbo

520 3628 656 3709 ἀμφέπει
678 3625 766 3691 nulla
789 3634 834 3691 cst
855 3628 1025 3691 necessaria
1048 3626 1210 3691 sacerdotii
1226 3626 1421 3712 significatio:
1439 3627 1534 3712 signi·-

520 3744 629 3807 lioatur
662 3744 790 3808 curandi
825 3746 914 3809 actio.
961 3742 1063 3827 Igitur
1097 3745 1234 3828 impensa
1261 3765 1336 3808 cura
1366 3744 1532 3829 significari

520 3860 658 3940 uidetur,
686 3882 748 3945 qua
770 3861 863 3925 sacris
886 3861 1032 3925 faciendis
1055 3860 1201 3945 festisque
1224 3860 1411 3926 celebrandis
1435 3861 1531 3929 Hiero

519 3976 675 4055 Cererem,
699 3978 930 4062 Proserpinam,
954 3977 1063 4041 Jovcm
1087 3979 1259 4042 Aetnaeum
1284 3978 1421 4043 coluerit.

567 4098 639 4159 loa.
675 4096 762 4171 Ζηνὸς
793 4097 940 4161 Aia-valon.
976 4094 1150 4159 Boeckhius
1179 4096 1335 4180 epitheton
1359 4095 1398 4158 ad
1421 4095 1529 4160 urbem

519 4214 650 4277 Aetnam
681 4213 789 4291 refert,
818 4213 856 4277 ab
879 4212 1015 4277 Hierone
1038 4212 1202 4277 conditam.
1249 4212 1452 4277 Referendum
1476 4234 1529 4297 po-

517 4329 581 4394 tius
603 4329 725 4395 videtur
748 4329 787 4393 ad
810 4336 954 4394 montem.
991 4328 1080 4393 Oonf.
1105 4328 1154 4394 01.
1179 4328 1227 4393 IV
1253 4331 1310 4406 10,
1335 4339 1365 4393 et
1388 4351 1467 4413 quae
1482 4330 1527 4394 ibi

517 4448 739 4513 annotavimus.
785 4446 858 4511 Non
892 4453 974 4511 recte
1005 4468 1077 4531 crgo
1107 4446 1281 4511 Boeckhius
1312 4446 1384 4511 hinc
1416 4446 1524 4523 efficit,
