3767 5534
915 726 956 785 68

461 926 536 1004 sen,
562 949 623 991 non
653 927 765 991 mirum
797 932 860 1004 eet,
892 947 955 989 non
986 933 1108 990 tentum
1136 926 1169 990 in
1192 925 1283 991 rebus
1307 926 1441 991 adversis

458 1044 561 1110 lanndis
590 1046 743 1132 sapientes
773 1047 913 1111 decorem
943 1047 1049 1129 sequi,
1074 1045 1126 1109 sed
1150 1046 1243 1110 etiam
1266 1067 1441 1132 prosperam

457 1162 582 1228 fortumm
607 1186 626 1227 a
648 1163 837 1249 sapientibus
860 1163 985 1228 demum
1008 1165 1053 1228 ita
1074 1164 1186 1249 accipi,
1207 1171 1244 1227 ut
1264 1163 1441 1227 felicitatem

456 1282 483 1344 is
499 1283 608 1348 laudem
629 1290 818 1349 convertant.
858 1282 1037 1368 „Sapientes
1061 1283 1152 1347 etiam
1177 1282 1315 1367 pulcrius
1338 1283 1442 1346 ferunt

455 1398 578 1468 din'nitus
602 1402 704 1467 datam
728 1402 929 1488 potentiam.’'
943 1404 967 1487 ¹)
1013 1402 1071 1480 nt,
1096 1400 1357 1486 quemadmodum
1380 1400 1441 1464 alio

454 1517 505 1583 loco
524 1522 713 1606 scripsimus,
737 1520 967 1585 immoderatam
991 1520 1166 1605 cupidinem
1190 1519 1229 1584 sd
1249 1519 1364 1584 malum
1383 1520 1444 1583 exi·

453 1642 505 1701 tun
530 1640 738 1724 pomus22)
771 1640 814 1703 sic
843 1640 952 1704 melior
984 1661 1048 1703 sors
1078 1639 1298 1725 temperantiae
1323 1639 1356 1701 in
1383 1637 1443 1702 fine

453 1763 499 1820 cst:
526 1760 573 1837 „si
604 1760 673 1842 quis
704 1781 860 1823 summum
890 1766 1000 1823 nactus
1028 1766 1059 1823 et
1087 1757 1252 1842 tranquille
1282 1756 1443 1820 moderans

451 1876 541 1941 malam
563 1876 738 1963 snperbiam
758 1878 880 1963 effugit,
900 1878 1006 1963 nigrae
1025 1877 1207 1963 pulcriorem
1227 1877 1318 1941 linem
1334 1876 1441 1940 mortis

450 1992 568 2075 habebit,
586 1996 763 2061 dulcissimo
779 1997 883 2082 generi
897 1996 1105 2061 felicissimam
1120 1996 1296 2061 divitiarum
1313 1994 1443 2080 gratiam

447 2112 579 2179 donans.’'
598 2116 624 2201 ³)
675 2114 744 2180 Hoc
778 2138 850 2181 sane
884 2124 931 2181 est
963 2116 1117 2201 sapienter
1149 2125 1180 2179 et
1207 2115 1326 2179 fortiter
1352 2114 1444 2199 respi-

445 2253 499 2297 cere
520 2235 621 2298 finem.

478 2353 578 2437 Atque
597 2360 669 2439 post
685 2353 776 2417 finem
796 2353 888 2416 etiam
905 2351 1152 2438 prospiciendum
1169 2359 1260 2437 atque
1275 2353 1307 2416 in
1324 2374 1443 2415 summa

439 2470 523 2556 hujus
546 2471 627 2535 vitae
649 2471 794 2536 felicitate
813 2472 939 2535 alteram
959 2472 1053 2535 vitam
1073 2470 1266 2556 cogitandam
1288 2494 1352 2535 esse
1369 2470 1443 2534 vidi·

437 2612 500 2655 mus
523 2597 625 2654 antea:
638 2594 665 2675 ⁴)
684 2612 814 2674 quarum
833 2614 935 2655 rerum
956 2590 1173 2675 cogitationem
1193 2591 1321 2675 requirit
1337 2597 1441 2675 polita,

434 2730 487 2773 nec
510 2709 574 2773 sine
597 2731 634 2773 ea
655 2731 755 2773 veram
775 2709 897 2774 landem
917 2709 994 2774 dicit
1013 2710 1151 2774 inveniri.
1175 2709 1367 2789 ‚,Divitiae‚''
1385 2709 1441 2786 ait,

433 2834 576 2905 „ornatae
611 2827 756 2894 laudibus
789 2828 957 2893 multarum
992 2850 1093 2893 rernm
1129 2828 1247 2913 copiam
1279 2827 1440 2904 adferunt,

430 2946 609 3031 praebentes
639 2946 793 3032 profunda
823 2947 975 3032 fortiaque
1006 2947 1125 3025 studia,
1159 2946 1312 3031 praeclara
1334 2945 1440 3022 stella,

432 3087 499 3129 vera
529 3065 648 3129 bomini
674 3066 745 3144 lux;
770 3066 796 3128 si
819 3067 888 3149 quis
912 3088 962 3129 eas
985 3066 1095 3144 habet,
1121 3066 1263 3150 cognovit
1286 3087 1338 3142 ea,
1363 3086 1442 3149 quae

433 3192 500 3267 post
522 3191 651 3248 mortem
675 3185 781 3248 futura
805 3185 947 3269 sunt.’'5)

474 3301 580 3366 Unum
619 3308 730 3379 restat,
772 3303 856 3386 quod
896 3302 1062 3380 addamus,
1103 3301 1257 3386 quomodo
1296 3302 1442 3366 invidiam

431 3418 582 3497 Deorum,
615 3442 707 3505 quam
738 3443 756 3484 a
778 3420 912 3485 Pindaro
935 3422 1164 3485 commemorari
1189 3420 1402 3506 exposuimus,
1415 3421 1442 3504 ⁶)

431 3536 625 3603 metuendam
645 3561 710 3602 esse
730 3539 891 3623 putaverit.
927 3538 1038 3622 Neque
1058 3540 1139 3603 enim
1156 3540 1220 3624 jam
1238 3537 1441 3621 intelligimus

431 3656 580 3741 ejusmodi
602 3679 667 3721 esse
690 3664 726 3721 ut
750 3680 768 3721 a
791 3657 894 3722 studio
914 3656 1015 3722 laudis
1035 3665 1165 3735 avertat,
1187 3656 1240 3721 sed
1261 3679 1279 3720 a
1299 3655 1441 3741 superbia

431 3781 460 3839 et
481 3797 584 3839 rerum
604 3798 729 3840 suarum
748 3775 870 3839 fiducia.
905 3775 1066 3841 Praeterea
1084 3797 1155 3840 vero
1175 3776 1208 3840 in
1228 3773 1440 3861 praedicandis

430 3892 574 3958 laudibus
598 3916 664 3957 eam
686 3894 882 3959 metuendam
906 3896 1041 3980 putavit3
1062 3894 1094 3958 id
1113 3894 1197 3979 quod
1216 3892 1441 3979 quodammodo

432 4010 468 4075 ab
491 4012 559 4097 ipsa
580 4034 682 4076 rerum
700 4012 813 4077 fiducia
832 4035 895 4078 non
914 4014 1074 4098 sejungere
1092 4012 1231 4098 quidem,
1252 4010 1443 4096 quandoqui-

433 4130 499 4195 dem
530 4153 601 4195 cum
629 4153 665 4195 ea
687 4133 886 4217 conjunctum
910 4141 973 4211 est,
998 4132 1051 4197 sed
1074 4131 1263 4216 distinguere
1286 4129 1442 4195 debemus.

432 4247 553 4314 Scilicet
576 4250 693 4315 distant
714 4252 813 4316 cretio
832 4260 863 4317 et
880 4252 977 4316 actio:
999 4252 1058 4315 alia
1078 4257 1125 4315 est
1144 4248 1254 4336 agendi
1273 4248 1443 4327 fortitudo,

466 4423 491 4484 n
508 4423 551 4490 ry.
572 4424 598 4473 r.
616 4423 656 4472 ιε.
827 4422 852 4483 a)
870 4421 941 4473 conf.
955 4438 1011 4488 m.
1029 4422 1068 4472 ea.
1218 4422 1242 4483 a)
1264 4421 1305 4486 ep.
1330 4420 1377 4469 rr.
1404 4419 1443 4467 aa.

466 4519 492 4579 ε)
508 4518 580 4569 conr.
594 4534 650 4583 m.
668 4518 709 4568 aa.
826 4518 852 4578 c)
871 4518 909 4567 οι.
927 4517 967 4568 rr.
984 4517 1025 4567 aa.
1104 4567 1106 4571 ,
1219 4515 1244 4579 ε)
1259 4510 1445 4579 enimet.
