3767 5534
891 739 910 797 9

435 935 508 998 Alio
530 936 598 999 loco
621 936 725 1019 attigit
748 935 900 999 Pindarus
924 946 955 999 et
978 936 1174 1012 memoravit,
1200 935 1282 1019 quod
1306 936 1407 998 luerat

386 1055 581 1119 sermonibus
616 1066 817 1141 usurpatum,
850 1055 1016 1120 Herculem
1048 1056 1192 1120 adversus
1225 1054 1408 1139 Neptunum

386 1174 506 1237 clavam
531 1174 683 1257 quassisse
705 1174 864 1259 manibus,
884 1197 982 1258 quum
1003 1174 1083 1239 cirea
1101 1174 1212 1259 Pylum
1233 1182 1317 1237 stans
1338 1195 1407 1237 eum

386 1291 605 1376 aggrederetur
625 1291 807 1378 Neptunus,
828 1294 1046 1377 aggrederetur
1066 1294 1156 1357 etiam
1174 1301 1318 1377 argenteo
1334 1314 1407 1356 arcu

386 1433 531 1496 pugnans
562 1411 692 1495 Apelle,
724 1433 780 1476 nec
810 1411 903 1475 Pluto
932 1412 1091 1476 immotam
1122 1419 1239 1476 teneret
1270 1411 1406 1495 virgam,

388 1554 453 1615 qua
476 1531 602 1595 deducit
623 1532 656 1594 in
680 1554 784 1596 cavam
803 1532 884 1595 viam
904 1531 1040 1596 humana
1059 1554 1185 1617 corpora
1205 1538 1408 1595 mortuorum.

388 1650 450 1713 Sed
482 1659 604 1714 revocat
631 1673 663 1715 se
689 1651 836 1714 continuo
860 1657 891 1715 et
914 1651 1081 1715 exclamat:
1106 1650 1242 1735 „abjiee,
1267 1672 1285 1712 ο
1308 1670 1410 1713 meum

388 1792 441 1847 os,
462 1791 632 1833 sermonem
651 1769 763 1847 istum,
785 1769 1037 1855 quandoquidem
1058 1769 1239 1834 maledicere
1259 1768 1327 1832 Diis
1347 1767 1412 1831 odi·

388 1911 445 1951 osa
474 1887 624 1973 sapientia
655 1897 701 1952 est
725 1897 756 1952 et
775 1890 903 1973 jactatio
926 1889 1140 1974 intempestiva
1162 1894 1309 1952 consonat
1332 1886 1412 1950 insa·

387 2005 469 2070 niae.
515 2005 565 2071 Ne
595 2029 678 2071 nunc
709 2008 852 2091 nugeris,
885 2030 965 2092 quae
995 2008 1058 2071 sint
1089 2006 1258 2092 ejusmodi:
1283 2006 1410 2090 sejunge

388 2125 507 2190 bellum
530 2148 728 2211 pugnamque
751 2148 873 2190 omnem
897 2127 936 2190 ab
960 2125 1217 2190 immortalibus”
1232 2126 1254 2208 ¹)
1296 2123 1411 2187 Fuerat

388 2252 494 2308 autem
529 2244 695 2323 traditum,
730 2244 828 2308 eidem
863 2244 980 2329 proelio
1014 2243 1190 2308 interfuisse
1221 2242 1410 2319 Minervam,

389 2364 586 2449 adjutricem·
604 2364 753 2442 Herculi;
770 2365 795 2449 2)
823 2387 895 2449 ergo
919 2364 1014 2427 fuisse
1037 2364 1118 2427 inter
1140 2364 1223 2448 ipsos
1247 2362 1328 2426 Deos
1352 2384 1414 2426 cer-

388 2493 507 2547 tamen:
530 2477 703 2568 cujusmodi
722 2484 925 2548 certaminum
945 2484 1055 2568 plenus
1077 2482 1230 2546 Homerus
1252 2489 1313 2559 est,
1330 2481 1414 2566 pleni

387 2608 498 2686 poetae
517 2601 641 2686 reliqui:
663 2602 717 2694 sed
737 2601 866 2686 indigna
884 2602 953 2665 Diis
966 2601 1086 2686 judicat
1101 2601 1263 2666 Pindarus.
1295 2600 1412 2664 Verum

389 2721 457 2805 ejus
478 2720 588 2805 judieii
612 2743 704 2784 eausa
727 2722 820 2786 simul
843 2721 902 2785 hoc
926 2721 994 2786 loco
1018 2707 1220 2807 intelligitur,
1245 2722 1359 2806 pariter
1378 2721 1410 2784 in

388 2840 574 2904 verecundia
597 2848 628 2904 et
647 2841 797 2905 modestia
817 2841 931 2927 posita:
954 2842 1090 2905 odiosam
1111 2841 1290 2926 sapientiam
1312 2864 1408 2924 quum

387 2958 491 3036 dicat,
515 2959 541 3022 si
565 2960 633 3044 quis
657 2959 726 3024 Diis
749 2959 928 3038 maledicat,
954 2961 1121 3045 sapientiae
1144 2960 1335 3024 affectatione
1359 2983 1409 3023 su·

388 3076 486 3162 perba
513 3078 545 3142 id
573 3078 637 3142 fieri
660 3078 757 3143 solere
781 3079 915 3143 ostendit
939 3089 970 3143 et
994 3079 1137 3144 efferendi
1161 3104 1193 3144 se
1217 3079 1338 3157 studio,
1363 3079 1409 3143 id·

388 3198 473 3261 circo
498 3198 589 3261 etiam
612 3199 858 3284 intempestivam
875 3199 1072 3285 jactationem
1094 3199 1268 3284 appellans,
1290 3203 1409 3279 καυχῖι·

387 3316 456 3379 σθαι
492 3316 574 3396 παρὰ
609 3318 719 3398 καιρόνς
755 3318 855 3382 dicere
889 3326 1009 3395 autem,
1046 3318 1230 3396 Herculem,
1270 3317 1410 3401 quamvis

387 3434 592 3499 fortissimum
623 3436 722 3499 virum
755 3444 786 3500 et
816 3436 940 3501 heroem
968 3436 1282 3521 praestantissimum,
1307 3444 1409 3499 tamen
1471 3496 1473 3499 .

387 3552 528 3617 humano
559 3555 709 3638 sanguine
740 3563 876 3634 cretum,
902 3556 970 3619 Diis
993 3579 1096 3642 parem
1120 3556 1214 3619 fuisse
1237 3556 1269 3619 in
1293 3555 1411 3641 proelio

387 3681 422 3735 et
446 3670 591 3735 adversus
615 3694 666 3736 eos
690 3674 806 3737 clavam
830 3682 956 3757 quatere
979 3674 1134 3760 potuisse,
1156 3674 1214 3739 hoe
1233 3674 1301 3737 Diis
1320 3673 1412 3739 male·

297 3823 301 3832 ·
388 3790 493 3853 dicere
517 3798 580 3855 erat
604 3800 634 3855 et
657 3792 812 3856 hominem
836 3793 1011 3858 dedecebat.

435 3910 584 3995 Exempla
607 3913 681 3976 haec
705 3913 768 3976 duo
792 3914 995 3997 protulimus,
1020 3915 1051 3979 in
1077 3913 1189 3998 quibus
1214 3913 1311 3997 digito
1331 3935 1411 3977 com·

387 4031 624 4095 monstrandum
655 4032 782 4096 Pindari
813 4034 953 4097 studium
978 4041 1042 4098 erat
1066 4034 1234 4097 sententiae
1257 4033 1409 4111 melioris,

386 4323 442 4368 rata
467 4323 518 4379 est,
542 4319 589 4369 alio
613 4321 668 4369 loeo
691 4322 832 4373 referemus.
867 4323 982 4373 Ceterum
1007 4323 1105 4373 Pindari
1128 4324 1270 4373 sententiam
1294 4323 1410 4387 expressit

387 4414 533 4478 Euripides,
552 4416 632 4481 Iphiq.
649 4416 675 4464 in
695 4418 767 4467 Paur.
785 4418 841 4468 386.

423 4511 447 4571 l)
467 4510 504 4559 01.
522 4512 569 4563 IX.
589 4514 619 4561 54
636 4528 698 4580 seqq.
766 4514 790 4575 2)
808 4515 878 4566 Cous.
895 4516 1019 4565 annotatio
1035 4520 1116 4565 nostra
1133 4516 1167 4564 cd
1185 4516 1222 4565 Ol.
1240 4517 1281 4569 ΙΧ
1303 4516 1344 4568 43.
