3767 5534
898 726 971 786 1493

432 929 528 994 Iluere
558 950 627 992 cum
658 926 751 990 saeris
782 925 884 1010 Ajacis
916 923 1042 1009 Opunte
1073 925 1238 988 certamina
1265 926 1448 1011 conjuncta,

431 1046 554 1111 nomine
579 1046 717 1130 Ajautia,
744 1050 778 1108 ut
801 1042 890 1106 docet
914 1041 1088 1105 scholiasta.

408 1222 410 1224 ,
476 1168 550 1229 168.
585 1162 821 1245 ἐπεστεφάνωσε.
857 1162 937 1226 Fieri
962 1170 1076 1246 potest,
1100 1168 1135 1226 ut
1150 1162 1247 1245 ipsam
1263 1164 1296 1226 in
1313 1164 1446 1249 Ajantiis

431 1292 615 1369 reportatam
651 1305 792 1347 coronam
824 1282 910 1366 Ajaoi
941 1281 1038 1345 vietor
1069 1282 1305 1345 consecraverit:
1339 1282 1446 1360 Plato,

432 1402 479 1466 De
509 1401 604 1485 Legg.
638 1400 703 1463 XII
736 1402 799 1462 943
832 1421 848 1463 o
879 1398 978 1482 legem
1010 1400 1173 1483 proponit,
1205 1408 1241 1463 ut
1273 1402 1315 1477 is,
1341 1402 1395 1486 qui
1418 1402 1451 1464 in
1523 1467 1527 1470 ,

434 1520 514 1585 bello
545 1520 586 1584 sit
615 1520 729 1603 optime
760 1518 906 1594 meritus,
939 1539 1082 1581 coronam
1114 1518 1244 1602 accipiat
1275 1518 1451 1595 frondeam,
1574 1555 1577 1560 ·

435 1661 560 1724 eamque
583 1660 653 1701 cum
677 1636 775 1700 titulo·
793 1643 950 1700 consecret
972 1635 1005 1698 in
1029 1637 1144 1720 templo
1169 1637 1297 1721 alicujus
1314 1637 1450 1701 Deorum

434 1758 622 1823 bellicorum.
658 1756 878 1821 Verumtamen
913 1755 946 1819 id
982 1756 1034 1820 hic
1071 1756 1153 1841 apud
1187 1756 1355 1820 Pindarum
1389 1780 1452 1821 non

435 1884 576 1964 apparet,
602 1887 632 1940 et
655 1877 681 1939 si
703 1876 748 1939 ita
771 1882 852 1953 erat,
878 1874 1022 1938 disertius
1039 1874 1167 1939 Poetam
1187 1875 1341 1939 dicturum
1359 1876 1452 1940 luisse

434 1996 540 2060 oredo:
573 2018 644 2080 ergo
677 1996 820 2060 victorem
852 2002 992 2077 agentem
1025 1995 1139 2078 gratias
1163 2002 1246 2058 aratu
1270 1996 1378 2067 θυσίαις
1401 1995 1451 2059 καὶ

433 2114 604 2192 στέμμασι,
629 2122 665 2177 ut
680 2112 845 2177 scholiasta
862 2113 921 2191 ait,
939 2135 1061 2176 ornasse
1078 2113 1227 2177 existimo.
1265 2112 1451 2197 Frequentia

432 2231 528 2317 hujus
558 2232 681 2316 generis
716 2231 853 2314 exempla
887 2245 977 2310 sunt,
1010 2231 1103 2295 velut¹
1125 2231 1265 2295 sacerdos
1297 2232 1450 2317 Apollinis

434 2350 517 2435 apud
541 2350 633 2414 Hom.
657 2349 696 2413 Il.
721 2350 738 2413 I
761 2353 803 2413 39

513 2526 520 2533 .
627 2467 655 2532 al
674 2468 745 2533 σντέ
768 2492 810 2533 ror
832 2468 966 2549 χαρίεντ’
992 2468 1040 2532 ἐπὶ
1064 2468 1126 2543 νηὸν
1148 2468 1257 2549 ἔρεψαε

434 2585 579 2650 Herculis
603 2585 692 2650 liberi
716 2585 871 2670 supplices
893 2586 980 2650 Jovis
1003 2586 1087 2670 apud
1111 2586 1334 2665 Athenienses,
1358 2588 1452 2653 ἱκέταν

433 2702 572 2776 κάθηνται
607 2703 707 2781 βωμὸν
743 2704 1003 2784 καταστέψαντες,
1037 2703 1144 2789 Eurip.
1178 2705 1332 2770 Heraclid.
1368 2708 1449 2783 lat,

434 2820 522 2886 Oonf.
560 2824 618 2887 71:
654 2821 839 2902 βιαζόμεσθα
872 2824 921 2887 καὶ
954 2824 1050 2904 στέφη
1081 2826 1238 2898 μιαίνεται.
1287 2823 1449 2902 Ceterum,

433 2940 561 3024 reliquis
590 2938 679 3003 antea
710 2940 843 3004 laudatis
874 2942 1025 3018 victoriis,
1058 2942 1247 3027 praeclarum
1273 2943 1451 3008 humefacit
1526 3022 1528 3026 Ι

435 3056 531 3121 Poeta
561 3059 703 3121 carminis
734 3059 867 3136 exitum,
901 3059 1081 3143 copulandis
1106 3061 1215 3124 Herois
1239 3061 1385 3145 indigetis
1408 3062 1454 3147 ip-

436 3175 561 3259 siusque
591 3173 726 3261 Opuntis
759 3185 789 3239 et
819 3176 1017 3261 Epharmosti
1045 3178 1230 3255 honoribus,
1256 3185 1303 3256 et,
1329 3180 1355 3242 si
1378 3179 1453 3244 haec

437 3301 591 3379 postrema
618 3295 678 3358 luit
699 3295 897 3380 Epharmosti
920 3296 1064 3374 victoria,
1090 3296 1213 3361 cumulo
1238 3296 1363 3361 laudum
1387 3300 1452 3383 ejus

438 3413 470 3476 in
494 3412 661 3477 domestica
683 3412 774 3478 laude
797 3413 948 3499 ponendo.

813 3797 1009 3863 OLYMPIA
1031 3800 1072 3864 X.

483 4006 660 4089 Agesidami
689 4005 780 4070 Locri
809 4005 1004 4091 Epizephyrii
1032 4008 1157 4072 victoria
1180 4031 1197 4071 a
1220 4009 1384 4074 scholiasta
1406 4034 1454 4074 ve-

437 4133 501 4189 tere
525 4126 651 4210 ponitur
674 4123 857 4209 Olympiade
880 4125 1030 4189 LXXIV:
1055 4136 1087 4190 at
1109 4128 1140 4190 in
1157 4127 1243 4191 Urat.
1262 4130 1453 4214 ascriptum

438 4253 484 4307 est
514 4245 639 4316 ἐνίκησεν
669 4240 754 4316 ἕκτην
780 4243 829 4306 καὶ
858 4244 985 4320 ἑβδόμην
1008 4244 1221 4321 Ὀλυμπιάδας
1246 4269 1301 4331 pro
1325 4248 1452 4327 ἑβδόμην

437 4360 613 4425 Boeckhius
637 4360 733 4424 edidit
755 4362 977 4438 ἑβδομηκοστήν.
1025 4362 1071 4425 De
1095 4370 1231 4448 tempore
1255 4366 1397 4429 victoriae
1421 4375 1451 4430 et

401 4488 407 4495 ‘
437 4479 579 4543 carminis
602 4500 636 4542 ao
660 4477 697 4542 de
721 4478 769 4542 his
794 4478 917 4543 scholiis
941 4479 1166 4564 disputabimus
1191 4482 1227 4546 ad
1252 4506 1286 4546 vs
1309 4486 1359 4548 19.
