3767 5534
922 710 961 772 13

455 909 515 991 regis
541 912 622 978 filia..
656 912 742 977 Haec
773 920 874 978 autem
905 936 967 976 non
991 913 1153 979 muliebria
1176 938 1269 1002 opera
1291 921 1323 979 et
1347 913 1448 979 oblec-

455 1032 566 1093 tamenta
588 1032 718 1109 amavit,
743 1031 796 1095 scd
820 1031 889 1095 telis
913 1031 1014 1096 aeneis
1039 1040 1069 1095 et
1091 1033 1194 1118 gladio
1220 1056 1363 1120 pugnans
1380 1053 1450 1096 vex·

454 1148 500 1212 avit
525 1151 600 1214 feras
630 1149 760 1228 bestias,
792 1150 920 1214 multam
953 1173 1025 1215 sane
1057 1160 1088 1216 et
1118 1153 1318 1238 tranquillam
1350 1150 1450 1216 bobus

452 1271 564 1349 patamis
587 1292 692 1355 pacem
717 1269 881 1354 praebens,
906 1283 1049 1335 somnum
1072 1272 1104 1337 in
1128 1272 1207 1336 ciliis
1234 1294 1360 1358 parcum
1381 1294 1451 1335 con·

449 1406 553 1450 sumens
581 1388 639 1451 sub
663 1387 828 1452 adventum
854 1389 1002 1453 Aurorae.
1049 1387 1169 1454 Nactus
1193 1413 1259 1454 eam
1284 1389 1450 1474 aliquando

446 1513 482 1567 est
508 1528 576 1569 cum
606 1506 678 1569 lorti
700 1505 788 1570 leone
812 1506 906 1570 solam
932 1506 997 1570 sine
1023 1508 1109 1571 hasta
1131 1509 1301 1573 luctantem
1325 1508 1449 1593 Apollo.

443 1621 587 1688 Continuo
614 1623 778 1687 Chironem
802 1626 938 1688 vocavit:
963 1625 1103 1709 relinque
1127 1634 1267 1705 antrum,
1292 1650 1311 1690 o
1334 1626 1451 1711 Philly-

438 1742 514 1821 uda,
550 1750 581 1807 et
616 1744 753 1807 animum
788 1744 917 1825 feminae
951 1767 1155 1829 magnamque
1188 1746 1249 1809 vim
1281 1745 1449 1822 admirare,

437 1862 522 1946 quale
553 1869 705 1926 certamen
733 1869 804 1946 agat
826 1863 980 1948 intrepido
1004 1865 1121 1949 capite,
1145 1864 1249 1929 labore
1273 1866 1371 1949 majus
1395 1886 1448 1928 cor

435 1980 547 2045 habens
576 1981 715 2067 juveniS,
747 2003 804 2044 uec
834 2004 920 2045 mens
944 1989 1059 2046 terrore
1081 1989 1230 2048 movetur.
1279 1983 1358 2063 Quis
1382 2005 1449 2047 eam

435 2101 593 2164 hominum
622 2099 761 2185 peperit?
806 2098 934 2164 Licetne
958 2103 985 2164 ei
1009 2101 1172 2185 gloriosam
1196 2124 1322 2166 mauum
1346 2101 1451 2164 afferre

433 2243 468 2283 ac
492 2219 529 2282 de
552 2219 632 2283 lecto
656 2240 777 2303 carpere
797 2218 1005 2283 dulcissimam
1026 2219 1170 2284 herbam?
1204 2220 1257 2284 llli
1277 2220 1451 2284 Centaurus

432 2339 649 2423 magnanimus
683 2338 841 2423 respondit
875 2340 1039 2403 continuo:
1076 2340 1214 2404 occultae
1248 2340 1347 2404 claves
1378 2348 1451 2404 sunt

432 2459 581 2543 sapientis
605 2456 725 2520 Suadae
749 2465 925 2521 sanctorum
946 2480 1100 2536 amorum,
1122 2458 1260 2537 Phoebe,
1282 2466 1312 2522 et
1331 2461 1362 2522 in
1383 2459 1450 2521 Diis

432 2580 494 2643 hoc
521 2586 552 2641 et
578 2578 611 2640 in
635 2574 811 2641 hominibus
835 2585 977 2641 verentur
1001 2578 1131 2662 pariter,
1156 2586 1258 2663 aperte
1282 2578 1366 2642 dulci
1390 2577 1451 2640 lrui

432 2698 570 2783 primum
597 2695 761 2760 connubio.
778 2696 800 2779 ¹)
845 2695 970 2759 Etenim
1005 2703 1053 2774 te,
1079 2718 1170 2779 quem
1192 2696 1277 2760 nefas
1301 2696 1451 2780 attingere
1522 2749 1524 2752 .

431 2815 647 2892 mendacium,
672 2815 821 2879 convertit
844 2814 942 2879 dulcis
967 2815 1079 2900 cupido
1104 2823 1139 2878 ut
1162 2816 1222 2879 ista
1244 2815 1335 2878 verba
1358 2816 1452 2899 finge·

432 2959 494 3000 res.
507 2936 532 3019 2)
577 2933 703 2997 Puellae
726 2934 860 3011 natales,
885 2934 968 2998 unde
992 2936 1048 3013 sit,
1073 2957 1161 3019 rogas
1186 2934 1318 3019 Apollo?
1339 2934 1453 3019 perfec-

432 3063 503 3119 tum
535 3054 590 3138 qui·
619 3054 756 3117 omnium
784 3076 886 3117 rerum
910 3056 1001 3117 finem
1025 3055 1165 3138 cognosti
1189 3062 1219 3117 et
1242 3078 1347 3119 omnes
1369 3055 1452 3131 vias,

433 3183 551 3258 quotve
581 3180 663 3236 terra
694 3195 800 3236 vernos
831 3174 920 3237 flores
951 3174 1088 3253 emittat,
1114 3183 1144 3238 et
1168 3181 1244 3258 quot
1266 3174 1300 3238 in
1323 3175 1454 3238 marist

433 3292 539 3356 fluviis
571 3314 680 3355 arenae
710 3292 873 3356 volvantur
900 3292 1047 3357 fluctibus
1075 3300 1105 3357 et
1133 3300 1292 3357 ventorum
1316 3293 1452 3377 impetu,

433 3420 469 3476 et
491 3410 568 3495 quid
590 3411 729 3474 futurum
753 3417 784 3475 et
806 3411 889 3475 unde
911 3412 1053 3476 futurum
1076 3413 1117 3475 sit
1139 3412 1216 3476 bene
1238 3411 1334 3475 vides.
1347 3411 1373 3496 3)
1420 3411 1453 3475 Si

434 3541 540 3596 tamen
572 3553 643 3595 cum
675 3531 812 3616 sapiente
844 3538 959 3595 certare
982 3539 1121 3617 oportet,
1146 3530 1255 3595 dicam.
1302 3529 1384 3594 Huic
1407 3552 1455 3595 ve·

471 3732 496 3794 l)
514 3733 608 3791 Suada,
632 3732 721 3780 Graece
742 3734 828 3796 πειθὼ,
855 3730 923 3794 qussi
947 3730 1035 3780 amoris
1057 3730 1109 3780 Dec
1132 3733 1182 3809 pst,
1206 3733 1234 3779 ut
1255 3728 1328 3779 etiam
1350 3730 1392 3795 Py.
1409 3729 1427 3778 I
1429 3728 1456 3780 V.

435 3828 502 3887 390,
520 3831 545 3877 et
562 3827 625 3891 apud
642 3825 800 3891 Sophoclem,
821 3826 904 3876 ihach.
922 3825 979 3876 ool.

471 3925 496 3985 2)
514 3925 566 3973 Ista
590 3924 660 3972 verta
685 3921 821 3986 significant
846 3920 1004 3987 posteriorem
1032 3920 1179 3985 quaestionis
1204 3918 1323 3983 Apollinis
1347 3921 1455 3982 partem,

431 4020 552 4069 liceretne
569 4017 687 4082 virginem
704 4020 812 4082 tangere.
846 4017 884 4065 Ad
900 4016 1007 4081 priorem
1024 4015 1171 4081 quaestionis
1188 4017 1296 4079 partem,
1314 4029 1375 4078 qnae
1392 4015 1456 4063 esset

433 4116 521 4179 virgo,
539 4114 651 4178 deinceps
668 4114 798 4179 respondet
815 4113 899 4162 Chiro.

472 4212 498 4273 3)
516 4210 577 4260 Cum
601 4210 647 4259 hoc
670 4209 877 4273 praestantissimo
902 4208 956 4257 loco
979 4208 1083 4258 conferri
1109 4209 1216 4258 meretur
1238 4206 1314 4271 ipsius
1337 4203 1458 4270 Apollinis

438 4308 564 4357 oraculum
582 4307 645 4370 apud
662 4306 827 4365 Herodotum,
845 4306 872 4355 L.
891 4307 914 4354 I.
932 4322 953 4353 c.
970 4304 1011 4358 47.

605 4404 655 4455 οἶδα
672 4402 692 4453 δ’
708 4408 752 4468 nu
768 4408 866 4469 ψάμμον
881 4400 903 4454 τ’
918 4407 1016 4472 ἀριθμὸν
1033 4405 1070 4454 καὶ
1086 4406 1165 4469 μέτρα
1182 4402 1295 4459 θαλάσσης

606 4503 644 4552 καὶ
660 4504 732 4566 κωφοῦ
749 4501 837 4564 σωὶημι
854 4502 892 4551 καὶ
909 4500 935 4549 οὐ
951 4504 1069 4566 φωνεῦντος
1084 4497 1165 4548 ἀκούω.
