3767 5534
1024 683 1087 745 133

554 887 599 949 At
622 884 799 949 Herodotus
822 884 1008 963 masculino,
1034 884 1118 949 velut
1142 884 1191 948 IX
1217 887 1273 963 10,
1293 885 1469 970 pariterque
1489 883 1572 947 Thu-

556 1004 691 1089 cydides,
715 1013 749 1068 ut
769 1003 803 1067 II
827 1006 877 1068 13.
1378 1028 1380 1031 ·

602 1125 674 1187 150.
708 1120 808 1186 ἄλλαν
831 1124 878 1186 ἐπ’
901 1122 994 1204 ἄλλα.
1042 1120 1232 1207 Intelligitur
1251 1118 1311 1186 εἷλε
1331 1122 1411 1187 νίκαν
1432 1121 1481 1186 vel
1495 1120 1570 1201 ἔσχε

552 1242 600 1305 vel
624 1240 732 1304 simile.
769 1239 966 1324 significatur
988 1238 1182 1324 Tlepolemus
1206 1240 1283 1303 duas
1299 1262 1362 1304 non
1378 1240 1570 1305 intermissas

553 1354 694 1422 v'ietorias
718 1356 885 1422 Nemeaeas
908 1366 1088 1441 reportasse.

600 1480 673 1541 151.
697 1484 837 1557 κρανααῖς
861 1479 889 1541 ἐν
905 1474 1052 1549 Ἀθάναις.
1076 1475 1262 1541 scholiastae
1279 1485 1449 1541 memorant
1465 1474 1571 1561 Olym·

551 1596 618 1681 pia,
642 1595 874 1672 Panathenaea,
899 1594 1074 1672 Eleusinia,
1095 1594 1260 1659 Heraclea:
1282 1617 1413 1679 quorum
1429 1597 1495 1659 duo
1512 1595 1569 1680 pri·

550 1738 604 1779 ora
626 1716 693 1798 ipsa
715 1714 748 1777 in
770 1712 847 1778 urbe
872 1713 1001 1777 Athenis
1025 1712 1271 1777 celebrabantur:
1296 1712 1457 1777 Eleusinia
1477 1711 1569 1776 Eleu·

551 1834 633 1911 sine,
670 1832 819 1904 Heraclea
853 1831 1046 1895 Marathone.
1103 1832 1141 1895 In
1176 1831 1289 1916 quibus
1324 1854 1428 1896 eorum
1466 1831 1570 1896 vicarit

551 1951 721 2036 Diagoras,
753 1952 904 2015 incertum
937 1973 1002 2014 esse
1034 1949 1141 2014 dieunt
1165 1950 1364 2028 scholiastae,
1390 1958 1420 2014 et
1443 1948 1570 2014 fortasse

551 2092 621 2135 eum
645 2071 753 2135 vicisse
777 2071 809 2133 in
833 2069 986 2134 omnibus.
1003 2068 1114 2153 Neque
1132 2069 1273 2153 equidem
1291 2069 1477 2149 definivero,
1494 2091 1570 2154 quae

499 2222 502 2226 ²
551 2189 666 2253 fuerint
689 2188 840 2273 Diagorae
864 2189 1022 2253 victoriae:
1049 2189 1102 2252 sed
1124 2199 1203 2253 certe
1219 2188 1506 2254 Panathenaeorum
1524 2188 1569 2252 vel

553 2306 784 2393 Olympiorum:
809 2331 880 2371 nam
896 2307 980 2372 haud
996 2315 1076 2372 recte
1098 2308 1279 2373 scholiastae
1294 2309 1424 2388 κραναὰς
1446 2308 1570 2379 Ἀθάνας

551 2449 607 2512 pro
638 2435 704 2491 tota
734 2428 838 2491 Attica
861 2426 959 2491 dietas
983 2433 1110 2511 putant,
1135 2435 1294 2511 propterea
1317 2427 1401 2512 quod
1425 2449 1462 2491 ea
1483 2427 1565 2511 regio

551 2569 657 2610 saxosa
678 2547 781 2610 fuerit.
817 2546 983 2610 Manifesto
1007 2546 1074 2610 ludi
1099 2546 1300 2610 Athenienses
1324 2554 1355 2610 et
1378 2544 1565 2610 Marathonii

551 2666 631 2729 inter
661 2687 693 2729 se
724 2664 960 2749 distinguuntur
983 2663 1033 2729 Ol.
1058 2664 1107 2729 IX
1133 2667 1213 2743 133,
1238 2674 1269 2729 et
1291 2665 1432 2728 similiter
1454 2664 1489 2728 in
1512 2664 1567 2727 hoe

551 2792 655 2848 nostro
679 2785 811 2849 carmine
833 2783 973 2849 Thebani
996 2792 1026 2849 et
1049 2784 1189 2862 Boeotii,
1209 2786 1289 2862 151,
1310 2786 1384 2847 155.
1407 2782 1567 2847 Praeterea

551 2923 588 2966 ex
622 2902 872 2986 praecedentibus
903 2902 1037 2986 intelligi
1068 2902 1158 2966 credo
1189 2899 1288 2966 ἄλλαν
1318 2901 1366 2966 ἐπ’
1397 2898 1500 2983 ἄλλα,
1531 2904 1565 2963 ut

550 3019 681 3084 Athenis
705 3042 828 3104 quoque
852 3020 930 3085 duae
954 3020 1098 3085 victoriae
1121 3020 1271 3105 Diagorae
1287 3019 1381 3083 fuisse
1396 3018 1565 3103 significen-

549 3145 609 3203 tur.
657 3141 798 3218 Κραναα1Υ
813 3139 905 3203 etiam
928 3138 1075 3204 dicuutur
1098 3138 1237 3203 Athenae
1257 3137 1307 3203 Ol.
1325 3136 1408 3201 XIII
1430 3139 1490 3214 62,
1506 3134 1563 3201 Ne.

549 3256 632 3321 VIII
665 3260 723 3322 19:
753 3264 783 3323 et
807 3258 975 3322 seeundum
998 3258 1211 3335 Herodotum,
1235 3256 1318 3322 VIII
1341 3260 1402 3334 11,
1431 3264 1564 3341 tempore

549 3375 747 3461 Pelasgorum
771 3377 831 3461 ipsi
854 3377 1058 3442 Athenienses
1080 3378 1204 3442 nomine
1225 3377 1349 3462 proprio
1365 3375 1479 3442 Oranai
1493 3374 1565 3441 dicti

549 3494 684 3560 fuerunt.

594 3611 809 3678 Panathenaea
832 3620 935 3677 autem
960 3599 1103 3678 videntur
1115 3613 1220 3677 eadem
1229 3662 1238 3691 ,
1257 3635 1335 3698 quae
1347 3613 1567 3697 Athenaeaap·

551 3731 665 3819 pellata
695 3738 769 3795 sunt
798 3732 831 3796 in
862 3731 1066 3817 Inscriptione
1098 3733 1161 3796 245
1195 3732 1276 3817 apud
1304 3730 1514 3809 Boeckhium,
1538 3737 1566 3795 et

551 3847 634 3933 apud
666 3848 859 3912 Athenaeum
886 3848 922 3913 L.
948 3848 1014 3912 XII
1039 3851 1121 3927 561,
1147 3850 1324 3934 praesertim
1348 3871 1444 3934 quum
1468 3871 1505 3913 ea
1526 3847 1567 3911 di·

551 3973 659 4030 eantur
689 3966 819 4031 maxime
850 3967 999 4032 honorata
1031 3967 1270 4032 Atheniensibus
1299 3968 1385 4033 festa.
1421 3966 1565 4052 Legimus

550 4082 634 4167 apud
665 4082 807 4148 Suidam:
839 4085 880 4150 rol
910 4086 939 4149 δὲ
966 4087 1156 4162 Παναθήναια
1179 4087 1309 4167 πρότερον
1333 4088 1476 4161 Ἀθήναια
1504 4088 1565 4151 ἕνα·

549 4207 667 4267 Mirer:
705 4202 759 4266 sed
796 4202 880 4287 apud
911 4203 1059 4267 eundem:
1092 4212 1243 4282 Χαλκεῒα,
1275 4202 1296 4268 11
1323 4228 1397 4276 τινες
1428 4204 1565 4278 Ἀθήναια

550 4325 697 4385 καλοῦσιν.

596 4435 755 4502 Praeterea
785 4448 993 4504 memorantur
1016 4440 1048 4504 in
1072 4461 1135 4503 uno
1158 4439 1275 4502 scholio
1298 4440 1466 4504 recentiore
1490 4439 1565 4503 Pan·
