3767 5534
903 710 966 771 473

430 910 597 988 existimat,
622 917 653 972 et
675 910 789 975 idcirco
807 910 928 975 laudari
944 934 962 976 a
976 910 1071 975 Poeta
1086 916 1174 975 vetus
1189 912 1313 989 nuum,
1332 932 1366 972 vs
1384 912 1443 975 ta:

432 1028 611 1107 Disaenius,
645 1053 709 1094 eam
741 1030 950 1119 laudationem
973 1031 1065 1096 etiam
1089 1052 1218 1116 pompae
1241 1037 1312 1115 post
1336 1028 1445 1114 epulas

431 1150 591 1213 convenire
615 1151 807 1227 existimans,
831 1151 863 1214 in
888 1172 1000 1235 pompa
1015 1150 1046 1214 id
1063 1150 1178 1214 factum
1195 1172 1260 1214 esse
1276 1149 1444 1215 arbitratur

431 1267 511 1330 inter
536 1267 629 1331 faces<
644 1267 801 1345 ardentes,
826 1290 923 1353 eoque
946 1269 1097 1353 pertinere
1120 1268 1246 1333 verbum
1269 1267 1446 1349 ἐπιφλέγων

431 1407 464 1449 va
488 1388 540 1449 34.
565 1386 681 1449 Verum
704 1394 834 1470 uterque
856 1388 1061 1472 praetermisit
1084 1388 1247 1473 remigium
1263 1392 1293 1452 et-
1309 1408 1443 1471 equum,

432 1506 491 1582 35,
524 1506 577 1567 36.
623 1503 802 1570 Debuerant
832 1504 943 1570 addere
974 1506 1099 1570 navium
1126 1506 1159 1569 in
1182 1513 1275 1590 portu
1299 1526 1444 1591 pompam

432 1629 463 1685 et
485 1621 601 1706 equites
624 1645 719 1708 prope
741 1624 774 1687 in
797 1623 902 1700 litore,
928 1645 1025 1706 eoque
1048 1622 1145 1687 hortis
1165 1623 1303 1702 consito,
1320 1629 1447 1709 propter

431 1742 540 1812 κᾶπον,
566 1762 599 1801 vs
623 1742 677 1803 40.

478 1860 530 1922 36.
566 1858 632 1929 ναὸς
656 1856 822 1939 ὑποπτέρου.
858 1857 951 1922 Hom.
976 1856 1035 1922 Od.
1061 1858 1109 1923 XI
1136 1861 1200 1924 124

563 1976 651 2056 εὐήρε’
674 1977 800 2056 ἐρετμὰ,
823 1974 863 2041 τά
885 2000 920 2040 τε
941 1976 1037 2055 πτερὰ
1059 1975 1138 2050 νηυσὶ
1163 1976 1313 2043 πέλονται.

480 2095 532 2157 38.
568 2095 593 2158 εἷ
623 2095 674 2159 σύν
704 2118 765 2159 τινι.
800 2093 982 2157 Persuasum
1013 2093 1125 2158 Poetae
1149 2101 1212 2172 est,
1238 2115 1356 2157 senon
1381 2092 1446 2156 siue

435 2233 491 2296 ope
507 2212 610 2276 divina
626 2234 682 2275 sua
697 2213 831 2275 carmina
846 2234 987 2297 pangere.
1011 2212 1162 2290 Haedua,
1180 2211 1303 2297 proprie
1318 2231 1445 2287 manus,

436 2328 467 2393 h.
490 2329 512 2392 l.
537 2336 583 2392 est
601 2351 742 2413 praesens
759 2329 917 2393 auxilium.
953 2327 1020 2392 Nec
1035 2329 1158 2411 μοιριδίῳ
1173 2328 1309 2411 παλάμᾳ
1323 2326 1445 2391 differre

436 2445 557 2510 videtur
579 2468 597 2509 a
619 2446 680 2511 θεοῦ
703 2445 853 2529 παλάμᾳ,
878 2443 928 2509 01.
954 2444 984 2509 X
1009 2449 1061 2509 25.

482 2567 535 2628 39.
570 2562 712 2642 ἐξαίρετον
735 2562 864 2645 Χαρίτων
886 2566 990 2628 κᾶπον.
1026 2563 1161 2628 Hortum
1181 2562 1377 2639 Gratiarum,
1394 2559 1448 2644 qui

436 2681 511 2765 ipsis
542 2682 684 2765 proprius
715 2703 749 2744 ac
776 2680 907 2746 dilectus
931 2688 987 2746 est.
1034 2680 1146 2746 Poesiu
1170 2681 1331 2766 epiniciam
1357 2680 1448 2745 etiam

438 2797 528 2863 Nem.
559 2798 608 2862 IX
640 2801 702 2862 129
735 2799 773 2863 ad
804 2799 927 2864 Gratias
951 2800 1061 2887 refert,
1086 2799 1276 2884 eandemque
1298 2798 1358 2863 hoc
1381 2796 1447 2861 loeo

439 2915 607 3000 significare
631 2917 765 2994 videtur,
789 2939 851 2981 nou
871 2917 1043 2981 universam
1060 2917 1188 3002 poesin,
1200 2916 1253 2980 sed
1269 2937 1353 2993 eam,
1371 2935 1448 3000 quaa

439 3035 654 3099 suavissimum
681 3035 919 3100 decorandorum
943 3035 1141 3099 victoriarum
1163 3033 1298 3098 officium
1321 3030 1448 3098 habeat:

439 3152 597 3234 ἕξοιίρετονι
634 3175 710 3237 quas
742 3153 824 3237 ipsas
855 3174 979 3238 quoque
1012 3151 1155 3216 victorias
1185 3150 1295 3215 iisdem
1325 3150 1450 3215 Deabus

440 3277 577 3357 acceptas
600 3271 710 3335 referre
733 3270 827 3334 solet:
852 3269 914 3334 vid.
939 3269 989 3334 01.
1013 3269 1049 3334 H
1074 3272 1136 3348 90,
1161 3268 1209 3333 IV
1235 3271 1285 3333 14.
1322 3267 1373 3332 Ad
1389 3289 1450 3332 aas·

441 3389 509 3455 dem
534 3388 674 3453 victorias
697 3410 862 3471 earumque
885 3388 1047 3473 praeconia
1066 3386 1207 3471 respicit,
1224 3407 1396 3450 memorans
1411 3383 1450 3450 rat

441 3506 550 3589 asama
573 3530 606 3569 vs
631 3509 684 3570 41.
731 3505 819 3570 Ooui.
844 3504 894 3570 Ol.
918 3505 984 3569 VII
1011 3508 1061 3569 19.

488 3627 541 3689 41.
576 3624 691 3701 ayant
727 3622 848 3708 Spectat
881 3622 919 3686 ad
952 3622 1093 3687 victorias
1125 3620 1276 3699 ludicras,
1307 3620 1391 3701 σοφοὶ
1414 3618 1450 3684 ad

443 3741 559 3826 poesin.

489 3861 542 3923 43.
576 3859 649 3925 ἐπεὶ.
674 3857 767 3939 Quod
790 3859 850 3923 nisi
872 3858 916 3922 ita
938 3864 1034 3933 esset,
1059 3863 1095 3919 ut
1118 3855 1266 3920 divinitus
1288 3854 1345 3919 viri
1362 3854 1450 3919 fortes

445 3984 476 4041 et
498 3979 649 4062 sapientes
671 3978 867 4053 exsisterent,
892 3998 954 4061 quo
977 3974 1069 4039 modo
1092 3971 1242 4041 Hercules
1258 3980 1378 4037 tautam
1393 3972 1448 4036 vir·

446 4102 544 4159 tutem
574 4101 726 4180 praestare
750 4095 916 4179 potuisset,
943 4101 979 4157 ut
1002 4092 1145 4156 adversus
1167 4092 1251 4175 ipsos
1274 4090 1357 4155 Deos
1379 4110 1451 4176 pug-

447 4234 518 4276 nam
541 4212 727 4277 sustineret?
751 4211 854 4296 Hujus
879 4233 950 4295 ergo
975 4208 1113 4292 exemplo
1137 4206 1168 4271 id
1192 4207 1276 4291 quod
1293 4205 1372 4272 dixit
1386 4228 1452 4271 cou-

447 4330 556 4394 firmat.
604 4330 650 4393 De
680 4330 822 4394 Herculis
846 4337 946 4393 autem
972 4328 1010 4391 ad
1033 4326 1144 4410 Pylum
1168 4324 1284 4410 proelio
1308 4325 1453 4411 scriptum

448 4453 494 4514 est
525 4447 556 4511 in
582 4447 733 4511 veteribus
757 4447 899 4523 scholiis,
923 4446 1039 4509 factum
1062 4442 1094 4506 id
1119 4463 1200 4520 esse,
1225 4442 1298 4527 quia
1322 4440 1437 4506 Neleus
1444 4487 1453 4517 ,
