3767 5534
805 741 870 801 401

327 942 490 1007 'victoriam
523 939 652 1024 Agesiae
676 939 770 1002 luisse
793 949 863 1023 post·
887 940 1017 1002 Aetnam
1043 939 1208 1003 conditam.
1256 940 1344 1003 (lonf.

332 1083 403 1146 pag.
428 1062 504 1125 374.

380 1180 453 1242 loa.
491 1177 637 1252 ἁδύλογοι.
674 1173 762 1238 Cous.
787 1173 837 1238 Ol.
863 1173 879 1237 Ι
904 1178 956 1238 22.

380 1298 454 1360 166.
489 1294 688 1373 γιγνώσκοντι.
727 1291 816 1356 Oonf.
841 1291 892 1356 Ol.
917 1291 982 1355 VII
1009 1295 1082 1358 158.

379 1417 454 1478 roa.
489 1414 532 1492 pv
551 1414 674 1493 opaca.
710 1409 799 1474 conf.
824 1410 874 1474 01.
900 1395 982 1473 'viu
1006 1413 1046 1475 av

624 1531 638 1595 d
661 1529 685 1593 δ’
697 1529 886 1594 ἐπαντέλλων
909 1530 1010 1609 χρόνος

621 1654 705 1713 τοῦτο
728 1646 865 1727 πράσσων
890 1650 933 1725 μὴ
956 1646 1054 1724 κάμοι.

380 1770 454 1830 165.
498 1764 632 1831 Videtur
672 1766 816 1849 Agesiaa,
835 1766 932 1829 victor
968 1767 1101 1849 primum
1136 1765 1351 1849 Stymphalum

332 1884 462 1963 abiisse,
486 1884 558 1949 inde
581 1905 652 1948 vero
676 1883 839 1968 Syracusas
864 1884 999 1948 rediisse.
1036 1882 1191 1948 Habuisse
1214 1883 1350 1947 illumin

331 2011 463 2086 utraque
486 2002 561 2067 urbe
585 2002 757 2079 civitatem,
781 2001 814 2065 id
838 2000 921 2085 quod
945 2001 1088 2065 nonnulli
1113 2002 1249 2065 efficiunt
1265 2023 1302 2065 ex
1317 2024 1351 2064 vs

336 2122 396 2185 lov
431 2118 533 2185 οἴκοθεν
556 2119 668 2201 οἶκαδε,
694 2121 744 2183 vix
768 2119 912 2183 credibile
937 2142 1002 2182 esse
1026 2120 1183 2182 existimo:
1209 2120 1352 2184 habuisse

335 2260 405 2302 eum
429 2237 604 2323 Stymphali
627 2236 774 2322 gentiles,
800 2247 928 2322 apparet
952 2260 967 2300 e
991 2260 1024 2300 vs
1048 2240 1111 2314 40,
1135 2240 1240 2316 ἀνδρῶν
1252 2240 1352 2320 γένος,

337 2366 368 2419 et
403 2358 464 2419 130
496 2356 628 2433 μάτρωες
653 2355 768 2433 dobree:
793 2377 865 2439 ergo
889 2343 1014 2439 propter
1037 2356 1155 2438 generis
1180 2356 1354 2440 proximita-

335 2484 396 2539 tem
421 2473 593 2558 Stymphali
616 2473 703 2557 quaai
727 2472 914 2537 domesticus
938 2472 1009 2536 fuit.

383 2594 456 2656 169.
492 2591 595 2672 ματέρ’
618 2591 775 2669 Ἀρκοιδίοις
810 2589 995 2669 Quaeritur,
1021 2590 1175 2674 quomodo
1195 2589 1354 2674 Stympha-

338 2710 388 2773 lus
413 2709 534 2773 dicatur
555 2717 653 2772 mater
676 2707 834 2773 Arcadiae.
883 2706 979 2785 Sunt,
1005 2709 1058 2792 qui
1080 2708 1197 2787 μοιτὲροι
1217 2708 1255 2771 ad
1276 2710 1355 2792 Age·

336 2830 412 2891 siam
428 2827 579 2903 referant,
597 2834 628 2890 et
642 2826 801 2907 Ἀρνιιδίοις
817 2826 959 2909 partitive
975 2827 1061 2909 quasi
1079 2827 1215 2909 positum
1227 2833 1354 2910 putent,

335 2952 373 3008 ut
395 2945 585 3028 significetur
608 2944 682 3008 urbs
705 2955 760 3022 e'a,
785 2966 821 3007 ex
845 2966 906 3028 qua
931 2945 1057 3027 Agesias
1080 2944 1229 3009 oriundus
1251 2946 1308 3021 sit,
1326 2953 1356 3008 et

337 3085 416 3149 quae
447 3063 488 3127 sit
517 3063 591 3150 urbs
625 3063 785 3127 Arcadiae.
821 3061 937 3127 Verum
961 3063 992 3126 id
1017 3063 1140 3147 quidem
1164 3085 1226 3127 non
1250 3062 1355 3148 probo.

337 3176 439 3261 Quam
472 3188 561 3245 vetus
593 3180 687 3245 luerit
719 3181 792 3244 urbs
823 3178 1040 3265 Stymphalos,
1073 3187 1104 3243 et
1134 3179 1287 3279 quomodo
1319 3179 1356 3244 ab

337 3298 451 3383 Aepyti
473 3298 567 3363 fratre
590 3299 764 3376 nominata,
790 3308 825 3362 ut
846 3321 958 3363 nomen
981 3298 1061 3362 illud
1077 3298 1209 3362 nominis
1226 3297 1357 3383 Cyllenii

338 3416 454 3479 montis
467 3423 653 3480 vetustatem
666 3416 893 3501 adaequaverit,
908 3418 1068 3501 attigimus
1081 3439 1182 3501 supra,
1200 3440 1267 3502 pag.
1284 3419 1356 3481 186.

338 3532 421 3618 Ergo
444 3534 562 3617 poetice
586 3556 697 3598 ornans
721 3535 771 3599 hic
794 3543 875 3599 certe
898 3534 1051 3599 Pindarus
1077 3558 1143 3599 eam
1166 3535 1221 3599 illo
1243 3536 1359 3599 honore

340 3650 450 3714 evexit.

387 3771 461 3834 176.
496 3769 609 3846 erata>
643 3770 673 3833 δὲ
695 3807 741 3819 -
764 3770 806 3835 δύ’
838 3771 987 3851 ἄγκυραι.
1023 3771 1211 3835 Scholiastae
1235 3770 1293 3833 hoc
1316 3771 1359 3833 ita

340 3885 511 3969 explicant,
545 3887 689 3970 Agcsiam
713 3888 791 3951 duas
814 3889 929 3972 patrias
954 3888 1120 3966 habuiasc,
1145 3887 1357 3972 Stymphalum

342 4010 375 4067 et
405 4001 586 4088 Syracusas,
619 4012 712 4088 atque
740 4004 770 4067 id
796 4006 979 4089 pertinuisse
1003 4005 1041 4069 ad
1065 4007 1130 4091 ejus
1154 4005 1359 4069 securitatem.

343 4118 490 4185 Similiter
522 4120 712 4185 Boeckhius:
738 4130 769 4186 et
791 4122 868 4186 dicit
891 4130 1063 4207 praeterea,
1088 4122 1360 4206 prudentissimum

342 4238 437 4302 fuisse
467 4260 485 4301 a
512 4238 609 4303 Poeta
638 4238 746 4305 datum
778 4241 908 4324 Ageriae
940 4241 1114 4305 consilium.
1162 4240 1283 4320 Quodsi
1311 4241 1361 4304 hic

345 4354 526 4440 Stymphalo
557 4357 657 4442 patria
688 4359 736 4421 uti
767 4359 940 4437 maluisset,
971 4381 1034 4422 uon
1064 4360 1260 4423 interemtum
1292 4381 1361 4423 eum

345 4473 457 4537 fuisse:
482 4496 581 4559 neque
604 4497 669 4540 cam
686 4476 810 4540 caedem
825 4477 953 4541 Poetam
969 4476 1173 4562 praevidisse,
1191 4477 1244 4540 sed
1260 4484 1362 4541 tamen

1197 4600 1233 4654 26
