3767 5534
801 663 808 674 '
849 691 907 750 aar

366 895 450 981 cepit
472 894 688 980 pulcerrimum
712 892 815 957 dotem
839 891 1078 978 Hippodamiae:
1102 890 1278 975 elatumque
1295 892 1382 956 mitte

368 1016 461 1081 dulce
491 1015 590 1080 telum
620 1012 810 1098 Pythonem:
840 1011 924 1077 haud
949 1011 1035 1076 irrita
1059 1010 1150 1076 verba
1172 1012 1294 1096 capies,
1318 1010 1384 1097 pul·

364 1157 438 1200 sans
472 1133 621 1198 citharam
655 1131 693 1196 de
728 1132 819 1195 luctis
855 1131 911 1194 viri
948 1153 964 1194 c
995 1130 1076 1194 clara
1107 1128 1251 1215 Opunte,
1276 1130 1382 1195 laudes
1419 1134 1459 1192 zo

362 1253 465 1340 ipsam
497 1261 529 1319 et
558 1251 673 1317 filium:
706 1273 799 1337 quam
830 1249 954 1315 Themis
986 1251 1114 1336 ejusque
1142 1249 1204 1315 filla
1236 1250 1382 1315 servatrix

363 1393 551 1459 magnopere
574 1371 709 1457 gloriosa
731 1368 883 1435 Eunomia
906 1369 1032 1433 sortitae
1055 1377 1146 1448 sunt,
1171 1377 1202 1434 et
1226 1392 1304 1457 quae
1320 1369 1384 1433 lau-

363 1489 458 1555 dibus
489 1490 578 1555 daret
608 1488 760 1554 Castaliae
791 1488 905 1573 pariter
936 1494 968 1552 et
999 1488 1037 1552 ad
1068 1488 1218 1553 fluentum
1251 1488 1381 1574 Alpheis
1418 1492 1459 1551 :30

361 1609 448 1675 unde
479 1631 660 1674 coronarum
688 1608 776 1673 flores
800 1608 947 1673 celebrem
972 1607 1140 1673 Locrorum
1166 1609 1301 1673 evehunt
1323 1631 1384 1674 ma·

361 1737 445 1795 trem
468 1727 607 1814 pulcram
630 1727 801 1793 arboribus.
849 1726 1000 1813 Equidem
1025 1727 1168 1792 dilectam
1191 1728 1297 1793 urbem
1313 1750 1382 1792 can·

362 1846 511 1913 dentibus
542 1846 673 1932 impleus
705 1845 865 1924 cantibus,
896 1855 926 1910 et
957 1868 1106 1931 generoso
1131 1866 1210 1932 equo
1234 1847 1327 1911 citius
1351 1855 1381 1912 et

362 1965 447 2030 alata
478 1988 555 2030 nave
583 1966 617 2029 in
647 1987 752 2030 omnes
784 1974 885 2050 partes
917 1965 1063 2029 nuncium
1096 1966 1218 2029 mittam
1242 1987 1330 2042 eum,
1356 1966 1381 2028 si

363 2108 437 2151 cum
460 2084 565 2169 aliqua
588 2107 646 2172 ope
670 2084 774 2149 divina
797 2084 945 2149 selectum
965 2084 1138 2148 Gratiarum
1158 2084 1280 2149 hortum
1298 2085 1380 2149 colo:

363 2205 437 2270 illae
468 2204 549 2269 euim
580 2203 684 2268 dulcia
714 2203 846 2269 donant:
879 2203 971 2267 fortes
1003 2213 1034 2267 et
1057 2204 1209 2289 sapientes
1232 2204 1382 2269 divinitus
1418 2209 1459 2267 40

365 2332 443 2389 sunt
465 2325 615 2390 homines.
661 2324 826 2405 Quomodo
850 2325 929 2388 euim
956 2324 1100 2389 adversus
1124 2324 1289 2389 tridentem
1306 2324 1382 2388 Her·

365 2445 451 2510 cules
475 2444 593 2510 clavam
617 2453 743 2529 quatere
766 2452 909 2530 potuerat
932 2444 1094 2522 manibus,
1119 2466 1214 2529 quum
1231 2444 1312 2508 circa
1327 2444 1383 2529 Py·

366 2564 434 2629 lum
458 2572 543 2630 stans
566 2564 670 2629 feriret
686 2587 755 2628 eum
771 2562 955 2650 Neptunus,
972 2564 1136 2649 seriretque
1152 2586 1222 2628 eum
1240 2572 1382 2649 argenteo

366 2706 441 2749 arcu
469 2706 613 2770 pugnans
643 2683 776 2770 Apollo,
807 2705 864 2748 nec
887 2682 981 2747 Pluto
1004 2684 1162 2748 immotam
1185 2690 1303 2749 teneret
1324 2685 1383 2748 vir·
1419 2688 1458 2748 53

367 2826 457 2890 gam,
481 2826 544 2889 quc
567 2804 701 2868 bumana
724 2824 851 2888 corpora
874 2811 1065 2867 mortuorum
1089 2804 1121 2866 in
1139 2825 1241 2867 cavam
1258 2802 1382 2868 deducit

366 2922 471 2989 uiam?
517 2923 626 3009 Abjice
656 2923 750 3000 mibi,
783 2944 834 3000 os,
859 2923 955 2987 istum
978 2946 1164 2988 sermonem:
1191 2922 1383 3008 quandoqui-

368 3040 438 3106 dem
469 3040 651 3107 maledicere
674 3041 742 3105 Diis
766 3041 872 3105 odiosa
894 3042 1045 3127 sapientia
1067 3049 1131 3120 est,
1155 3049 1185 3106 et
1208 3043 1382 3127 importune

367 3159 493 3245 gloriari
527 3160 664 3224 insaniae
699 3160 852 3224 convenit.
898 3158 947 3225 Ne
985 3160 1082 3246 igitur·
1115 3160 1252 3245 loquaris
1287 3160 1379 3239 talia,
1418 3164 1458 3224 60

365 3277 472 3364 linque
501 3278 617 3344 bellum
646 3301 843 3364 pugnamque
867 3300 988 3343 omnem
1013 3279 1119 3365 procul
1144 3279 1182 3344 ab
1205 3279 1382 3344 immortali·

368 3396 441 3462 bus:
470 3398 523 3462 sed
548 3398 593 3462 fer
615 3398 754 3483 linguam
779 3398 847 3463 urbi
871 3398 1091 3483 Protogeniae,
1116 3398 1170 3463 ubi
1194 3398 1257 3463 fato
1281 3398 1382 3462 fulmi-

368 3517 469 3581 nantis
498 3516 586 3581 Jovis
614 3517 732 3601 Pyrrha
763 3539 798 3581 ac
829 3517 1019 3595 Deucalion,
1051 3540 1146 3601 quum
1171 3516 1209 3580 de
1231 3516 1382 3583 Parnasso

369 3635 614 3713 descendissent,
643 3637 772 3721 primam
803 3644 973 3721 posueruut
1003 3635 1146 3714 domum,
1170 3644 1201 3699 et
1223 3637 1288 3700 sine
1311 3646 1379 3700 toro

369 3754 547 3841 popularem
570 3754 629 3819 sibi
652 3756 735 3819 nacti
758 3763 831 3819 sunt
854 3754 1006 3840 lapideam
1031 3755 1160 3841 prolem:
1182 3762 1212 3819 et
1229 3778 1263 3819 ea
1279 3756 1378 3841 proles
1416 3760 1454 3821 70

370 3873 424 3939 Lai
447 3876 547 3939 vocati
571 3883 653 3938 sunt.
698 3874 807 3939 Excita
827 3875 863 3938 iis
884 3876 1026 3939 carminis
1042 3873 1205 3938 melodiam
1222 3897 1379 3952 sonoram,

368 3992 459 4057 lauda
481 4002 570 4057 vetus
594 3993 717 4077 quidem
742 3993 864 4071 vinum,
889 3994 941 4057 sed
966 3994 1055 4057 flores
1074 3994 1259 4079 hymnorum
1278 4016 1379 4058 receu-

369 4112 489 4177 tiorum.
539 4113 636 4197 Ajunt
670 4112 790 4197 nigram
821 4119 931 4177 terram
967 4111 1132 4176 inundasse
1167 4134 1265 4197 aquae
1298 4112 1377 4191 vim,

370 4229 420 4293 sod
449 4230 535 4294 Jovis
568 4237 632 4294 arte
662 4239 786 4316 repente
818 4255 849 4295 se
880 4231 1083 4317 recollegisse.
1130 4230 1176 4294 Ex
1207 4231 1378 4296 illiserunt

370 4346 504 4413 bellicosi
535 4349 627 4412 vestri
656 4351 802 4434 majores,
827 4350 864 4415 ab
888 4350 977 4415 initio
1000 4351 1056 4414 filii
1078 4348 1251 4435 puellarum
1275 4352 1376 4435 gentis
1414 4356 1454 4426 80

369 4463 570 4551 Japetionidis
601 4475 632 4531 ct
663 4470 943 4552 potentissimorum
974 4468 1191 4546 Cronidarum,
1216 4469 1377 4554 indigenae

1219 4592 1255 4645 lt
