3767 5534
911 747 977 806 426

437 969 455 1008 a
477 946 602 1023 Danao,
626 967 697 1010 oum
719 945 840 1010 filiabus
864 947 1004 1031 profugo.
1030 950 1094 1012 Arx
1110 958 1210 1015 antem
1226 951 1338 1030 Lindi,
1356 974 1453 1036 quau·

437 1072 504 1128 tum
535 1066 614 1141 seio,
647 1087 708 1128 non
733 1075 942 1145 memoratur,
975 1067 1029 1131 sed
1060 1091 1112 1133 arx
1138 1069 1254 1155 Jalysi,
1279 1070 1454 1156 Oohyroma

436 1190 591 1260 voeatnm,
616 1184 698 1269 apud
721 1184 900 1250 Strabonem
923 1186 1047 1251 ibidem.
1083 1185 1199 1253 Verum
1222 1190 1367 1255 credibile
1383 1199 1446 1267 est,

436 1301 510 1366 haee
533 1325 552 1366 a
574 1303 706 1368 Pindaro
729 1305 834 1369 referri
854 1305 892 1369 ad
908 1329 942 1370 ea
957 1316 1112 1391 tempora,
1129 1330 1225 1391 quum
1241 1306 1361 1373 Lindus
1377 1329 1452 1372 non·

435 1420 510 1487 dnm
533 1444 624 1485 snum
647 1444 759 1489 nomen
781 1422 923 1501 haberet,
949 1433 1093 1509 anepote
1108 1425 1187 1491 Solis
1203 1432 1310 1511 postea
1325 1424 1448 1495 datum:

434 1540 503 1604 vide
526 1563 560 1604 vs
585 1543 658 1605 140.

478 1661 530 1722 99.
564 1656 672 1735 ξανθὰν
694 1662 820 1737 αγαγὼν
843 1662 980 1742 νεφέλαν.
1025 1662 1100 1736 Fare
1124 1685 1300 1748 expressum
1324 1684 1361 1726 ex
1382 1660 1448 1725 Ho-

432 1778 543 1842 merico
578 1779 796 1859 νεφεληγερέτα
830 1779 912 1852 Ζεύς.
972 1779 1115 1846 Ceterum
1150 1782 1322 1867 subjeetum
1358 1780 1447 1845 facile

431 1897 534 1975 abest,
559 1920 654 1983 quum
677 1906 833 1983 repetatur
856 1899 907 1963 hio
929 1901 1082 1979 narratio,
1100 1903 1256 1987 quaejam
1271 1901 1374 1986 posita
1388 1900 1448 1965 luit

433 2039 467 2079 vs
491 2018 543 2081 63.
579 2015 706 2093 Strabo,
730 2017 860 2084 laudans
884 2041 1006 2083 versum
1029 2019 1157 2085 Homeri
1180 2020 1231 2085 καί
1253 2025 1325 2101 σφιν
1348 2018 1449 2085 θεσπέ-

431 2159 489 2200 σιον
519 2160 547 2201 κ.
578 2160 607 2201 τ.
639 2150 683 2211 a,
716 2135 801 2200 affert
829 2138 921 2201 etiam
953 2136 1138 2216 Pindarum,
1171 2136 1337 2223 respioieus
1366 2137 1449 2206 huuo

431 2253 550 2319 locum:
581 2255 631 2320 aul
662 2256 771 2336 χρυσὸν
801 2255 919 2331 oodfinni
946 2262 1040 2339 φασιν
1070 2258 1098 2326 ἕν
1127 2266 1165 2339 τῇ
1197 2258 1270 2338 valeia
1292 2256 1376 2323 κατὰ
1397 2257 1449 2333 τὴν

430 2381 483 2447 τῆς
514 2372 640 2447 Ἀθηνᾶς
670 2374 781 2452 γένεσιν
812 2376 845 2439 ἐκ
874 2384 927 2450 τῆς
954 2382 1090 2458 κεφαλῆς
1114 2380 1165 2441 τοῦ
1189 2375 1273 2457 Διὸς,
1298 2376 1335 2449 ὡς
1358 2372 1449 2455 εἴρηκε

430 2492 577 2573 Πίνδαρος.
624 2491 715 2558 Conf.
739 2495 898 2565 annotatio
921 2494 961 2559 ad
984 2517 1017 2557 vs
1043 2497 1094 2559 63.

476 2613 529 2675 95.
564 2610 640 2693 ἔργα
669 2612 699 2677 δὲ
729 2611 843 2694 ζώσαιν.
890 2611 980 2678 (loni.
1012 2611 1165 2678 Theocrit.
1209 2612 1257 2678 Id.
1282 2610 1343 2678 XV
1368 2609 1448 2677 Ado-

430 2729 511 2795 niau.
537 2733 578 2795 80

517 2849 612 2917 Πότα
636 2852 780 2918 Ἀθαναία
802 2854 884 2919 rotat
908 2853 965 2936 σφ’
988 2850 1134 2918 andrean
1156 2850 1252 2932 ἔριθοι,

517 2978 590 3036 rotor
614 2970 779 3053 ζωαγραφα
801 2972 946 3052 τακριβέα
969 2970 1130 3052 γράμματ’
1153 2970 1309 3051 ἔγραψανς

517 3092 555 3164 ὥς
577 3088 662 3170 ἔτυμ’
685 3092 842 3158 {orelam
865 3092 915 3156 καὶ
938 3093 975 3163 ὡς
999 3090 1083 3166 ἔτυμ’
1106 3089 1272 3169 retrusum,

517 3208 635 3290 ἔμψυμί
645 3260 654 3293 ,
678 3212 729 3277 οὐκ
750 3210 919 3288 duodenni·
942 3206 1033 3289 σοφόν
1056 3232 1084 3272 τι
1108 3206 1203 3287 χρῆμ’
1226 3202 1378 3282 ἄνθρωπος.

476 3328 528 3392 98.
571 3328 676 3394 δαέντι.
723 3327 791 3391 Hae
820 3328 916 3412 igitur
947 3350 965 3390 a
993 3326 1070 3389 Jove
1098 3322 1390 3408 acceptae'divitiae
1414 3327 1444 3386 et

430 3445 601 3530 praeclarae
618 3453 698 3510 artes
717 3445 874 3510 Minervae
890 3445 1017 3514 fuerunt
1035 3442 1090 3514 illa
1105 3442 1197 3522 ἀρεταὶ
1211 3440 1260 3505 καὶ
1272 3438 1444 3521 χάρματα,

430 3587 508 3648 quae
532 3565 646 3630 Rhodii
665 3565 797 3629 debuere
822 3588 895 3629 suae
919 3562 1179 3648 obtemperandae
1194 3558 1324 3645 imperio
1340 3556 1445 3641 patris.

431 3692 546 3757 Δαῆναι
578 3683 814 3769 intelligentiam
838 3683 1009 3767 significare
1034 3681 1170 3755 videtur,
1196 3677 1354 3761 magisque
1377 3695 1447 3748 oon·

432 3801 535 3866 venire
565 3824 636 3866 eum
667 3801 768 3869 εἰδέναι
798 3823 892 3885 qnam
915 3822 984 3865 oum
1008 3800 1128 3877 nmero:
1153 3796 1234 3860 oonf.
1259 3816 1302 3860 va.
1330 3794 1392 3857 168
1415 3798 1447 3855 et

432 3917 483 3983 Ol.
507 3919 542 3983 Il
568 3922 641 3984 154.
677 3919 823 4003 Magnam
845 3918 974 4003 gloriam
991 3916 1102 3986 tribuit
1117 3913 1261 3990 Rhodiis,
1279 3931 1445 3995 eorumque

432 4060 572 4122 magnam
603 4038 786 4123 sapientiam
808 4038 916 4107 fraude
938 4058 1040 4101 oarere
1063 4034 1155 4111 dicit,
1179 4038 1341 4117 propterea
1363 4026 1445 4114 quod

432 4178 499 4220 eam
529 4178 591 4220 non
625 4155 771 4221 haberent
802 4155 890 4239 quasi
912 4161 1023 4220 mutuo
1046 4161 1179 4217 sumtam
1202 4156 1257 4213 aut
1279 4148 1445 4221 adscitam,

430 4273 482 4337 sed
507 4274 607 4337 indita
631 4275 669 4339 ab
692 4273 759 4359 ipsa
782 4273 923 4340 Minerva
947 4273 1059 4342 mentia
1083 4272 1113 4334 vi
1136 4269 1290 4354 propriam
1313 4287 1446 4350 compro

430 4391 608 4456 henderent.
654 4391 768 4455 Fuerat
790 4390 892 4455 Rhodi
915 4390 1098 4455 Telchinum
1123 4386 1250 4471 antiqua
1272 4385 1353 4449 fama
1375 4382 1445 4447 orti·

431 4511 493 4594 fieii
517 4512 622 4604 magni
646 4532 716 4575 oum
739 4509 915 4598 praestigiis
935 4509 1054 4598 juncti:
1079 4507 1127 4571 his
1150 4504 1331 4595 opposuisse
1352 4500 1444 4572 Helia
