3767 5534
905 743 968 804 alu

430 942 489 1007 albi
521 941 665 1005 videntur
693 963 710 1005 e
740 964 774 1004 va
798 940 848 1005 Ol.
873 941 903 1004 X
929 944 991 1004 120
1016 943 1065 1006 τὸν
1087 938 1160 1007 εἶδον
1182 944 1356 1023 κρατέοντα,
1381 966 1443 1008 non

432 1062 508 1123 satis
537 1068 619 1123 certo
643 1068 823 1143 argumento
846 1061 893 1123 nti
918 1059 1063 1124 arbitror:
1089 1060 1168 1124 conf.
1194 1075 1263 1125 ann.
1289 1060 1327 1125 ud
1351 1060 1401 1127 01⁴
1427 1059 1443 1126 I

434 1181 497 1244 178
530 1195 560 1262 p.
593 1180 676 1256 288,
708 1176 759 1242 Ol.
793 1177 839 1241 IV
870 1182 891 1241 4
921 1199 950 1262 p.
976 1181 1058 1252 347,
1081 1177 1133 1242 Ol.
1159 1173 1223 1242 VII
1247 1182 1289 1242 24
1312 1202 1342 1265 p.
1367 1183 1443 1245 412.

433 1296 475 1360 lut
500 1295 717 1380 Ageaidamnm
740 1304 822 1360 certe
845 1295 983 1359 nondum
1007 1296 1079 1360 Pisa
1101 1297 1133 1359 in
1155 1297 1284 1381 patriam
1301 1297 1443 1375 rediisse,

433 1433 530 1497 quum
563 1413 621 1478 hoo
651 1435 772 1477 carmen
805 1414 973 1498 acciperet,
1005 1415 1181 1478 existimant
1211 1414 1336 1498 quidam
1366 1438 1384 1478 e
1412 1438 1445 1478 va

434 1530 527 1616 hujus
558 1530 700 1595 carminis
735 1534 793 1610 17,
825 1532 987 1596 referentes
1018 1556 1068 1609 μιν
1099 1532 1136 1595 ad
1169 1533 1332 1597 victorem:
1361 1533 1444 1616 q'uad

432 1649 560 1733 quidem
582 1649 659 1712 mihi
682 1649 770 1713 aliter
792 1649 888 1713 rideri
911 1669 947 1714 eo
970 1650 1038 1714 loco
1051 1650 1245 1735 significabor
1260 1669 1362 1735 neque
1378 1652 1444 1736 ipsa

434 1787 483 1831 rea
514 1765 590 1831 milri
616 1768 740 1831 ‘ridetur
761 1768 990 1853 inpmbabllis,
1016 1781 1119 1832 aarum
1143 1776 1358 1853 argumentum
1382 1789 1443 1834 non

434 1885 590 1950 idoneum.

480 2006 704 2089 Argumentum
728 2003 871 2067 carminis
894 2024 1041 2087 perquam
1066 2004 1193 2089 simplex
1214 2015 1276 2069 eat:
1293 2004 1446 2088 postulari

436 2121 599 2186 virtutibus
634 2120 793 2185 laboriosis
829 2120 990 2204 praeconia
1025 2122 1211 2199 carminum,
1247 2120 1377 2184 maxime
1411 2144 1447 2185 ea

433 2240 531 2305 tribui
561 2239 729 2304 victoribus
754 2237 927 2323 Olympiae.
973 2238 1011 2303 Se
1034 2240 1136 2324 ipsum
1155 2253 1267 2304 eoram
1290 2246 1445 2303 auctorem

436 2380 500 2421 esse
524 2379 582 2441 ope
605 2356 724 2420 divina:
750 2363 781 2420 et
802 2374 887 2420 nune
908 2356 1034 2440 quidem
1058 2355 1208 2421 celebrare
1225 2357 1444 2441 Agesidamum

434 2482 558 2561 propter
580 2473 752 2559 pugilatum
774 2481 804 2538 at
822 2475 990 2539 victoriam.
1026 2474 1104 2538 Tum
1123 2475 1231 2539 *Musae
1250 2469 1387 2552 invocat,
1412 2483 1447 2538 ut

435 2599 554 2677 'gentem
579 2590 748 2655 Locrorum
771 2590 1043 2677 Epizephyriornm
1071 2592 1212 2671 visitent,
1236 2592 1333 2656 ¹insita
1348 2592 1448 2677 hospi-

435 2708 553 2773 talitate
566 2708 740 2792 studiisque
754 2708 921 2793 sapientiae
937 2716 968 2773 et
983 2709 1108 2773 militari
1120 2694 1233 2773 virtute
1245 2708 1445 2773 laudabilem.

480 2943 510 3009 l.
546 2943 623 3009 lurra
645 2945 806 3024 ἀνθρώποις.
841 2936 1014 3008 Ventorum
1037 2945 1068 3009 in
1093 2945 1302 3029 navigatione,
1320 2945 1443 3029 pluviae

436 3064 469 3127 in
492 3060 681 3146 agricultura
703 3078 856 3126 summum
879 3083 970 3125 usum
991 3084 1077 3139 esse,
1101 3079 1200 3146 neque
1224 3084 1273 3127 eas
1297 3062 1344 3126 hia
1361 3062 1449 3148 adju-

435 3180 546 3244 mentis
569 3194 658 3264 poaae
674 3200 774 3243 carere
789 3179 884 3243 Poeta
897 3159 1068 3264 siguificat:
1085 3180 1226 3243 similiter
1243 3201 1314 3244 voro
1329 3180 1450 3245 labores

431 3298 533 3382 juvari
550 3298 680 3382 hymnis,
713 3294 855 3376 Quorum
870 3318 1021 3362 summam
1037 3298 1220 3361 suavitatem
1236 3305 1267 3362 et
1282 3298 1448 3364 virtutibus

435 3410 571 3480 debitam
598 3416 726 3499 gratiam
749 3416 880 3479 maxime
903 3424 934 3479 et
959 3417 1055 3479 sensit
1077 3423 1108 3480 et
1131 3416 1284 3501 prostatus
1307 3424 1355 3481 eat
1377 3417 1447 3481 Piu-

435 3528 545 3609 darus,
571 3541 608 3595 et
627 3531 689 3595 hoc
713 3544 836 3614 quoque
858 3531 926 3595 locu
950 3532 994 3595 ita
1017 3533 1116 3610 cauit,
1142 3540 1177 3596 ut
1199 3540 1354 3618 compatet
1376 3554 1446 3598 cum

436 3648 620 3734 adjumentis
643 3650 844 3712 marimanam
868 3649 899 3712 in
923 3649 1104 3714 mortalibus
1128 3663 1272 3735 opernm,
1294 3667 1394 3735 ‘quum
1412 3651 1451 3714 ad

436 3767 528 3830 vitam
559 3766 735 3848 victumque
763 3765 842 3828 nihil
865 3767 1062 3849 navigatione
1086 3774 1117 3830 et
1140 3768 1328 3851 agricultura
1350 3769 1447 3853 magis

435 3884 618 3968 pertineret,
640 3882 733 3963 ’χθόνά
751 3882 909 3962 rapaaeev
924 3884 961 3947 ia
971 3885 1056 3963 χερὸς
1072 3884 1159 3966 ἀκμᾷ
1174 3885 1224 3949 acl
1240 3885 1353 3951 πάντων
1367 3884 1451 3967 ὕδωρ.

438 3998 489 4063 01.
513 3996 548 4063 ΙΙ
572 4000 647 4073 113.
1427 4060 1428 4064 ,

357 4126 361 4131 ’
485 4121 515 4181 4.
549 4119 574 4181 εἰ
598 4117 627 4181 δὲ
650 4118 709 4182 σὺν.
743 4116 917 4200 Respicitur
939 4105 1066 4200 quidem
1083 4118 1213 4182 maximo
1229 4118 1270 4182 atl
1282 4119 1453 4183 certamina

442 4243 472 4301 'et
503 4236 663 4315 victorias,
695 4234 748 4298 sed
772 4256 807 4297 ea
830 4255 899 4297 mor
923 4250 956 4296 va
977 4236 999 4299 ‘i
1025 4234 1137 4299 diserte
1159 4245 1451 4301 commemoraturus

442 4355 536 4418 Poeta
558 4352 719 4438 praeponit
740 4351 942 4429 sententiam,
967 4373 1045 4434 qaae
1068 4353 1211 4416 uniuersa
1232 4353 1291 4415 sitr
1318 4353 1450 4438 inquot]

441 4471 532 4535 etiam
555 4467 739 4553 intelligitur
761 4488 798 4530 ex
822 4468 961 4551 optativo
985 4468 1117 4548 apoteca.

1277 4588 1331 4644 33*
