3767 5534
905 700 969 760 281

432 909 562 986 thanes,
601 916 637 973 ut
674 912 827 970 testantur
864 902 1071 980 Scholiastae,
1108 898 1159 963 scd
1197 900 1227 964 in
1260 898 1449 984 reliquorum

433 1028 618 1093 nominibus
641 1026 735 1092 iidem
758 1049 820 1091 non
844 1024 1053 1090 consentIunt.

485 1147 558 1209 146.
594 1146 805 1224 αἱμακουρίαις.
839 1142 1008 1228 Gregorius
1033 1139 1213 1204 Corinthius
1234 1137 1271 1201 de
1287 1136 1360 1200 dial.
1378 1135 1453 1199 Dor.

435 1268 477 1331 27
516 1264 648 1351 explicat
682 1266 723 1330 τα
757 1270 813 1328 τῶν
847 1269 947 1344 νεκρῶν
982 1261 1176 1338 ἐναγίσματα
1208 1267 1239 1322 et
1272 1256 1454 1322 vocabulum

435 1384 569 1448 Doricae
603 1383 733 1448 dialecto
768 1381 922 1446 vindicat:
959 1380 1141 1445 Boeoticum
1176 1378 1269 1441 fuisse
1304 1376 1455 1441 affirmant

436 1502 645 1581 Scholiastae,
677 1511 708 1566 et
739 1501 879 1566 derivant
909 1501 970 1566 απὸ
994 1507 1045 1565 τοῦ
1068 1498 1244 1579 κνρὲννννθαι
1267 1498 1323 1568 τας
1345 1496 1453 1577 ψυχας

434 1619 573 1701 αἵματος.
621 1621 750 1687 Fiebant
782 1622 874 1687 etiam
905 1629 1006 1686 aetate
1039 1621 1206 1684 Pausaniae
1238 1642 1323 1683 sacra
1351 1640 1454 1682 annua

435 1742 562 1826 Pelopi,
586 1742 796 1806 immolatione
816 1742 898 1827 nigri
919 1741 1036 1805 arietis:
1062 1740 1152 1804 Paus.
1170 1738 1206 1803 L.
1223 1738 1252 1800 V
1269 1737 1304 1803 0.
1322 1737 1406 1801 XIII
1422 1738 1452 1801 2.

486 1863 559 1927 147.
594 1863 755 1941 ἀγλααῖσι.
791 1858 882 1925 Nem.
908 1859 955 1923 IV
980 1863 1020 1924 33
1044 1859 1163 1938 ἀγλαὸν
1185 1858 1310 1937 τύμβον.

485 1982 556 2046 147.
595 1981 749 2059 μέμικται.
789 1980 937 2044 Similiter
973 1979 1052 2044 Isth.
1088 1979 1123 2042 II
1158 1981 1200 2042 43
1235 1978 1390 2049 ἀθανάτοις
1425 1980 1454 2041 ἐν

432 2107 538 2179 τιμαῖς
568 2100 698 2182 ἔμιχθεν.
753 2100 894 2165 Affirmat
924 2100 1113 2178 Pausaniae,
1145 2098 1181 2163 L.
1206 2098 1235 2159 V
1266 2097 1301 2162 0.
1326 2096 1409 2161 XIII
1440 2101 1451 2159 l

433 2220 581 2306 Pelopem
615 2219 777 2306 Olympiae
814 2220 860 2284 ita
895 2243 989 2305 supra
1024 2220 1131 2284 heroas
1168 2219 1301 2303 reliquos
1336 2217 1452 2283 cultum

434 2340 532 2405 fuisse
554 2348 590 2404 ut
612 2340 721 2404 Jorem
744 2362 838 2425 supra
860 2340 996 2423 reliquos
1023 2339 1113 2403 Deos.

485 2463 557 2525 148.
590 2461 706 2531 κλιθείς.
739 2458 901 2524 Accubans
927 2458 965 2523 ad
991 2459 1105 2544 Alphei
1129 2458 1271 2536 fluvium,
1293 2459 1384 2544 juxta
1404 2456 1454 2520 Al·

434 2580 551 2666 pheum
576 2580 704 2664 positus.
738 2577 830 2642 Hom.
856 2578 894 2642 ss.
915 2577 944 2638 V
971 2581 1033 2644 709
1056 2578 1144 2658 uturp
1162 2577 1327 2655 κεκλιμένος
1343 2582 1454 2656 Καφισ-

433 2698 508 2782 τι3ι,
541 2698 683 2764 habitans
714 2720 808 2783 prope
832 2697 936 2762 lacum
961 2696 1161 2783 Cephissum:
1186 2695 1246 2760 XV
1272 2698 1334 2763 740
1359 2696 1454 2776 τόντῳ

432 2818 614 2901 κεκλιμέναι,
639 2818 716 2882 mari
740 2818 889 2903 proximi,
914 2825 952 2881 ut
975 2817 1055 2881 nihil
1078 2818 1209 2881 intersit.

482 2940 556 3002 149.
591 2938 716 3017 τύμβον.
752 2937 790 3002 In
823 2938 949 3003 scholiis
984 2938 1138 3002 veteribus
1165 2938 1337 3021 αμφίτολον
1359 2937 1455 3023 expli·

431 3063 524 3122 catur
546 3057 578 3121 in
601 3058 677 3123 urbe
693 3058 810 3136 media,
834 3057 879 3122 ibi
895 3059 977 3122 enim
993 3058 1087 3123 fuisse
1103 3058 1243 3143 sepulcra
1259 3057 1452 3122 conditorum

432 3176 576 3241 urbium:
611 3176 657 3241 vel
688 3176 772 3263 quod
804 3200 822 3241 a
852 3177 1043 3242 certantibus
1075 3177 1260 3255 ambiretur,
1292 3177 1324 3241 in
1352 3176 1452 3240 stadio

432 3297 517 3361 enim
540 3296 653 3361 fuisse:
678 3297 726 3361 vel
750 3297 824 3362 orbe
847 3298 886 3363 ab
910 3299 994 3363 omni
1020 3307 1106 3384 parte
1130 3297 1168 3361 ad
1183 3296 1263 3361 illud
1279 3298 1452 3381 frequentes

433 3416 612 3481 accessisse:
646 3423 676 3481 et
708 3415 787 3481 hanc
818 3417 940 3502 quidem
972 3417 1205 3504 explicationem
1230 3418 1320 3482 etiam
1344 3417 1453 3482 Eusta-

432 3536 521 3601 thius
545 3536 755 3615 commendat,
780 3537 819 3601 ad
842 3536 902 3602 Od.
927 3538 945 3602 I
973 3541 1044 3603 136.
1087 3539 1229 3619 Ἀρχαῖιν
1252 3542 1341 3617 τῖιμα
1364 3538 1453 3605 Πέλι-

432 3679 488 3727 ττος
511 3663 698 3720 memoratur
721 3656 811 3720 etiarn
837 3656 887 3721 Ol.
914 3657 943 3721 X
969 3660 1022 3722 30.
1073 3659 1102 3721 A
1125 3658 1278 3723 Pausania
1300 3658 1336 3723 L.
1362 3657 1391 3718 V
1415 3659 1449 3723 Ο.

433 3773 519 3837 XIII
548 3782 736 3839 memoratur
767 3776 855 3841 lucus
886 3778 919 3841 in
943 3777 1010 3841 Alti
1036 3778 1085 3842 vel
1108 3778 1231 3856 fanum,
1255 3778 1372 3857 τὲμενις
1398 3778 1452 3842 Pe-

432 3894 528 3979 lopis,
553 3894 714 3977 Πελότιιν,
739 3895 860 3980 lapideo
879 3896 977 3975 vallo,
1002 3897 1119 3962 habens
1135 3898 1256 3963 arbores
1273 3906 1302 3964 et
1319 3905 1451 3977 statuas,

433 4012 518 4097 quod
534 4011 684 4077 Hercules
698 4012 858 4078 dicebatur
870 4037 1076 4081 consecrasse:
1093 4018 1236 4102 idemque
1248 4041 1333 4082 sacra
1345 4019 1451 4083 fecisse

433 4133 596 4197 dicebatur
619 4134 651 4197 in
676 4135 812 4200 scrobem
837 4135 963 4222 Pelopi,
989 4139 1017 4210 ἒς
1044 4139 1092 4203 τὸν
1115 4138 1228 4219 βάθροις
1254 4145 1285 4203 et
1308 4161 1393 4203 sacra
1416 4162 1451 4204 ea

434 4253 528 4317 etiam
553 4276 608 4317 sua
632 4261 732 4319 aetate
755 4256 967 4340 permansisse.
1008 4258 1054 4321 De
1078 4258 1198 4323 ossibus
1222 4260 1313 4323 etiam
1329 4260 1450 4347 Pelopis

435 4371 551 4437 ibidem
574 4375 690 4437 mentio
715 4383 770 4439 est.
808 4376 901 4440 Aram
925 4399 996 4441 vero
1015 4376 1100 4440 Jovis
1116 4376 1252 4464 Olympii
1268 4380 1360 4444 luisse
1377 4380 1452 4444 dicit

435 4498 507 4556 ante
531 4491 702 4580 Pelopium.
750 4492 866 4559 Verum
889 4496 1003 4561 tumuli
1026 4497 1150 4584 quidem
1174 4520 1236 4564 non
1259 4500 1374 4565 mentio
1395 4508 1449 4566 est.
