3767 5534
933 723 996 783 228

457 947 545 989 orum
568 947 695 989 munere
721 925 851 988 veniunt
873 925 911 988 ad
935 924 1075 990 homiues
1100 928 1251 1007 carmina,
1277 930 1302 993 si
1323 930 1388 1009 cui,
1409 954 1475 1016 per·

379 1053 418 1112 20
455 1044 560 1109 ficiens
581 1045 666 1128 jussa
690 1042 833 1107 Herculis
857 1044 999 1128 antiqua,
1025 1044 1188 1131 religiosus
1208 1046 1414 1114 Helleuodica
1429 1050 1474 1114 vir

454 1163 585 1229 Aetolus
617 1163 803 1250 supercilia
827 1164 925 1227 crines
950 1164 1154 1230 circumdedit
1177 1166 1267 1230 viridi
1291 1178 1473 1234 ornamento

457 1284 572 1347 olivae:
598 1305 691 1368 quam
715 1282 882 1366 aliquando
906 1282 944 1347 ab
969 1282 1043 1347 Istri
1068 1284 1219 1349 umbrosis
1243 1285 1383 1351 fontibus
1400 1288 1473 1352 tulit

452 1401 786 1488 AmphithryoniadeS,
817 1411 1051 1468 monumentum
1084 1402 1302 1490 Olympiorum
1332 1407 1472 1492 pulcher.

451 1525 563 1588 rimum
587 1524 808 1601 certaminum,
833 1523 948 1609 populo
972 1524 1207 1610 Hyperbeorum
1237 1525 1393 1611 Apollinis
1416 1528 1472 1591 mi·

372 1648 412 1707 30
451 1644 547 1707 nistro
572 1666 668 1727 quum
693 1644 903 1727 persuasisset.
952 1642 1011 1707 Ille
1035 1644 1095 1708 fida
1118 1653 1220 1709 mente
1243 1646 1364 1731 rogavit
1382 1645 1469 1710 Jovis

449 1762 596 1848 hospitali
621 1763 692 1826 fauo
716 1762 891 1827 umbrosam
915 1761 1053 1849 plantam
1078 1786 1271 1830 communem
1291 1765 1469 1831 hominibus

449 1905 655 1968 coronamque
679 1882 839 1946 virtutum.
879 1881 949 1946 Jam
974 1885 1055 1949 enim
1080 1884 1124 1963 ei,
1150 1886 1230 1970 patri
1255 1885 1379 1969 quidem
1397 1893 1468 1950 con·

448 2003 572 2067 secretis
604 2002 680 2080 aris,
714 2001 814 2066 medio
847 2024 950 2066 mense
983 2001 1073 2067 Luna
1106 2026 1197 2068 curru
1230 2025 1322 2069 aureo
1351 2005 1469 2090 vesperi

449 2120 606 2185 affulserat
630 2127 696 2185 toto
721 2120 830 2197 oculo,
856 2129 886 2185 et
906 2144 1089 2207 magnorum
1107 2123 1308 2188 certaminum
1326 2132 1468 2188 sanetum

446 2241 600 2327 judicium
635 2241 788 2325 simulque
819 2241 932 2306 festum
965 2242 1195 2328 quinquennale
1227 2242 1406 2308 instituerat
1430 2242 1467 2309 ad

369 2365 410 2424 40
448 2360 566 2425 divinas
595 2361 677 2446 ripas
707 2360 837 2445 Alphei:
867 2383 972 2425 verum
995 2384 1058 2425 non
1083 2361 1205 2426 arbores
1229 2360 1375 2446 pulchras
1398 2383 1467 2447 pro-

447 2481 565 2546 ferebat
587 2480 674 2545 locus
699 2480 730 2543 in
755 2480 885 2544 saltibus
909 2479 1047 2544 Saturnii
1070 2480 1204 2565 Pelopis
1241 2480 1300 2545 His
1316 2480 1420 2545 nudus
1437 2481 1463 2544 ei

447 2599 609 2665 videbatur
633 2601 740 2664 hortus
765 2599 885 2665 acribus
910 2600 1068 2685 subjectus
1093 2623 1158 2664 esse
1182 2600 1351 2665 luminibus
1377 2601 1461 2665 solis.

444 2720 523 2785 Tum
548 2743 620 2804 ergo
651 2743 721 2784 eum
750 2720 870 2783 animus
893 2720 1019 2805 impulit
1043 2721 1133 2785 utin
1159 2728 1269 2784 terram
1293 2720 1462 2804 proficisce-

444 2847 545 2919 retur,
570 2839 625 2905 ubi
648 2839 785 2904 Latonae
808 2838 901 2904 Istria
929 2840 1081 2924 equestris
1105 2840 1169 2903 filia
1192 2862 1262 2904 eum
1287 2847 1461 2926 exceperat,

444 2960 617 3025 venientem
652 2961 689 3025 ab
726 2959 876 3026 Arcadiae
905 2962 989 3047 jugis
1021 2968 1053 3025 et
1083 2960 1240 3044 angulosis
1271 2958 1458 3037 recessibus,

368 3081 408 3141 50
444 3102 539 3164 quum
571 3102 641 3144 eum
670 3080 765 3166 jussis
796 3079 964 3165 Eurysthei
999 3080 1145 3145 excitaret
1176 3079 1341 3144 necessitas
1374 3086 1462 3163 patre

445 3206 585 3276 auctore,
610 3206 646 3262 ut
669 3221 787 3263 cervam
813 3199 955 3263 feminam
984 3198 1129 3262 cornibus
1154 3197 1254 3261 aureis
1278 3195 1459 3275 abduceret,

444 3341 536 3402 quam
560 3318 727 3404 aliquando
749 3317 886 3404 Taygeta
910 3317 1055 3382 dedicans
1079 3315 1244 3381 Orthosiae
1265 3316 1460 3381 inscribendo

443 3438 643 3502 consecravit.
690 3437 781 3502 Hanc
805 3460 990 3523 persequens
1015 3436 1107 3501 otiam
1131 3436 1214 3500 illam
1239 3436 1397 3521 regionem
1418 3435 1460 3499 vi·

443 3557 490 3622 dit
521 3580 601 3643 pone
632 3558 740 3622 flatum
773 3556 881 3621 boreae
909 3555 1025 3641 frigidi.
1072 3556 1120 3621 Ibi
1145 3554 1267 3620 arbores
1291 3553 1459 3618 admiratus

443 3684 488 3742 est
511 3678 693 3744 consistens.
741 3676 861 3741 Harum
890 3699 961 3741 eum
988 3674 1088 3741 dulcis
1112 3674 1266 3760 cupiditas
1289 3673 1401 3738 habuit
1424 3680 1461 3737 ut

443 3820 493 3861 eas
524 3800 639 3863 circum
669 3806 782 3862 metam
806 3796 954 3861 curriculi
978 3794 1130 3862 duodenis
1154 3817 1305 3881 equorum
1328 3794 1459 3860 flexibus

366 3921 405 3979 61
443 3918 599 3984 ambiendi
621 3918 785 4004 plantaret.
821 3917 862 3981 ut
885 3940 968 3982 nuno
989 3917 1027 3981 ad
1044 3918 1103 3982 hoc
1119 3917 1231 3981 festum
1247 3914 1355 3979 hilaris
1376 3915 1459 3981 venit

443 4061 514 4103 cum
544 4040 695 4103 formosae
722 4036 824 4103 Ledae
852 4038 982 4123 geminis
1007 4036 1096 4115 filiis,
1122 4036 1249 4100 deorum
1273 4036 1459 4099 innumero

369 4177 376 4186 ·
442 4157 565 4223 habitis.
613 4157 682 4221 Illis
718 4158 800 4221 enim
831 4156 970 4242 permisit
1001 4157 1033 4220 in
1064 4154 1232 4242 Olympum
1264 4154 1459 4240 proficiscens

441 4277 606 4363 spectabile
634 4287 787 4342 certamen
817 4276 987 4363 regendum
1017 4276 1055 4340 de
1086 4277 1201 4340 virtute
1225 4274 1359 4338 virorum
1383 4272 1459 4336 cele·

440 4419 570 4481 rumque
596 4396 788 4481 aurigatione
812 4418 969 4461 curruum.
1006 4396 1058 4459 Me
1082 4417 1152 4459 vero
1168 4394 1290 4458 animus
1306 4390 1455 4477 impellit,

364 4520 403 4583 70
441 4524 476 4581 ut
500 4515 691 4581 Emmenidis
715 4515 910 4599 Theronique
934 4515 1033 4581 dicam
1058 4515 1175 4579 venisse
1189 4513 1333 4601 gloriam,
1350 4533 1455 4595 eques·
