3767 5534
900 1051 918 1131 q
944 1054 975 1110 4.

840 1286 887 1348 oe
903 1286 1036 1367 penu.

475 1522 628 1587 Pindarus
651 1509 758 1606 quanti
779 1523 884 1586 lecerit
905 1522 1035 1607 gloriam
1054 1522 1267 1599 victoriarum,
1285 1544 1348 1585 non
1365 1544 1447 1606 opus

431 1651 478 1707 est
507 1642 628 1727 saepius
659 1641 768 1705 dicere.
816 1641 857 1704 Ilt
887 1649 990 1705 tamen
1018 1640 1197 1705 divitiarum
1227 1640 1441 1725 splendorem,

432 1762 626 1826 victoriarum
649 1771 791 1824 ornatum
815 1759 974 1837 laudibus,
998 1768 1065 1823 tum
1087 1760 1278 1824 laudandum
1302 1760 1443 1845 putavit,

431 1881 458 1944 si
492 1881 579 1963 quis,
614 1880 668 1963 qui
702 1902 772 1943 eum
806 1878 935 1955 habeat,
968 1878 1083 1962 cogitet
1112 1879 1235 1955 futura,
1267 1884 1446 1961 sortemque

431 1999 616 2076 meminerit,
637 2021 716 2083 qnae
729 1999 828 2083 justos
845 2006 966 2061 maneat
982 2005 1053 2083 post
1068 2005 1197 2061 mortem
1213 2004 1244 2061 et
1259 1998 1402 2083 injustos.
1417 1997 1446 2081 ¹)

431 2117 498 2183 Nec
516 2140 641 2182 coronas
661 2117 822 2202 Olympiae
842 2125 964 2181 tantum
984 2126 1014 2181 et
1033 2115 1175 2201 Pythone
1190 2124 1283 2199 atque
1298 2114 1445 2194 Nemeae,

431 2237 485 2301 sed
505 2260 555 2301 eas
574 2236 741 2321 aliquando
759 2244 862 2321 petere
878 2236 986 2322 jussit,
1007 2258 1086 2320 quae
1103 2236 1137 2299 in
1156 2234 1267 2299 insulis
1283 2234 1445 2297 beatorum

431 2356 469 2419 iis
499 2365 623 2440 paratae
654 2363 744 2432 sunt,
773 2356 828 2438 qni
855 2355 893 2418 ab
916 2356 1001 2419 omni
1022 2362 1157 2419 mentem
1179 2351 1332 2439 injustitia
1354 2351 1447 2414 absti-

431 2497 503 2538 nere
532 2474 736 2558 potuerint-sl
784 2473 827 2537 Ilt
857 2474 982 2537 omniuo
1013 2472 1164 2559 ejusmodi
1195 2472 1261 2557 ejus
1292 2469 1447 2533 sententia

431 2592 509 2669 fuit,
541 2599 576 2655 ut
603 2592 757 2676 justitiam
787 2591 928 2657 laudaret
958 2600 988 2656 et
1016 2591 1251 2656 commendaret.
1292 2587 1387 2653 Velut
1409 2587 1445 2651 in

429 2709 623 2808 adolescente
653 2709 846 2795 Thrasybulo
874 2734 940 2775 eam
968 2711 1114 2775 virtutem
1136 2732 1206 2774 cum
1231 2730 1350 2772 summa
1373 2728 1447 2791 erga

431 2836 547 2914 patrem
571 2830 685 2913 pictate
708 2831 902 2914 conjunctam
925 2830 1046 2894 cecinit.
1059 2829 1083 2913 3)
1128 2827 1288 2892 Psaumidi
1311 2825 1445 2890 (lomari-

430 2970 507 3011 naeo
534 2955 570 3011 ut
596 2947 681 3012 Deus
707 2948 873 3013 benevolus
897 2950 938 3013 sit
960 2957 991 3013 et
1014 2955 1120 3034 optata
1142 2946 1260 3012 tribuat
1283 2952 1443 3031 precatur,

430 3040 591 3151 propterea
620 3065 704 3150 quod
734 3075 802 3130 tum
832 3067 960 3151 reliquis
989 3065 1134 3131 laudibus
1166 3066 1206 3129 sit
1237 3064 1441 3149 conspicuus,

430 3190 497 3248 tum
528 3206 599 3247 vero
630 3184 747 3248 sincera
777 3192 878 3249 mente
909 3185 946 3248 ad
980 3184 1236 3268 tranquillitatem
1264 3181 1442 3265 patriaeque

431 3322 563 3365 amorem
595 3324 775 3367 conversus:
788 3303 812 3387 ⁴)
843 3303 1037 3387 eundemque
1059 3302 1214 3377 laudavit,
1240 3298 1323 3383 quod
1347 3322 1363 3363 e
1386 3297 1443 3361 dif-

430 3419 567 3484 ficultate
605 3418 696 3483 duxit
732 3421 765 3485 in
799 3420 900 3485 lucem
934 3422 1086 3506 populum
1121 3441 1245 3484 suornm
1280 3417 1403 3482 civium.
1417 3415 1441 3500 5)

430 3536 596 3602 Hieronem
620 3560 706 3616 vero,
731 3540 785 3622 qui
806 3540 925 3624 regium
944 3540 977 3604 in
996 3538 1142 3624 opulenta
1161 3536 1264 3600 Sicilia
1285 3542 1441 3620 sceptrum

430 3655 548 3733 tenuit,
576 3677 702 3740 carpens
730 3657 864 3721 culmina
886 3657 1016 3722 laudum
1039 3657 1196 3734 omnium,
1210 3657 1235 3739 ⁶)
1259 3672 1443 3738 magnopere

431 3780 462 3837 et
485 3773 606 3858 copiose
629 3774 808 3839 adhortatus
832 3783 892 3854 est,
912 3784 950 3839 ut
965 3776 1118 3860 justitiam
1138 3774 1251 3857 coleret
1271 3773 1443 3853 vitoretque

431 3891 594 3956 invidiam:
627 3890 699 3971 „Nc
726 3892 872 3972 laudes,”
899 3895 1016 3978 inquit,
1043 3893 1209 3972 „remittas
1256 3888 1338 3975 Rege
1359 3890 1443 3974 justo

387 4075 390 4081 ,
431 4008 638 4095 gubernaculo
660 4011 824 4096 populum:
845 4011 884 4075 ad
900 4011 1044 4076 incudem
1059 4009 1182 4074 mentiri
1198 4009 1329 4073 nesciam
1345 4005 1443 4071 tunde

430 4128 577 4213 linguam.
602 4128 635 4193 Si
651 4130 725 4213 quid
741 4130 790 4195 vel
806 4153 934 4216 parvum
951 4129 1168 4215 praetervolat,
1181 4148 1327 4211 magnum
1339 4132 1443 4189 tamen

464 4419 488 4475 1)
509 4419 545 4468 ol.
563 4419 603 4469 rr.
621 4419 677 4467 roa.
779 4420 804 4483 a)
823 4419 884 4469 rua.
904 4420 965 4478 123,
983 4434 1042 4483 seqq.
1144 4417 1170 4478 a)
1188 4416 1230 4481 ry.
1251 4415 1293 4465 rr.
1309 4414 1351 4465 aa.

464 4515 490 4574 4)
510 4514 546 4563 or.
565 4514 610 4564 ru
629 4514 669 4564 ca.
740 4516 803 4577 ,q
822 4515 858 4564 οι.
881 4515 906 4567 V.
923 4516 964 4564 aa.
1144 4510 1170 4573 o)
1190 4510 1226 4561 οι.
1244 4510 1269 4562 r.
1286 4508 1325 4560 20.
