<?xml version="1.0" encoding="UTF-8"?>
<!DOCTYPE html PUBLIC "-//W3C//DTD XHTML 1.0 Transitional//EN"
    "http://www.w3.org/TR/xhtml1/DTD/xhtml1-transitional.dtd">
<html xmlns="http://www.w3.org/1999/xhtml" xml:lang="en" lang="en">
 <head>
  <title>
</title>
<meta http-equiv="Content-Type" content="text/html;charset=utf-8" />
  <meta name='ocr-system' content='tesseract 3.04.00' />
  <meta name='ocr-capabilities' content='ocr_page ocr_carea ocr_par ocr_line ocrx_word'/>
</head>
<body>
  <div class='ocr_page' id='page_1' title='image "./pindaricarminao00pindgoog_0632.png"; bbox 0 0 3767 5534; ppageno 0'>
   <div class='ocr_carea' id='block_1_1' title="bbox 896 759 957 822">
    <p class='ocr_par' dir='ltr' id='par_1_1' title="bbox 896 759 957 822">
     <span class='ocr_line' id='line_1_1' title="bbox 896 759 957 822; baseline 0.066 -4"><span class='ocrx_word' id='word_1_1' title='bbox 896 759 957 822; x_wconf 75' lang='lat'>547</span> 
     </span>
    </p>
   </div>
   <div class='ocr_carea' id='block_1_2' title="bbox 430 955 1442 1412">
    <p class='ocr_par' dir='ltr' id='par_1_2' title="bbox 430 955 1442 1412">
     <span class='ocr_line' id='line_1_2' title="bbox 430 955 1439 1045; baseline 0.003 -28"><span class='ocrx_word' id='word_1_2' title='bbox 430 955 552 1021; x_wconf 83' lang='lat' dir='ltr'><strong>rediret.</strong></span> <span class='ocrx_word' id='word_1_3' title='bbox 589 958 757 1024; x_wconf 87' lang='lat' dir='ltr'>Adduntur</span> <span class='ocrx_word' id='word_1_4' title='bbox 779 961 883 1045; x_wconf 88' lang='lat' dir='ltr'>plura,</span> <span class='ocrx_word' id='word_1_5' title='bbox 909 984 1013 1025; x_wconf 90' lang='lat' dir='ltr'>verum</span> <span class='ocrx_word' id='word_1_6' title='bbox 1037 964 1080 1025; x_wconf 88' lang='lat' dir='ltr'>ita</span> <span class='ocrx_word' id='word_1_7' title='bbox 1103 961 1225 1045; x_wconf 83' lang='lat' dir='ltr'>quidem</span> <span class='ocrx_word' id='word_1_8' title='bbox 1250 958 1359 1023; x_wconf 83' lang='lat' dir='ltr'>Medea</span> <span class='ocrx_word' id='word_1_9' title='bbox 1377 955 1439 1020; x_wconf 85' lang='lat' dir='ltr'>vin·</span> 
     </span>
     <span class='ocr_line' id='line_1_3' title="bbox 433 1068 1439 1163; baseline 0.003 -26"><span class='ocrx_word' id='word_1_10' title='bbox 433 1074 552 1139; x_wconf 89' lang='lat' dir='ltr'>dicatur</span> <span class='ocrx_word' id='word_1_11' title='bbox 585 1068 815 1143; x_wconf 84' lang='lat' dir='ltr'>Corinthiorum</span> <span class='ocrx_word' id='word_1_12' title='bbox 848 1080 1033 1163; x_wconf 71' lang='lat' dir='ltr'>antiquitati.</span> <span class='ocrx_word' id='word_1_13' title='bbox 1082 1080 1122 1143; x_wconf 83' lang='lat' dir='ltr'>Et</span> <span class='ocrx_word' id='word_1_14' title='bbox 1153 1080 1247 1143; x_wconf 89' lang='lat' dir='ltr'>altera</span> <span class='ocrx_word' id='word_1_15' title='bbox 1278 1081 1309 1141; x_wconf 89' lang='lat' dir='ltr'>in</span> <span class='ocrx_word' id='word_1_16' title='bbox 1341 1088 1439 1143; x_wconf 88' lang='lat' dir='ltr'>vetere</span> 
     </span>
     <span class='ocr_line' id='line_1_4' title="bbox 433 1194 1440 1282; baseline 0.004 -26"><span class='ocrx_word' id='word_1_17' title='bbox 433 1194 549 1258; x_wconf 90' lang='lat' dir='ltr'>scholio</span> <span class='ocrx_word' id='word_1_18' title='bbox 565 1195 644 1259; x_wconf 86' lang='lat' dir='ltr'>fama</span> <span class='ocrx_word' id='word_1_19' title='bbox 660 1204 720 1274; x_wconf 88' lang='lat' dir='ltr'>est,</span> <span class='ocrx_word' id='word_1_20' title='bbox 738 1198 845 1261; x_wconf 86' lang='lat' dir='ltr'>famem</span> <span class='ocrx_word' id='word_1_21' title='bbox 863 1197 1005 1261; x_wconf 77' lang='lat' dir='ltr'>Corinthi</span> <span class='ocrx_word' id='word_1_22' title='bbox 1018 1221 1035 1261; x_wconf 93' lang='lat' dir='ltr'>a</span> <span class='ocrx_word' id='word_1_23' title='bbox 1049 1198 1156 1262; x_wconf 83' lang='lat' dir='ltr'>Medea</span> <span class='ocrx_word' id='word_1_24' title='bbox 1169 1198 1320 1282; x_wconf 76' lang='lat' dir='ltr'>expiatam</span> <span class='ocrx_word' id='word_1_25' title='bbox 1332 1196 1440 1273; x_wconf 84' lang='lat' dir='ltr'>fuisse,</span> 
     </span>
     <span class='ocr_line' id='line_1_5' title="bbox 434 1314 1442 1412; baseline 0.003 -38"><span class='ocrx_word' id='word_1_26' title='bbox 434 1314 527 1376; x_wconf 85' lang='lat' dir='ltr'>sacris</span> <span class='ocrx_word' id='word_1_27' title='bbox 549 1314 636 1377; x_wconf 85' lang='lat' dir='ltr'>factis</span> <span class='ocrx_word' id='word_1_28' title='bbox 661 1314 763 1379; x_wconf 89' lang='lat' dir='ltr'>Cereri</span> <span class='ocrx_word' id='word_1_29' title='bbox 787 1315 1002 1412; x_wconf 81' lang='lat' dir='ltr'>Nymphisque</span> <span class='ocrx_word' id='word_1_30' title='bbox 1026 1316 1171 1380; x_wconf 89' lang='lat' dir='ltr'>Lemniis.</span> <span class='ocrx_word' id='word_1_31' title='bbox 1197 1315 1311 1380; x_wconf 85' lang='lat' dir='ltr'>Verum</span> <span class='ocrx_word' id='word_1_32' title='bbox 1326 1323 1442 1378; x_wconf 90' lang='lat' dir='ltr'>certum</span> 
     </span>
    </p>
   </div>
   <div class='ocr_carea' id='block_1_3' title="bbox 434 1430 1472 4459">
    <p class='ocr_par' dir='ltr' id='par_1_3' title="bbox 434 1430 1454 2695">
     <span class='ocr_line' id='line_1_6' title="bbox 434 1430 1443 1518; baseline 0.002 -26"><span class='ocrx_word' id='word_1_33' title='bbox 434 1430 643 1517; x_wconf 74' lang='lat' dir='ltr'>testimonium</span> <span class='ocrx_word' id='word_1_34' title='bbox 672 1440 787 1510; x_wconf 86' lang='lat' dir='ltr'>exstat,</span> <span class='ocrx_word' id='word_1_35' title='bbox 813 1433 895 1518; x_wconf 92' lang='lat' dir='ltr'>apud</span> <span class='ocrx_word' id='word_1_36' title='bbox 920 1432 1096 1498; x_wconf 83' lang='lat' dir='ltr'>Corinthios</span> <span class='ocrx_word' id='word_1_37' title='bbox 1119 1434 1231 1498; x_wconf 89' lang='lat' dir='ltr'>bonam</span> <span class='ocrx_word' id='word_1_38' title='bbox 1256 1433 1387 1517; x_wconf 86' lang='lat' dir='ltr'>aliquam</span> <span class='ocrx_word' id='word_1_39' title='bbox 1414 1442 1443 1494; x_wconf 91' lang='lat' dir='ltr'>et</span> 
     </span>
     <span class='ocr_line' id='line_1_7' title="bbox 436 1548 1444 1635; baseline 0.002 -25"><span class='ocrx_word' id='word_1_40' title='bbox 436 1548 620 1612; x_wconf 84' lang='lat' dir='ltr'>laudabilem</span> <span class='ocrx_word' id='word_1_41' title='bbox 652 1549 690 1613; x_wconf 90' lang='lat' dir='ltr'>de</span> <span class='ocrx_word' id='word_1_42' title='bbox 721 1550 831 1614; x_wconf 85' lang='lat' dir='ltr'>Medea</span> <span class='ocrx_word' id='word_1_43' title='bbox 860 1551 1007 1614; x_wconf 88' lang='lat' dir='ltr'>mansisse</span> <span class='ocrx_word' id='word_1_44' title='bbox 1034 1552 1162 1615; x_wconf 84' lang='lat' dir='ltr'>samam:</span> <span class='ocrx_word' id='word_1_45' title='bbox 1187 1574 1274 1627; x_wconf 88' lang='lat' dir='ltr'>nam,</span> <span class='ocrx_word' id='word_1_46' title='bbox 1300 1549 1381 1635; x_wconf 91' lang='lat' dir='ltr'>quod</span> <span class='ocrx_word' id='word_1_47' title='bbox 1406 1548 1444 1612; x_wconf 88' lang='lat' dir='ltr'>ad</span> 
     </span>
     <span class='ocr_line' id='line_1_8' title="bbox 438 1666 1446 1751; baseline 0.002 -24"><span class='ocrx_word' id='word_1_48' title='bbox 438 1688 471 1728; x_wconf 86' lang='lat' dir='ltr'>rs</span> <span class='ocrx_word' id='word_1_49' title='bbox 503 1668 544 1727; x_wconf 75' lang='grc'>32</span> <span class='ocrx_word' id='word_1_50' title='bbox 577 1667 773 1751; x_wconf 81' lang='lat' dir='ltr'>scripsimus,</span> <span class='ocrx_word' id='word_1_51' title='bbox 801 1669 833 1731; x_wconf 91' lang='lat' dir='ltr'>in</span> <span class='ocrx_word' id='word_1_52' title='bbox 856 1667 937 1731; x_wconf 91' lang='lat' dir='ltr'>bello</span> <span class='ocrx_word' id='word_1_53' title='bbox 962 1668 1083 1732; x_wconf 88' lang='lat' dir='ltr'>Persico</span> <span class='ocrx_word' id='word_1_54' title='bbox 1107 1668 1247 1731; x_wconf 87' lang='lat' dir='ltr'>mulieres</span> <span class='ocrx_word' id='word_1_55' title='bbox 1271 1666 1446 1731; x_wconf 80' lang='lat' dir='ltr'>Corinthiae</span> 
     </span>
     <span class='ocr_line' id='line_1_9' title="bbox 438 1784 1446 1871; baseline 0 -24"><span class='ocrx_word' id='word_1_56' title='bbox 438 1805 542 1867; x_wconf 89' lang='lat' dir='ltr'>preces</span> <span class='ocrx_word' id='word_1_57' title='bbox 565 1784 689 1863; x_wconf 85' lang='lat' dir='ltr'>fecisse,</span> <span class='ocrx_word' id='word_1_58' title='bbox 714 1792 749 1848; x_wconf 83' lang='lat' dir='ltr'>ut·</span> <span class='ocrx_word' id='word_1_59' title='bbox 771 1785 843 1849; x_wconf 85' lang='lat' dir='ltr'>viris</span> <span class='ocrx_word' id='word_1_60' title='bbox 867 1787 930 1849; x_wconf 89' lang='lat' dir='ltr'>suis</span> <span class='ocrx_word' id='word_1_61' title='bbox 954 1786 1102 1850; x_wconf 85' lang='lat' dir='ltr'>fortitudo</span> <span class='ocrx_word' id='word_1_62' title='bbox 1125 1787 1313 1871; x_wconf 86' lang='lat' dir='ltr'>injiceretur,</span> <span class='ocrx_word' id='word_1_63' title='bbox 1338 1784 1446 1869; x_wconf 91' lang='lat' dir='ltr'>idque,</span> 
     </span>
     <span class='ocr_line' id='line_1_10' title="bbox 442 1902 1448 1988; baseline 0.002 -25"><span class='ocrx_word' id='word_1_64' title='bbox 442 1910 476 1963; x_wconf 90' lang='lat' dir='ltr'>ut</span> <span class='ocrx_word' id='word_1_65' title='bbox 499 1911 545 1964; x_wconf 87' lang='lat' dir='ltr'>est</span> <span class='ocrx_word' id='word_1_66' title='bbox 567 1902 599 1965; x_wconf 92' lang='lat' dir='ltr'>in</span> <span class='ocrx_word' id='word_1_67' title='bbox 623 1902 756 1980; x_wconf 82' lang='lat' dir='ltr'>scholio,</span> <span class='ocrx_word' id='word_1_68' title='bbox 781 1913 936 1967; x_wconf 88' lang='lat' dir='ltr'>narratum</span> <span class='ocrx_word' id='word_1_69' title='bbox 961 1927 1025 1968; x_wconf 86' lang='lat' dir='ltr'>esse</span> <span class='ocrx_word' id='word_1_70' title='bbox 1045 1904 1293 1988; x_wconf 79' lang='lat' dir='ltr'>aTheopompo:</span> <span class='ocrx_word' id='word_1_71' title='bbox 1311 1903 1448 1966; x_wconf 87' lang='lat' dir='ltr'>fecerunt</span> 
     </span>
     <span class='ocr_line' id='line_1_11' title="bbox 441 2020 1450 2105; baseline -0.001 -22"><span class='ocrx_word' id='word_1_72' title='bbox 441 2042 490 2083; x_wconf 87' lang='lat' dir='ltr'>eas</span> <span class='ocrx_word' id='word_1_73' title='bbox 522 2042 624 2105; x_wconf 84' lang='lat' dir='ltr'>preces</span> <span class='ocrx_word' id='word_1_74' title='bbox 648 2022 680 2084; x_wconf 89' lang='lat' dir='ltr'>in</span> <span class='ocrx_word' id='word_1_75' title='bbox 703 2020 818 2105; x_wconf 91' lang='lat' dir='ltr'>templo</span> <span class='ocrx_word' id='word_1_76' title='bbox 842 2021 988 2099; x_wconf 82' lang='lat' dir='ltr'>Veneris,</span> <span class='ocrx_word' id='word_1_77' title='bbox 1013 2022 1094 2105; x_wconf 90' lang='lat' dir='ltr'>quod</span> <span class='ocrx_word' id='word_1_78' title='bbox 1119 2045 1135 2084; x_wconf 89' lang='lat' dir='ltr'>a</span> <span class='ocrx_word' id='word_1_79' title='bbox 1161 2021 1269 2084; x_wconf 83' lang='lat' dir='ltr'>Medea</span> <span class='ocrx_word' id='word_1_80' title='bbox 1292 2020 1450 2083; x_wconf 87' lang='lat' dir='ltr'>dicebatur</span> 
     </span>
     <span class='ocr_line' id='line_1_12' title="bbox 442 2139 1451 2222; baseline 0 -21"><span class='ocrx_word' id='word_1_81' title='bbox 442 2161 506 2202; x_wconf 90' lang='lat' dir='ltr'>esse</span> <span class='ocrx_word' id='word_1_82' title='bbox 529 2139 688 2202; x_wconf 90' lang='lat' dir='ltr'>conditum</span> <span class='ocrx_word' id='word_1_83' title='bbox 711 2147 853 2203; x_wconf 90' lang='lat' dir='ltr'>monente</span> <span class='ocrx_word' id='word_1_84' title='bbox 868 2139 1005 2202; x_wconf 81' lang='lat' dir='ltr'>lunone:</span> <span class='ocrx_word' id='word_1_85' title='bbox 1024 2149 1054 2202; x_wconf 92' lang='lat' dir='ltr'>et</span> <span class='ocrx_word' id='word_1_86' title='bbox 1069 2140 1194 2203; x_wconf 86' lang='lat' dir='ltr'>fuerunt</span> <span class='ocrx_word' id='word_1_87' title='bbox 1211 2140 1300 2202; x_wconf 80' lang='lat' dir='ltr'>etiam</span> <span class='ocrx_word' id='word_1_88' title='bbox 1319 2161 1369 2202; x_wconf 88' lang='lat' dir='ltr'>eae</span> <span class='ocrx_word' id='word_1_89' title='bbox 1385 2160 1451 2222; x_wconf 89' lang='lat' dir='ltr'>pre-</span> 
     </span>
     <span class='ocr_line' id='line_1_13' title="bbox 443 2256 1454 2341; baseline -0.001 -22"><span class='ocrx_word' id='word_1_90' title='bbox 443 2277 491 2319; x_wconf 87' lang='lat' dir='ltr'>ces</span> <span class='ocrx_word' id='word_1_91' title='bbox 515 2257 547 2319; x_wconf 91' lang='lat' dir='ltr'>in</span> <span class='ocrx_word' id='word_1_92' title='bbox 570 2256 625 2319; x_wconf 90' lang='lat' dir='ltr'>illo</span> <span class='ocrx_word' id='word_1_93' title='bbox 648 2257 762 2341; x_wconf 91' lang='lat' dir='ltr'>templo</span> <span class='ocrx_word' id='word_1_94' title='bbox 786 2258 960 2341; x_wconf 83' lang='lat' dir='ltr'>inscriptae.</span> <span class='ocrx_word' id='word_1_95' title='bbox 993 2256 1094 2320; x_wconf 80' lang='lat' dir='ltr'>Etiam</span> <span class='ocrx_word' id='word_1_96' title='bbox 1118 2257 1150 2319; x_wconf 91' lang='lat' dir='ltr'>in</span> <span class='ocrx_word' id='word_1_97' title='bbox 1171 2280 1238 2321; x_wconf 87' lang='lat' dir='ltr'>arca</span> <span class='ocrx_word' id='word_1_98' title='bbox 1254 2256 1378 2341; x_wconf 82' lang='lat' dir='ltr'>Cypseli</span> <span class='ocrx_word' id='word_1_99' title='bbox 1394 2256 1454 2319; x_wconf 85' lang='lat' dir='ltr'>fuit</span> 
     </span>
     <span class='ocr_line' id='line_1_14' title="bbox 443 2372 1454 2457; baseline 0 -21"><span class='ocrx_word' id='word_1_100' title='bbox 443 2375 543 2457; x_wconf 84' lang='lat' dir='ltr'>imago</span> <span class='ocrx_word' id='word_1_101' title='bbox 566 2373 693 2438; x_wconf 89' lang='lat' dir='ltr'>Medeae</span> <span class='ocrx_word' id='word_1_102' title='bbox 716 2376 748 2438; x_wconf 91' lang='lat' dir='ltr'>in</span> <span class='ocrx_word' id='word_1_103' title='bbox 770 2376 900 2453; x_wconf 93' lang='lat' dir='ltr'>throno,</span> <span class='ocrx_word' id='word_1_104' title='bbox 925 2375 1116 2438; x_wconf 86' lang='lat' dir='ltr'>adstantibus</span> <span class='ocrx_word' id='word_1_105' title='bbox 1136 2374 1249 2437; x_wconf 81' lang='lat' dir='ltr'>Jasone</span> <span class='ocrx_word' id='word_1_106' title='bbox 1270 2381 1300 2437; x_wconf 90' lang='lat' dir='ltr'>et</span> <span class='ocrx_word' id='word_1_107' title='bbox 1321 2372 1454 2450; x_wconf 85' lang='lat' dir='ltr'>Venere,</span> 
     </span>
     <span class='ocr_line' id='line_1_15' title="bbox 445 2477 796 2577; baseline 0.006 -23"><span class='ocrx_word' id='word_1_108' title='bbox 445 2498 476 2555; x_wconf 88' lang='lat' dir='ltr'>et</span> <span class='ocrx_word' id='word_1_109' title='bbox 499 2492 658 2577; x_wconf 89' lang='lat' dir='ltr'>inscriptio</span> <span class='ocrx_word' id='word_1_110' title='bbox 793 2477 796 2482; x_wconf 32' lang='lat'><em>⁴</em></span> 
     </span>
     <span class='ocr_line' id='line_1_16' title="bbox 558 2609 1353 2695; baseline -0.003 -20"><span class='ocrx_word' id='word_1_111' title='bbox 558 2612 689 2686; x_wconf 64' lang='lat' dir='ltr'>Mathoae</span> <span class='ocrx_word' id='word_1_112' title='bbox 710 2610 812 2675; x_wconf 74' lang='grc' dir='ltr'><em>Ἰάσων</em></span> <span class='ocrx_word' id='word_1_113' title='bbox 835 2612 957 2695; x_wconf 71' lang='grc' dir='ltr'><em>νιιμέει,</em></span> <span class='ocrx_word' id='word_1_114' title='bbox 982 2609 1099 2676; x_wconf 75' lang='grc' dir='ltr'><em>κε’)ιὲτνιι</em></span> <span class='ocrx_word' id='word_1_115' title='bbox 1123 2610 1148 2675; x_wconf 60' lang='grc' dir='ltr'>δ’</span> <span class='ocrx_word' id='word_1_116' title='bbox 1174 2610 1353 2692; x_wconf 73' lang='grc' dir='ltr'><em>Ἀφροδίταν·</em></span> 
     </span>
    </p>

    <p class='ocr_par' dir='ltr' id='par_1_4' title="bbox 447 2725 1459 3049">
     <span class='ocr_line' id='line_1_17' title="bbox 447 2725 1459 2814; baseline -0.001 -24"><span class='ocrx_word' id='word_1_117' title='bbox 447 2726 537 2790; x_wconf 85' lang='lat' dir='ltr'>Paos.</span> <span class='ocrx_word' id='word_1_118' title='bbox 570 2727 606 2791; x_wconf 88' lang='lat' dir='ltr'>L.</span> <span class='ocrx_word' id='word_1_119' title='bbox 632 2727 660 2789; x_wconf 85' lang='lat' dir='ltr'>V</span> <span class='ocrx_word' id='word_1_120' title='bbox 683 2727 719 2792; x_wconf 91' lang='lat' dir='ltr'>C.</span> <span class='ocrx_word' id='word_1_121' title='bbox 744 2727 857 2792; x_wconf 84' lang='lat' dir='ltr'><strong>XVIII</strong></span> <span class='ocrx_word' id='word_1_122' title='bbox 883 2732 911 2793; x_wconf 90' lang='lat'>1.</span> <span class='ocrx_word' id='word_1_123' title='bbox 959 2728 1005 2792; x_wconf 91' lang='lat' dir='ltr'>Ut</span> <span class='ocrx_word' id='word_1_124' title='bbox 1026 2729 1069 2792; x_wconf 93' lang='lat' dir='ltr'>ibi</span> <span class='ocrx_word' id='word_1_125' title='bbox 1095 2729 1216 2814; x_wconf 90' lang='lat' dir='ltr'>quidem</span> <span class='ocrx_word' id='word_1_126' title='bbox 1243 2750 1299 2791; x_wconf 88' lang='lat' dir='ltr'>neo</span> <span class='ocrx_word' id='word_1_127' title='bbox 1324 2725 1459 2790; x_wconf 89' lang='lat' dir='ltr'>cumJa-</span> 
     </span>
     <span class='ocr_line' id='line_1_18' title="bbox 448 2838 1459 2932; baseline -0.001 -24"><span class='ocrx_word' id='word_1_128' title='bbox 448 2846 531 2908; x_wconf 89' lang='lat' dir='ltr'>sonis</span> <span class='ocrx_word' id='word_1_129' title='bbox 554 2867 610 2909; x_wconf 91' lang='lat' dir='ltr'>neo</span> <span class='ocrx_word' id='word_1_130' title='bbox 626 2868 693 2909; x_wconf 89' lang='lat' dir='ltr'>cum</span> <span class='ocrx_word' id='word_1_131' title='bbox 713 2845 838 2909; x_wconf 89' lang='lat' dir='ltr'>Medeae</span> <span class='ocrx_word' id='word_1_132' title='bbox 854 2847 934 2910; x_wconf 90' lang='lat' dir='ltr'>fama</span> <span class='ocrx_word' id='word_1_133' title='bbox 950 2847 1119 2932; x_wconf 89' lang='lat' dir='ltr'>quidquam</span> <span class='ocrx_word' id='word_1_134' title='bbox 1136 2842 1333 2931; x_wconf 85' lang='lat' dir='ltr'>conjunctum</span> <span class='ocrx_word' id='word_1_135' title='bbox 1352 2838 1459 2921; x_wconf 78' lang='lat' dir='ltr'>fuerit,</span> 
     </span>
     <span class='ocr_line' id='line_1_19' title="bbox 450 2963 908 3049; baseline -0.002 -22"><span class='ocrx_word' id='word_1_136' title='bbox 450 2963 533 3049; x_wconf 93' lang='lat' dir='ltr'>quod</span> <span class='ocrx_word' id='word_1_137' title='bbox 556 2986 619 3027; x_wconf 90' lang='lat' dir='ltr'>non</span> <span class='ocrx_word' id='word_1_138' title='bbox 643 2971 721 3027; x_wconf 87' lang='lat' dir='ltr'>esset</span> <span class='ocrx_word' id='word_1_139' title='bbox 743 2964 908 3027; x_wconf 88' lang='lat' dir='ltr'>laudabile.</span> 
     </span>
    </p>

    <p class='ocr_par' dir='ltr' id='par_1_5' title="bbox 451 3080 1463 3284">
     <span class='ocr_line' id='line_1_20' title="bbox 498 3080 1463 3165; baseline -0.006 -18"><span class='ocrx_word' id='word_1_140' title='bbox 498 3084 548 3147; x_wconf 83' lang='grc'>78.</span> <span class='ocrx_word' id='word_1_141' title='bbox 583 3082 624 3146; x_wconf 73' lang='grc' dir='ltr'>τὰ</span> <span class='ocrx_word' id='word_1_142' title='bbox 646 3082 675 3145; x_wconf 75' lang='grc' dir='ltr'>δὲ</span> <span class='ocrx_word' id='word_1_143' title='bbox 698 3082 758 3147; x_wconf 76' lang='grc' dir='ltr'>καὶ.</span> <span class='ocrx_word' id='word_1_144' title='bbox 794 3080 1019 3145; x_wconf 74' lang='lat' dir='ltr'>Aduerbialiter</span> <span class='ocrx_word' id='word_1_145' title='bbox 1042 3081 1116 3144; x_wconf 89' lang='lat' dir='ltr'>haec</span> <span class='ocrx_word' id='word_1_146' title='bbox 1140 3081 1240 3165; x_wconf 87' lang='lat' dir='ltr'>posita</span> <span class='ocrx_word' id='word_1_147' title='bbox 1265 3090 1337 3143; x_wconf 88' lang='lat' dir='ltr'>sunt</span> <span class='ocrx_word' id='word_1_148' title='bbox 1361 3086 1391 3143; x_wconf 90' lang='lat' dir='ltr'>et</span> <span class='ocrx_word' id='word_1_149' title='bbox 1415 3100 1463 3141; x_wconf 93' lang='lat' dir='ltr'>co·</span> 
     </span>
     <span class='ocr_line' id='line_1_21' title="bbox 451 3176 1462 3284; baseline -0.003 -22"><span class='ocrx_word' id='word_1_150' title='bbox 451 3199 561 3284; x_wconf 91' lang='lat' dir='ltr'>pulant</span> <span class='ocrx_word' id='word_1_151' title='bbox 584 3200 743 3284; x_wconf 89' lang='lat' dir='ltr'>sequentia</span> <span class='ocrx_word' id='word_1_152' title='bbox 766 3221 836 3262; x_wconf 89' lang='lat' dir='ltr'>cum</span> <span class='ocrx_word' id='word_1_153' title='bbox 860 3176 1132 3282; x_wconf 89' lang='lat' dir='ltr'>praecedentibus:</span> <span class='ocrx_word' id='word_1_154' title='bbox 1158 3198 1236 3261; x_wconf 86' lang='lat' dir='ltr'>conf.</span> <span class='ocrx_word' id='word_1_155' title='bbox 1254 3196 1304 3260; x_wconf 93' lang='lat' dir='ltr'>Ol.</span> <span class='ocrx_word' id='word_1_156' title='bbox 1322 3196 1369 3260; x_wconf 88' lang='lat' dir='ltr'>IX</span> <span class='ocrx_word' id='word_1_157' title='bbox 1388 3200 1462 3260; x_wconf 83' lang='lat'>143.</span> 
     </span>
    </p>

    <p class='ocr_par' dir='ltr' id='par_1_6' title="bbox 453 3314 1463 3515">
     <span class='ocr_line' id='line_1_22' title="bbox 500 3314 1463 3401; baseline -0.004 -19"><span class='ocrx_word' id='word_1_158' title='bbox 500 3319 550 3382; x_wconf 81' lang='lat'>79.</span> <span class='ocrx_word' id='word_1_159' title='bbox 586 3317 732 3392; x_wconf 74' lang='grc' dir='ltr'><em>ἐδόκησεν.</em></span> <span class='ocrx_word' id='word_1_160' title='bbox 767 3316 821 3401; x_wconf 86' lang='lat' dir='ltr'>Py.</span> <span class='ocrx_word' id='word_1_161' title='bbox 846 3316 893 3380; x_wconf 85' lang='lat' dir='ltr'>VI</span> <span class='ocrx_word' id='word_1_162' title='bbox 925 3320 966 3380; x_wconf 82' lang='grc'>89</span> <span class='ocrx_word' id='word_1_163' title='bbox 1001 3317 1185 3380; x_wconf 87' lang='lat' dir='ltr'>Antilochus</span> <span class='ocrx_word' id='word_1_164' title='bbox 1215 3314 1354 3380; x_wconf 86' lang='lat' dir='ltr'>Nestoris</span> <span class='ocrx_word' id='word_1_165' title='bbox 1382 3315 1463 3378; x_wconf 91' lang='lat' dir='ltr'>filius</span> 
     </span>
     <span class='ocr_line' id='line_1_23' title="bbox 453 3432 1064 3515; baseline -0.003 -15"><span class='ocrx_word' id='word_1_166' title='bbox 453 3436 582 3510; x_wconf 73' lang='grc' dir='ltr'>ἐδόκησεν</span> <span class='ocrx_word' id='word_1_167' title='bbox 606 3432 716 3505; x_wconf 67' lang='lat' dir='ltr'>bracar</span> <span class='ocrx_word' id='word_1_168' title='bbox 740 3435 833 3513; x_wconf 81' lang='grc' dir='ltr'><em>ἔμμεν</em></span> <span class='ocrx_word' id='word_1_169' title='bbox 856 3435 924 3515; x_wconf 76' lang='grc' dir='ltr'>πρὸς</span> <span class='ocrx_word' id='word_1_170' title='bbox 949 3432 1064 3514; x_wconf 62' lang='lat' dir='ltr'>aperta.</span> 
     </span>
    </p>

    <p class='ocr_par' dir='ltr' id='par_1_7' title="bbox 453 3549 1468 4105">
     <span class='ocr_line' id='line_1_24' title="bbox 499 3549 1465 3637; baseline -0.002 -22"><span class='ocrx_word' id='word_1_171' title='bbox 499 3556 551 3617; x_wconf 88' lang='grc'>80.</span> <span class='ocrx_word' id='word_1_172' title='bbox 587 3554 634 3617; x_wconf 66' lang='lat' dir='ltr'>’m’</span> <span class='ocrx_word' id='word_1_173' title='bbox 665 3553 834 3633; x_wconf 70' lang='grc' dir='ltr'>ἀμφότεραι.</span> <span class='ocrx_word' id='word_1_174' title='bbox 870 3552 999 3637; x_wconf 86' lang='lat' dir='ltr'>Propter</span> <span class='ocrx_word' id='word_1_175' title='bbox 1032 3575 1185 3616; x_wconf 89' lang='lat' dir='ltr'>armorum</span> <span class='ocrx_word' id='word_1_176' title='bbox 1209 3552 1384 3615; x_wconf 90' lang='lat' dir='ltr'>societatem</span> <span class='ocrx_word' id='word_1_177' title='bbox 1408 3549 1465 3613; x_wconf 93' lang='lat' dir='ltr'>Co-</span> 
     </span>
     <span class='ocr_line' id='line_1_25' title="bbox 453 3668 1465 3755; baseline -0.001 -22"><span class='ocrx_word' id='word_1_178' title='bbox 453 3670 576 3733; x_wconf 89' lang='lat' dir='ltr'>rinthiis</span> <span class='ocrx_word' id='word_1_179' title='bbox 608 3678 638 3733; x_wconf 91' lang='lat' dir='ltr'>et</span> <span class='ocrx_word' id='word_1_180' title='bbox 667 3670 807 3755; x_wconf 82' lang='lat' dir='ltr'>Trojanis</span> <span class='ocrx_word' id='word_1_181' title='bbox 838 3669 952 3733; x_wconf 90' lang='lat' dir='ltr'>dicitur</span> <span class='ocrx_word' id='word_1_182' title='bbox 980 3671 1011 3732; x_wconf 89' lang='lat' dir='ltr'>in</span> <span class='ocrx_word' id='word_1_183' title='bbox 1036 3670 1159 3733; x_wconf 90' lang='lat' dir='ltr'>scholiis</span> <span class='ocrx_word' id='word_1_184' title='bbox 1182 3668 1346 3733; x_wconf 84' lang='lat' dir='ltr'>Simonidis</span> <span class='ocrx_word' id='word_1_185' title='bbox 1369 3668 1465 3732; x_wconf 79' lang='lat' dir='ltr'>luisse</span> 
     </span>
     <span class='ocr_line' id='line_1_26' title="bbox 454 3785 1466 3871; baseline -0.002 -20"><span class='ocrx_word' id='word_1_186' title='bbox 454 3788 598 3865; x_wconf 92' lang='lat' dir='ltr'>verbum,</span> <span class='ocrx_word' id='word_1_187' title='bbox 623 3788 791 3853; x_wconf 91' lang='lat' dir='ltr'>Corinthiis</span> <span class='ocrx_word' id='word_1_188' title='bbox 815 3808 876 3851; x_wconf 88' lang='lat' dir='ltr'>non</span> <span class='ocrx_word' id='word_1_189' title='bbox 905 3788 994 3851; x_wconf 87' lang='lat' dir='ltr'>irasci</span> <span class='ocrx_word' id='word_1_190' title='bbox 1019 3787 1131 3852; x_wconf 90' lang='lat' dir='ltr'>Ilium:</span> <span class='ocrx_word' id='word_1_191' title='bbox 1156 3788 1267 3851; x_wconf 92' lang='lat' dir='ltr'>similia</span> <span class='ocrx_word' id='word_1_192' title='bbox 1291 3793 1362 3849; x_wconf 88' lang='lat' dir='ltr'>sunt</span> <span class='ocrx_word' id='word_1_193' title='bbox 1385 3785 1466 3871; x_wconf 91' lang='lat' dir='ltr'>apud</span> 
     </span>
     <span class='ocr_line' id='line_1_27' title="bbox 456 3904 1468 3987; baseline -0.001 -18"><span class='ocrx_word' id='word_1_194' title='bbox 456 3907 671 3983; x_wconf 87' lang='lat' dir='ltr'>Aristotelem,</span> <span class='ocrx_word' id='word_1_195' title='bbox 696 3904 786 3969; x_wconf 83' lang='lat' dir='ltr'>Rhet.</span> <span class='ocrx_word' id='word_1_196' title='bbox 810 3906 827 3968; x_wconf 92' lang='lat' dir='ltr'>I</span> <span class='ocrx_word' id='word_1_197' title='bbox 852 3905 886 3970; x_wconf 89' lang='lat' dir='ltr'>C.</span> <span class='ocrx_word' id='word_1_198' title='bbox 911 3905 977 3983; x_wconf 80' lang='lat' dir='ltr'>VI,</span> <span class='ocrx_word' id='word_1_199' title='bbox 1002 3907 1157 3984; x_wconf 74' lang='grc' dir='ltr'><strong><em>Σιμωνίδου</em></strong></span> <span class='ocrx_word' id='word_1_200' title='bbox 1177 3906 1359 3987; x_wconf 64' lang='lat' dir='ltr'>rostratam,</span> <span class='ocrx_word' id='word_1_201' title='bbox 1377 3915 1468 3985; x_wconf 85' lang='grc' dir='ltr'><em>Κοριν-</em></span> 
     </span>
     <span class='ocr_line' id='line_1_28' title="bbox 454 4023 976 4105; baseline 0 -18"><span class='ocrx_word' id='word_1_202' title='bbox 454 4025 519 4095; x_wconf 73' lang='grc' dir='ltr'><em>θίοις</em></span> <span class='ocrx_word' id='word_1_203' title='bbox 542 4025 567 4087; x_wconf 74' lang='grc' dir='ltr'>δ’</span> <span class='ocrx_word' id='word_1_204' title='bbox 590 4026 621 4087; x_wconf 81' lang='grc' dir='ltr'>οὐ</span> <span class='ocrx_word' id='word_1_205' title='bbox 645 4024 801 4105; x_wconf 73' lang='grc' dir='ltr'><em>μέμφεται</em></span> <span class='ocrx_word' id='word_1_206' title='bbox 824 4023 858 4087; x_wconf 81' lang='grc' dir='ltr'>τὸ</span> <span class='ocrx_word' id='word_1_207' title='bbox 876 4023 976 4087; x_wconf 83' lang='grc' dir='ltr'><em>Ἴλιον.</em></span> 
     </span>
    </p>

    <p class='ocr_par' dir='ltr' id='par_1_8' title="bbox 457 4140 1472 4459">
     <span class='ocr_line' id='line_1_29' title="bbox 503 4140 1469 4221; baseline 0.002 -19"><span class='ocrx_word' id='word_1_208' title='bbox 503 4144 554 4204; x_wconf 87' lang='grc'>80.</span> <span class='ocrx_word' id='word_1_209' title='bbox 590 4146 700 4221; x_wconf 73' lang='grc' dir='ltr'><em>μιιχῖιν</em></span> <span class='ocrx_word' id='word_1_210' title='bbox 728 4141 842 4218; x_wconf 75' lang='grc' dir='ltr'><em>τέμνειν</em></span> <span class='ocrx_word' id='word_1_211' title='bbox 858 4142 951 4213; x_wconf 76' lang='grc' dir='ltr'>τέλος.</span> <span class='ocrx_word' id='word_1_212' title='bbox 1000 4140 1170 4205; x_wconf 86' lang='lat' dir='ltr'>Scholiasta</span> <span class='ocrx_word' id='word_1_213' title='bbox 1193 4149 1297 4204; x_wconf 87' lang='lat' dir='ltr'>vetus:</span> <span class='ocrx_word' id='word_1_214' title='bbox 1322 4140 1469 4216; x_wconf 73' lang='grc' dir='ltr'><em>διιιτεμεῒν</em></span> 
     </span>
     <span class='ocr_line' id='line_1_30' title="bbox 457 4258 1470 4345; baseline 0 -21"><span class='ocrx_word' id='word_1_215' title='bbox 457 4261 505 4325; x_wconf 75' lang='grc' dir='ltr'>καὶ</span> <span class='ocrx_word' id='word_1_216' title='bbox 537 4261 626 4340; x_wconf 73' lang='grc' dir='ltr'><em>τέρας</em></span> <span class='ocrx_word' id='word_1_217' title='bbox 656 4260 808 4325; x_wconf 71' lang='grc' dir='ltr'><em>ἐπιτιθέναι</em></span> <span class='ocrx_word' id='word_1_218' title='bbox 840 4272 876 4340; x_wconf 71' lang='grc' dir='ltr'>τῇ</span> <span class='ocrx_word' id='word_1_219' title='bbox 900 4261 998 4341; x_wconf 58' lang='grc' dir='ltr'>μάχῃ.</span> <span class='ocrx_word' id='word_1_220' title='bbox 1045 4260 1153 4345; x_wconf 86' lang='lat' dir='ltr'>Eurip.</span> <span class='ocrx_word' id='word_1_221' title='bbox 1179 4258 1299 4323; x_wconf 84' lang='lat' dir='ltr'>Heracl.</span> <span class='ocrx_word' id='word_1_222' title='bbox 1327 4262 1389 4324; x_wconf 83' lang='lat'>753</span> <span class='ocrx_word' id='word_1_223' title='bbox 1413 4258 1470 4324; x_wconf 78' lang='grc' dir='ltr'><em>κίν-</em></span> 
     </span>
     <span class='ocr_line' id='line_1_31' title="bbox 458 4376 1472 4459; baseline -0.001 -19"><span class='ocrx_word' id='word_1_224' title='bbox 458 4380 535 4442; x_wconf 77' lang='grc' dir='ltr'><em>δνννν</em></span> <span class='ocrx_word' id='word_1_225' title='bbox 559 4380 649 4458; x_wconf 63' lang='lat' dir='ltr'>acati&gt;</span> <span class='ocrx_word' id='word_1_226' title='bbox 672 4388 772 4455; x_wconf 84' lang='grc' dir='ltr'><em>τεμεῖν</em></span> <span class='ocrx_word' id='word_1_227' title='bbox 796 4378 911 4458; x_wconf 71' lang='grc' dir='ltr'>σιδάρῳ.</span> <span class='ocrx_word' id='word_1_228' title='bbox 935 4376 997 4439; x_wconf 82' lang='lat' dir='ltr'>Vix</span> <span class='ocrx_word' id='word_1_229' title='bbox 1021 4377 1058 4441; x_wconf 91' lang='lat' dir='ltr'>ab</span> <span class='ocrx_word' id='word_1_230' title='bbox 1084 4376 1150 4439; x_wconf 89' lang='lat' dir='ltr'>aliis</span> <span class='ocrx_word' id='word_1_231' title='bbox 1174 4377 1264 4441; x_wconf 85' lang='lat' dir='ltr'>rebus</span> <span class='ocrx_word' id='word_1_232' title='bbox 1288 4376 1367 4459; x_wconf 90' lang='lat' dir='ltr'>hanc</span> <span class='ocrx_word' id='word_1_233' title='bbox 1389 4376 1472 4440; x_wconf 91' lang='lat' dir='ltr'>locu·</span> 
     </span>
    </p>
   </div>
   <div class='ocr_carea' id='block_1_4' title="bbox 460 4492 1473 4669">
    <p class='ocr_par' dir='ltr' id='par_1_9' title="bbox 460 4492 1473 4669">
     <span class='ocr_line' id='line_1_32' title="bbox 460 4492 1473 4578; baseline -0.001 -20"><span class='ocrx_word' id='word_1_234' title='bbox 460 4498 572 4558; x_wconf 85' lang='lat' dir='ltr'>tionem</span> <span class='ocrx_word' id='word_1_235' title='bbox 606 4495 774 4559; x_wconf 90' lang='lat' dir='ltr'>desumtam</span> <span class='ocrx_word' id='word_1_236' title='bbox 807 4497 966 4560; x_wconf 82' lang='lat' dir='ltr'>existimo:</span> <span class='ocrx_word' id='word_1_237' title='bbox 999 4496 1030 4559; x_wconf 91' lang='lat' dir='ltr'>id</span> <span class='ocrx_word' id='word_1_238' title='bbox 1055 4494 1137 4578; x_wconf 91' lang='lat' dir='ltr'>quod</span> <span class='ocrx_word' id='word_1_239' title='bbox 1160 4492 1300 4577; x_wconf 83' lang='lat' dir='ltr'>Heynius</span> <span class='ocrx_word' id='word_1_240' title='bbox 1325 4502 1430 4578; x_wconf 87' lang='lat' dir='ltr'>putat,</span> <span class='ocrx_word' id='word_1_241' title='bbox 1455 4518 1473 4557; x_wconf 89' lang='lat' dir='ltr'>a</span> 
     </span>
     <span class='ocr_line' id='line_1_33' title="bbox 1281 4613 1337 4669; baseline 0 0"><span class='ocrx_word' id='word_1_242' title='bbox 1281 4613 1337 4669; x_wconf 79' lang='lat'>35*</span> 
     </span>
    </p>
   </div>
   <div class='ocr_carea' id='block_1_5' title="bbox 0 0 1932 5534">
    <p class='ocr_par' dir='ltr' id='par_1_10' title="bbox 0 0 1932 5534">
     <span class='ocr_line' id='line_1_34' title="bbox 0 0 1932 5534; baseline 0 0"><span class='ocrx_word' id='word_1_243' title='bbox 0 0 1932 5534; x_wconf 95' lang='lat' dir='ltr'> </span> 
     </span>
    </p>
   </div>
  </div>
 </body>
</html>
