3767 5534
869 449 933 512 466

348 744 351 751 Ι
399 649 493 748 idque
517 649 675 716 confirmat
698 651 836 735 exemplo
859 649 1018 728 Herculis,
1042 651 1096 735 qui
1119 652 1211 716 etiam
1235 674 1292 737 ope
1308 652 1416 718 divina

401 769 524 855 adjutus
548 768 692 833 adversus
712 768 793 833 Deos
810 790 945 853 pugnam
961 769 1173 847 sustinuisset,
1191 772 1342 835 ‹ta-54:
1359 770 1415 835 sed

401 887 546 950 contiuuo
570 909 635 950 eam
658 886 812 963 fabulam,
837 893 946 970 utpote
965 886 1090 971 impiam
1107 892 1137 950 et
1152 886 1220 951 Diis
1236 887 1414 973 indignam,

399 1005 516 1089 rejicit,
550 1006 691 1067 tlt-ct
738 1003 789 1066 Ad
812 1002 970 1088 Opuntem
994 1004 1172 1081 revertitur,
1197 981 1415 1071 olim'Denca·

400 1121 492 1185 lionis
515 1128 547 1185 et
569 1120 703 1205 Pyrrhae
727 1121 828 1185 sedem
851 1130 921 1206 post
945 1129 1092 1186 terrarum
1114 1122 1367 1202 inundationem,
1386 1133 1416 1189 ct

401 1240 439 1304 ab
454 1239 516 1304 illis
533 1240 628 1303 claras
640 1237 850 1324 Opuntiorum
863 1263 970 1324 regum
982 1241 1115 1325 origines
1127 1241 1252 1325 repetit:
1268 1233 1413 1308 ott-tt.

401 1356 567 1422 Vetustum
589 1379 692 1441 regem
715 1355 889 1441 Opuntem,
913 1358 1010 1421 filium
1035 1358 1121 1422 lovis
1143 1367 1175 1422 at
1189 1358 1289 1423 Locro
1306 1360 1414 1425 datum

400 1475 548 1540 celebrat:
575 1477 739 1539 85-100.
778 1474 937 1559 Hospites·
950 1475 1069 1553 laudat,
1095 1477 1149 1562 qui
1165 1475 1204 1540 ad
1219 1477 1309 1542 illum
1325 1500 1414 1543 vene-

400 1602 491 1673 runt,
516 1596 678 1680 inprimis
704 1595 910 1672 Menoetium,
939 1598 1134 1659 lot-106:
1159 1595 1253 1681 hujus
1276 1596 1334 1660 filii
1357 1596 1414 1660 Pa·

400 1713 490 1777 trocli
513 1714 726 1778 fortitudinem
750 1722 967 1777 commemorat
991 1721 1113 1777 etcum
1140 1714 1260 1779 Achille
1285 1714 1415 1778 necessi·

401 1831 554 1908 tudinem,
579 1833 763 1896 lot-119.
795 1830 911 1894 Verum
927 1840 1049 1895 revocat
1065 1854 1112 1908 se,
1131 1841 1162 1895 et
1177 1830 1413 1916 Lampromachi

400 1946 659 2032 Epharmostique
675 1949 815 2012 victorias
831 1950 926 2026 canit,
946 1957 977 2012 et
988 1949 1080 2034 hujus
1092 1950 1216 2032 quidem
1229 1948 1412 2033 permultas:

404 2069 590 2131 119-151.
638 2066 712 2129 Ideo
747 2074 849 2129 autem
885 2088 954 2129 eum
990 2067 1072 2130 claro
1103 2067 1236 2131 carmine
1267 2064 1412 2131 celebrari

402 2193 541 2270 oportere
571 2185 743 2270 praedicat,
772 2185 845 2267 quia
874 2184 924 2261 id,
958 2184 1039 2268 quod
1068 2192 1130 2248 tarn
1153 2185 1186 2247 in
1209 2185 1295 2269 poesi
1320 2207 1410 2270 quam

378 2304 434 2397 'iu
461 2303 587 2386 reliquis
619 2302 762 2366 laudibus
786 2301 933 2366 debeatur
956 2310 1100 2379 naturae,
1126 2304 1166 2366 sit
1189 2304 1358 2388 optimum,
1382 2312 1412 2365 et

401 2422 454 2486 ille
477 2421 624 2484 divinitus
648 2421 735 2483 fortis
759 2420 816 2483 sit:
844 2421 1028 2483 lta-168.

446 2538 503 2601 Est
525 2538 617 2622 hujus
642 2538 783 2601 carminis
804 2537 902 2600 fervor
918 2544 949 2600 et
964 2537 1088 2620 grandis
1104 2558 1139 2599 ac
1154 2536 1411 2611 robusta-oratio,

403 2656 602 2732 couveniens,
634 2656 695 2718 nisi
725 2655 833 2733 fallor,
862 2656 992 2720 eximiae
1014 2655 1111 2739 ipsius
1135 2654 1334 2739 Epharmosti
1356 2653 1414 2717 for·

254 2783 283 2861 ἰ
402 2772 549 2849 titudini,
581 2775 670 2856 quasi
693 2774 759 2836 nati
783 2780 814 2836 et
836 2773 909 2837 faeti
933 2773 971 2836 ad
995 2773 1171 2836 certamina.
1217 2771 1348 2836 Factum
1372 2771 1412 2833 ri·

297 2892 299 2895 ’
402 2890 493 2954 detur
527 2913 544 2953 a
574 2890 707 2954 Pindaro
738 2899 863 2975 propter
894 2890 1154 2954 necessitudinem
1185 2896 1216 2953 et
1247 2889 1410 2953 amicitiam

401 3008 650 3093 Lampromaohi,
667 2982 883 3072 Thebanorum
899 3006 981 3091 apud
994 3006 1147 3091 Opuntius
1159 3006 1302 3091 proxeni,
1316 3027 1410 3091 quum

300 3153 302 3157 ·
402 3125 453 3190 hic
482 3134 561 3190 esset
583 3126 680 3210 ipsius
704 3124 901 3209 Epharmosti
925 3124 1145 3188 amicissimus:
1170 3131 1201 3186 et
1223 3122 1330 3187 datum
1355 3122 1411 3185 vic-

402 3243 463 3305 tori
485 3243 517 3305 in
542 3243 669 3327 patriam
693 3241 813 3318 reduci,
839 3263 936 3325 quum
960 3240 1011 3303 hie
1034 3240 1067 3304 in
1090 3240 1168 3304 festo
1193 3240 1296 3324 Ajaois
1312 3238 1410 3303 herois

401 3358 546 3441 indigetis
570 3381 652 3422 aram
675 3366 859 3421 coronasset.
895 3356 968 3436 Qua
991 3355 1173 3441 Olympiade
1195 3356 1271 3419 haec
1288 3355 1412 3419 victuris

402 3472 564 3560 Olympioa
594 3476 631 3540 ab
664 3476 867 3561 Epharmosto
897 3480 1053 3559 reportata
1083 3474 1192 3551 fuerit,
1225 3471 1409 3559 ignoramus.

401 3591 441 3657 In
463 3593 579 3657 scholio
603 3602 702 3659 vetere
726 3592 764 3657 ad
788 3616 821 3656 vs
847 3595 885 3658 17
911 3600 975 3657 cst:
999 3594 1110 3668 ἐνίκησε
1132 3593 1160 3657 δὲ
1176 3593 1189 3656 ὃ
1204 3592 1406 3673 ’scamna

401 3710 452 3775 ιιοιὶ
484 3710 648 3788 Ολύμτιοο,
679 3714 716 3782 ὡς
739 3719 874 3788 τροεΐτε,
898 3712 948 3776 aa}
972 3712 1083 3787 Πύθιοι,
1105 3700 1311 3792 Ιἑβδομηκοστῇ
1333 3711 1408 3790 τρίτη

401 3827 596 3904 Ὀλυμπιάδι.
643 3827 685 3891 Et
717 3828 750 3892 iu
786 3828 900 3892 altero:
935 3829 985 3893 κοιὶ
1020 3828 1079 3907 γὰρ
1113 3825 1207 3893 Πύθιοι
1240 3828 1367 3903 ἐνίκησεν
1395 3826 1406 3891 ὃ

402 3943 609 4025 Ἐφοὶρμοστοι
638 3947 691 4019 rhu
722 3946 891 4024 τριοικοστηι
914 3944 1063 4011 notitia:
1087 3944 1191 4029 ibique
1214 3944 1247 4008 in
1271 3944 1359 4009 Urat.
1383 3945 1406 4006 A

403 4066 451 4125 est
479 4062 540 4139 λη’.
585 4059 674 4140 Quae
704 4062 948 4146 computationes
979 4062 1140 4124 manifesto
1171 4067 1312 4145 puguant
1334 4062 1406 4126 iuter

404 4199 446 4241 se.
492 4178 666 4243 Boeclrhius
697 4201 752 4264 pro
775 4180 975 4260 ἑβδομηκοστῇ
998 4181 1080 4262 τρίτη
1103 4178 1288 4257 Ὀλυμπιάδι
1310 4180 1405 4264 legeu-
