<?xml version="1.0" encoding="UTF-8"?>
<!DOCTYPE html PUBLIC "-//W3C//DTD XHTML 1.0 Transitional//EN"
    "http://www.w3.org/TR/xhtml1/DTD/xhtml1-transitional.dtd">
<html xmlns="http://www.w3.org/1999/xhtml" xml:lang="en" lang="en">
 <head>
  <title>
</title>
<meta http-equiv="Content-Type" content="text/html;charset=utf-8" />
  <meta name='ocr-system' content='tesseract 3.04.00' />
  <meta name='ocr-capabilities' content='ocr_page ocr_carea ocr_par ocr_line ocrx_word'/>
</head>
<body>
  <div class='ocr_page' id='page_1' title='image "./pindaricarminao00pindgoog_0531.png"; bbox 0 0 3767 5534; ppageno 0'>
   <div class='ocr_carea' id='block_1_1' title="bbox 907 731 973 793">
    <p class='ocr_par' dir='ltr' id='par_1_1' title="bbox 907 731 973 793">
     <span class='ocr_line' id='line_1_1' title="bbox 907 731 973 793; baseline 0 0"><span class='ocrx_word' id='word_1_1' title='bbox 907 731 973 793; x_wconf 75' lang='lat'>450</span> 
     </span>
    </p>
   </div>
   <div class='ocr_carea' id='block_1_2' title="bbox 430 931 1454 1127">
    <p class='ocr_par' dir='ltr' id='par_1_2' title="bbox 430 931 1454 1127">
     <span class='ocr_line' id='line_1_2' title="bbox 432 931 1454 1021; baseline 0.005 -22"><span class='ocrx_word' id='word_1_2' title='bbox 432 942 463 999; x_wconf 91' lang='lat' dir='ltr'>et</span> <span class='ocrx_word' id='word_1_3' title='bbox 494 955 655 1019; x_wconf 90' lang='lat' dir='ltr'>occupans.</span> <span class='ocrx_word' id='word_1_4' title='bbox 703 931 851 997; x_wconf 83' lang='lat' dir='ltr'><strong>Similiter</strong></span> <span class='ocrx_word' id='word_1_5' title='bbox 882 933 1454 1021; x_wconf 60' lang='lat' dir='ltr'>de&gt;iguedicitur1Py.III70,de</span> 
     </span>
     <span class='ocr_line' id='line_1_3' title="bbox 430 1049 1215 1127; baseline 0.004 -12"><span class='ocrx_word' id='word_1_6' title='bbox 430 1060 525 1116; x_wconf 86' lang='lat' dir='ltr'>vento</span> <span class='ocrx_word' id='word_1_7' title='bbox 544 1050 637 1115; x_wconf 87' lang='lat' dir='ltr'>Hom</span> <span class='ocrx_word' id='word_1_8' title='bbox 662 1050 700 1114; x_wconf 92' lang='lat' dir='ltr'>Il.</span> <span class='ocrx_word' id='word_1_9' title='bbox 725 1049 761 1114; x_wconf 96' lang='grc' dir='ltr'>Π</span> <span class='ocrx_word' id='word_1_10' title='bbox 786 1052 867 1127; x_wconf 74' lang='grc'><strong>148,</strong></span> <span class='ocrx_word' id='word_1_11' title='bbox 892 1050 1003 1115; x_wconf 86' lang='lat' dir='ltr'>Aesch.</span> <span class='ocrx_word' id='word_1_12' title='bbox 1031 1050 1113 1115; x_wconf 84' lang='lat' dir='ltr'>Pers.</span> <span class='ocrx_word' id='word_1_13' title='bbox 1141 1055 1215 1118; x_wconf 84' lang='grc'>110.</span> 
     </span>
    </p>
   </div>
   <div class='ocr_carea' id='block_1_3' title="bbox 430 1168 1454 2198">
    <p class='ocr_par' dir='ltr' id='par_1_3' title="bbox 430 1168 1454 2198">
     <span class='ocr_line' id='line_1_4' title="bbox 483 1168 1450 1255; baseline 0.006 -23"><span class='ocrx_word' id='word_1_14' title='bbox 483 1172 537 1233; x_wconf 84' lang='grc'>49.</span> <span class='ocrx_word' id='word_1_15' title='bbox 550 1170 669 1255; x_wconf 77' lang='grc' dir='ltr'><em>πύργον.</em></span> <span class='ocrx_word' id='word_1_16' title='bbox 681 1168 829 1233; x_wconf 85' lang='lat' dir='ltr'>Similiter</span> <span class='ocrx_word' id='word_1_17' title='bbox 836 1168 874 1233; x_wconf 89' lang='lat' dir='ltr'>de</span> <span class='ocrx_word' id='word_1_18' title='bbox 882 1168 1043 1233; x_wconf 90' lang='lat' dir='ltr'>moenibus</span> <span class='ocrx_word' id='word_1_19' title='bbox 1052 1169 1167 1233; x_wconf 86' lang='lat' dir='ltr'>dicitur</span> <span class='ocrx_word' id='word_1_20' title='bbox 1175 1169 1251 1236; x_wconf 82' lang='lat' dir='ltr'>Eur.</span> <span class='ocrx_word' id='word_1_21' title='bbox 1263 1172 1338 1237; x_wconf 89' lang='lat' dir='ltr'>Hec.</span> <span class='ocrx_word' id='word_1_22' title='bbox 1351 1176 1450 1238; x_wconf 85' lang='grc'>1185.</span> 
     </span>
     <span class='ocr_line' id='line_1_5' title="bbox 477 1287 1454 1377; baseline 0.005 -26"><span class='ocrx_word' id='word_1_23' title='bbox 477 1290 531 1352; x_wconf 86' lang='grc'>50.</span> <span class='ocrx_word' id='word_1_24' title='bbox 563 1289 587 1354; x_wconf 82' lang='grc' dir='ltr'>οἱ</span> <span class='ocrx_word' id='word_1_25' title='bbox 615 1288 672 1354; x_wconf 73' lang='grc' dir='ltr'>δύο.</span> <span class='ocrx_word' id='word_1_26' title='bbox 707 1287 923 1372; x_wconf 87' lang='lat' dir='ltr'>Praepositum</span> <span class='ocrx_word' id='word_1_27' title='bbox 947 1294 992 1351; x_wconf 88' lang='lat' dir='ltr'>est</span> <span class='ocrx_word' id='word_1_28' title='bbox 1016 1288 1115 1351; x_wconf 76' lang='lat' dir='ltr'>totius</span> <span class='ocrx_word' id='word_1_29' title='bbox 1137 1290 1306 1355; x_wconf 86' lang='lat' dir='ltr'>sententiaa</span> <span class='ocrx_word' id='word_1_30' title='bbox 1330 1291 1454 1377; x_wconf 83' lang='lat' dir='ltr'>subjec-</span> 
     </span>
     <span class='ocr_line' id='line_1_6' title="bbox 430 1406 1453 1490; baseline 0.004 -19"><span class='ocrx_word' id='word_1_31' title='bbox 430 1416 499 1472; x_wconf 88' lang='lat' dir='ltr'>tum</span> <span class='ocrx_word' id='word_1_32' title='bbox 520 1406 645 1484; x_wconf 68' lang='grc' dir='ltr'>γλαυκοὶ</span> <span class='ocrx_word' id='word_1_33' title='bbox 666 1406 833 1487; x_wconf 76' lang='grc' dir='ltr'><em>δράκοντεςι</em></span> <span class='ocrx_word' id='word_1_34' title='bbox 857 1406 940 1490; x_wconf 85' lang='lat' dir='ltr'>quod</span> <span class='ocrx_word' id='word_1_35' title='bbox 959 1428 1046 1470; x_wconf 88' lang='lat' dir='ltr'>nune</span> <span class='ocrx_word' id='word_1_36' title='bbox 1063 1406 1229 1485; x_wconf 78' lang='lat' dir='ltr'>dividitus,</span> <span class='ocrx_word' id='word_1_37' title='bbox 1241 1409 1266 1473; x_wconf 79' lang='grc' dir='ltr'>οἱ</span> <span class='ocrx_word' id='word_1_38' title='bbox 1278 1408 1327 1475; x_wconf 71' lang='grc' dir='ltr'>δύο</span> <span class='ocrx_word' id='word_1_39' title='bbox 1338 1411 1393 1489; x_wconf 69' lang='grc' dir='ltr'>μὲν</span> <span class='ocrx_word' id='word_1_40' title='bbox 1405 1448 1453 1461; x_wconf 92' lang='lat'><em>-</em></span> 
     </span>
     <span class='ocr_line' id='line_1_7' title="bbox 431 1520 1447 1611; baseline 0.004 -20"><span class='ocrx_word' id='word_1_41' title='bbox 431 1520 471 1599; x_wconf 81' lang='grc' dir='ltr'><em>εἷς</em></span> <span class='ocrx_word' id='word_1_42' title='bbox 501 1524 541 1593; x_wconf 71' lang='grc' dir='ltr'>δέ.</span> <span class='ocrx_word' id='word_1_43' title='bbox 579 1524 727 1611; x_wconf 82' lang='lat' dir='ltr'>Ejusdem</span> <span class='ocrx_word' id='word_1_44' title='bbox 747 1525 869 1609; x_wconf 62' lang='lat' dir='ltr'>,generis</span> <span class='ocrx_word' id='word_1_45' title='bbox 892 1524 1031 1609; x_wconf 81' lang='lat' dir='ltr'>exempla</span> <span class='ocrx_word' id='word_1_46' title='bbox 1054 1532 1143 1604; x_wconf 89' lang='lat' dir='ltr'>suut,</span> <span class='ocrx_word' id='word_1_47' title='bbox 1169 1524 1261 1591; x_wconf 56' lang='lat' dir='ltr'>Home</span> <span class='ocrx_word' id='word_1_48' title='bbox 1285 1527 1324 1592; x_wconf 87' lang='lat' dir='ltr'>Il.</span> <span class='ocrx_word' id='word_1_49' title='bbox 1352 1527 1447 1595; x_wconf 64' lang='lat' dir='ltr'>Vssl</span> 
     </span>
     <span class='ocr_line' id='line_1_8' title="bbox 518 1638 1248 1725; baseline 0 -15"><span class='ocrx_word' id='word_1_50' title='bbox 518 1652 615 1723; x_wconf 77' lang='grc' dir='ltr'><em>Τρῶες</em></span> <span class='ocrx_word' id='word_1_51' title='bbox 637 1645 668 1709; x_wconf 77' lang='grc' dir='ltr'>δὲ</span> <span class='ocrx_word' id='word_1_52' title='bbox 690 1642 856 1722; x_wconf 75' lang='grc' dir='ltr'><em>μεγάθυμοι</em></span> <span class='ocrx_word' id='word_1_53' title='bbox 880 1643 943 1707; x_wconf 75' lang='grc' dir='ltr'><em>ἐπεὶ</em></span> <span class='ocrx_word' id='word_1_54' title='bbox 968 1642 1025 1708; x_wconf 69' lang='grc' dir='ltr'><em>ἴδον</em></span> <span class='ocrx_word' id='word_1_55' title='bbox 1050 1638 1093 1708; x_wconf 78' lang='grc' dir='ltr'><em>υἷε</em></span> <span class='ocrx_word' id='word_1_56' title='bbox 1116 1644 1248 1725; x_wconf 74' lang='grc' dir='ltr'><em>Δάριρτορ</em></span> 
     </span>
     <span class='ocr_line' id='line_1_9' title="bbox 519 1757 1380 1841; baseline 0 -16"><span class='ocrx_word' id='word_1_57' title='bbox 519 1760 569 1825; x_wconf 79' lang='grc' dir='ltr'>τὸν</span> <span class='ocrx_word' id='word_1_58' title='bbox 591 1760 644 1837; x_wconf 76' lang='grc' dir='ltr'>μὲν</span> <span class='ocrx_word' id='word_1_59' title='bbox 666 1757 845 1836; x_wconf 68' lang='grc' dir='ltr'><em>ἀλευάμενον</em></span> <span class='ocrx_word' id='word_1_60' title='bbox 868 1759 916 1824; x_wconf 78' lang='grc' dir='ltr'>τὸν</span> <span class='ocrx_word' id='word_1_61' title='bbox 939 1758 969 1823; x_wconf 71' lang='grc' dir='ltr'>δὲ</span> <span class='ocrx_word' id='word_1_62' title='bbox 991 1758 1135 1835; x_wconf 75' lang='grc' dir='ltr'><em>κτάμενον</em></span> <span class='ocrx_word' id='word_1_63' title='bbox 1157 1758 1227 1841; x_wconf 73' lang='grc' dir='ltr'><em>παρ’</em></span> <span class='ocrx_word' id='word_1_64' title='bbox 1250 1758 1380 1841; x_wconf 73' lang='grc' dir='ltr'><em>ὄχεσφι·</em></span> 
     </span>
     <span class='ocr_line' id='line_1_10' title="bbox 431 1876 712 1964; baseline 0 -23"><span class='ocrx_word' id='word_1_65' title='bbox 431 1876 525 1964; x_wconf 77' lang='lat' dir='ltr'>Sopb</span> <span class='ocrx_word' id='word_1_66' title='bbox 549 1879 623 1942; x_wconf 85' lang='lat' dir='ltr'><strong>Ant.</strong></span> <span class='ocrx_word' id='word_1_67' title='bbox 650 1881 712 1941; x_wconf 86' lang='grc'>561</span> 
     </span>
     <span class='ocr_line' id='line_1_11' title="bbox 539 1996 1166 2077; baseline -0.002 -16"><span class='ocrx_word' id='word_1_68' title='bbox 539 1998 579 2061; x_wconf 72' lang='grc' dir='ltr'>τὸν</span> <span class='ocrx_word' id='word_1_69' title='bbox 602 1996 692 2061; x_wconf 74' lang='grc' dir='ltr'><em>ποιῑδὲ</em></span> <span class='ocrx_word' id='word_1_70' title='bbox 714 2004 794 2077; x_wconf 78' lang='grc' dir='ltr'><em>Φνμι</em></span> <span class='ocrx_word' id='word_1_71' title='bbox 817 1997 888 2061; x_wconf 74' lang='grc' dir='ltr'><em>τάδε</em></span> <span class='ocrx_word' id='word_1_72' title='bbox 910 1998 963 2071; x_wconf 67' lang='grc' dir='ltr'>τὴν</span> <span class='ocrx_word' id='word_1_73' title='bbox 985 1998 1039 2073; x_wconf 77' lang='grc' dir='ltr'>μὲν</span> <span class='ocrx_word' id='word_1_74' title='bbox 1062 1997 1166 2075; x_wconf 79' lang='grc' dir='ltr'><em>άρτίονο</em></span> 
     </span>
     <span class='ocr_line' id='line_1_12' title="bbox 540 2112 1342 2198; baseline 0.007 -22"><span class='ocrx_word' id='word_1_75' title='bbox 540 2112 623 2179; x_wconf 85' lang='grc' dir='ltr'><em>άνονν</em></span> <span class='ocrx_word' id='word_1_76' title='bbox 646 2113 812 2196; x_wconf 69' lang='grc' dir='ltr'><em>πεφάνθαι,</em></span> <span class='ocrx_word' id='word_1_77' title='bbox 836 2116 888 2189; x_wconf 67' lang='grc' dir='ltr'>τὴν</span> <span class='ocrx_word' id='word_1_78' title='bbox 910 2115 936 2179; x_wconf 73' lang='grc' dir='ltr'>δ’</span> <span class='ocrx_word' id='word_1_79' title='bbox 959 2114 1016 2197; x_wconf 55' lang='lat' dir='ltr'>ab&amp;</span> <span class='ocrx_word' id='word_1_80' title='bbox 1040 2112 1073 2179; x_wconf 80' lang='grc' dir='ltr'>οὗ</span> <span class='ocrx_word' id='word_1_81' title='bbox 1096 2116 1138 2180; x_wconf 79' lang='grc' dir='ltr'>πά</span> <span class='ocrx_word' id='word_1_82' title='bbox 1159 2114 1248 2194; x_wconf 78' lang='grc' dir='ltr'><em>πρῶτ’</em></span> <span class='ocrx_word' id='word_1_83' title='bbox 1272 2114 1342 2198; x_wconf 76' lang='grc' dir='ltr'><strong>ἔφυ.</strong></span> 
     </span>
    </p>
   </div>
   <div class='ocr_carea' id='block_1_4' title="bbox 377 2218 1450 2331">
    <p class='ocr_par' dir='ltr' id='par_1_4' title="bbox 377 2218 1450 2331">
     <span class='ocr_line' id='line_1_13' title="bbox 377 2218 1450 2331; baseline 0.001 -34"><span class='ocrx_word' id='word_1_84' title='bbox 377 2218 393 2273; x_wconf 42' lang='lat'>&#39;-</span> <span class='ocrx_word' id='word_1_85' title='bbox 432 2232 482 2297; x_wconf 86' lang='lat' dir='ltr'>Sic</span> <span class='ocrx_word' id='word_1_86' title='bbox 511 2234 602 2299; x_wconf 89' lang='lat' dir='ltr'>etiam</span> <span class='ocrx_word' id='word_1_87' title='bbox 626 2234 709 2319; x_wconf 89' lang='lat' dir='ltr'>apud</span> <span class='ocrx_word' id='word_1_88' title='bbox 731 2233 859 2331; x_wconf 76' lang='lat' dir='ltr'>Latinos</span> <span class='ocrx_word' id='word_1_89' title='bbox 881 2233 990 2298; x_wconf 84' lang='lat' dir='ltr'>Livius</span> <span class='ocrx_word' id='word_1_90' title='bbox 1013 2233 1061 2297; x_wconf 84' lang='lat' dir='ltr'>IX</span> <span class='ocrx_word' id='word_1_91' title='bbox 1088 2236 1145 2297; x_wconf 79' lang='lat' dir='ltr'>la:</span> <span class='ocrx_word' id='word_1_92' title='bbox 1170 2232 1336 2313; x_wconf 79' lang='lat' dir='ltr'>Consules,</span> <span class='ocrx_word' id='word_1_93' title='bbox 1361 2233 1450 2320; x_wconf 86' lang='lat' dir='ltr'>Papi·</span> 
     </span>
    </p>
   </div>
   <div class='ocr_carea' id='block_1_5' title="bbox 375 2352 1531 4450">
    <p class='ocr_par' dir='ltr' id='par_1_5' title="bbox 375 2352 1448 2675">
     <span class='ocr_line' id='line_1_14' title="bbox 431 2352 1448 2438; baseline 0.001 -22"><span class='ocrx_word' id='word_1_94' title='bbox 431 2354 496 2417; x_wconf 83' lang='lat' dir='ltr'>rius</span> <span class='ocrx_word' id='word_1_95' title='bbox 520 2352 558 2416; x_wconf 89' lang='lat' dir='ltr'>ad</span> <span class='ocrx_word' id='word_1_96' title='bbox 581 2352 743 2418; x_wconf 83' lang='lat' dir='ltr'>Luceriam</span> <span class='ocrx_word' id='word_1_97' title='bbox 766 2353 882 2438; x_wconf 85' lang='lat' dir='ltr'>pergit,</span> <span class='ocrx_word' id='word_1_98' title='bbox 906 2352 1038 2417; x_wconf 87' lang='lat' dir='ltr'>Publius</span> <span class='ocrx_word' id='word_1_99' title='bbox 1061 2354 1094 2416; x_wconf 90' lang='lat' dir='ltr'>in</span> <span class='ocrx_word' id='word_1_100' title='bbox 1110 2352 1234 2417; x_wconf 84' lang='lat' dir='ltr'>Samnio</span> <span class='ocrx_word' id='word_1_101' title='bbox 1249 2353 1405 2418; x_wconf 70' lang='lat' dir='ltr'>substitit:</span> <span class='ocrx_word' id='word_1_102' title='bbox 1419 2361 1448 2417; x_wconf 91' lang='lat' dir='ltr'>et</span> 
     </span>
     <span class='ocr_line' id='line_1_15' title="bbox 375 2462 1448 2559; baseline 0 -24"><span class='ocrx_word' id='word_1_103' title='bbox 375 2553 379 2559; x_wconf 13' lang='grc' dir='ltr'><em>υ</em></span> <span class='ocrx_word' id='word_1_104' title='bbox 431 2471 541 2535; x_wconf 86' lang='lat' dir='ltr'><strong>XXIV</strong></span> <span class='ocrx_word' id='word_1_105' title='bbox 566 2474 629 2541; x_wconf 64' lang='lat' dir='ltr'>aa:</span> <span class='ocrx_word' id='word_1_106' title='bbox 651 2471 819 2549; x_wconf 82' lang='lat' dir='ltr'>Consules,</span> <span class='ocrx_word' id='word_1_107' title='bbox 844 2471 1009 2536; x_wconf 77' lang='lat' dir='ltr'>Marcellus</span> <span class='ocrx_word' id='word_1_108' title='bbox 1033 2470 1146 2536; x_wconf 83' lang='lat' dir='ltr'>Nolam</span> <span class='ocrx_word' id='word_1_109' title='bbox 1169 2471 1266 2550; x_wconf 88' lang='lat' dir='ltr'>rodit,</span> <span class='ocrx_word' id='word_1_110' title='bbox 1279 2470 1394 2537; x_wconf 78' lang='lat' dir='ltr'>Fabius</span> <span class='ocrx_word' id='word_1_111' title='bbox 1408 2462 1448 2535; x_wconf 75' lang='lat' dir='ltr'>¹in</span> 
     </span>
     <span class='ocr_line' id='line_1_16' title="bbox 431 2588 767 2675; baseline 0 -22"><span class='ocrx_word' id='word_1_112' title='bbox 431 2588 589 2656; x_wconf 83' lang='lat' dir='ltr'>Samnium</span> <span class='ocrx_word' id='word_1_113' title='bbox 611 2591 767 2675; x_wconf 85' lang='lat' dir='ltr'>processit.</span> 
     </span>
    </p>

    <p class='ocr_par' dir='ltr' id='par_1_6' title="bbox 430 2707 1447 3367">
     <span class='ocr_line' id='line_1_17' title="bbox 478 2707 1447 2792; baseline -0.001 -20"><span class='ocrx_word' id='word_1_114' title='bbox 478 2711 530 2773; x_wconf 85' lang='grc'>50.</span> <span class='ocrx_word' id='word_1_115' title='bbox 565 2708 701 2774; x_wconf 77' lang='grc' dir='ltr'><em>κάπετον.</em></span> <span class='ocrx_word' id='word_1_116' title='bbox 735 2708 774 2772; x_wconf 86' lang='lat' dir='ltr'>Id</span> <span class='ocrx_word' id='word_1_117' title='bbox 798 2708 881 2792; x_wconf 87' lang='lat' dir='ltr'>quod</span> <span class='ocrx_word' id='word_1_118' title='bbox 903 2709 1075 2774; x_wconf 79' lang='grc' dir='ltr'><em>κάοέπεσον.</em></span> <span class='ocrx_word' id='word_1_119' title='bbox 1120 2708 1167 2772; x_wconf 87' lang='lat' dir='ltr'>De</span> <span class='ocrx_word' id='word_1_120' title='bbox 1190 2708 1363 2772; x_wconf 75' lang='lat' dir='ltr'>mutatione</span> <span class='ocrx_word' id='word_1_121' title='bbox 1384 2707 1447 2771; x_wconf 87' lang='lat' dir='ltr'>Do·</span> 
     </span>
     <span class='ocr_line' id='line_1_18' title="bbox 430 2826 1447 2912; baseline -0.002 -21"><span class='ocrx_word' id='word_1_122' title='bbox 430 2827 510 2905; x_wconf 86' lang='lat' dir='ltr'>rica,</span> <span class='ocrx_word' id='word_1_123' title='bbox 542 2836 578 2891; x_wconf 91' lang='lat' dir='ltr'>ut</span> <span class='ocrx_word' id='word_1_124' title='bbox 608 2853 628 2892; x_wconf 85' lang='grc' dir='ltr'><em>ο</em></span> <span class='ocrx_word' id='word_1_125' title='bbox 658 2834 790 2912; x_wconf 87' lang='lat' dir='ltr'>ponatur</span> <span class='ocrx_word' id='word_1_126' title='bbox 819 2849 874 2911; x_wconf 86' lang='lat' dir='ltr'>pro</span> <span class='ocrx_word' id='word_1_127' title='bbox 898 2827 1013 2912; x_wconf 77' lang='lat' dir='ltr'>sigma,</span> <span class='ocrx_word' id='word_1_128' title='bbox 1037 2826 1211 2891; x_wconf 88' lang='lat' dir='ltr'>conferatur</span> <span class='ocrx_word' id='word_1_129' title='bbox 1235 2826 1375 2904; x_wconf 81' lang='lat' dir='ltr'>Abrens,</span> <span class='ocrx_word' id='word_1_130' title='bbox 1399 2826 1447 2889; x_wconf 89' lang='lat' dir='ltr'>De</span> 
     </span>
     <span class='ocr_line' id='line_1_19' title="bbox 432 2944 1447 3030; baseline -0.002 -21"><span class='ocrx_word' id='word_1_131' title='bbox 432 2945 573 3011; x_wconf 81' lang='lat' dir='ltr'>Dialecto</span> <span class='ocrx_word' id='word_1_132' title='bbox 600 2945 730 3022; x_wconf 86' lang='lat' dir='ltr'>Dorica,</span> <span class='ocrx_word' id='word_1_133' title='bbox 759 2968 827 3030; x_wconf 82' lang='lat' dir='ltr'>pag.</span> <span class='ocrx_word' id='word_1_134' title='bbox 858 2947 910 3009; x_wconf 78' lang='lat'>64.</span> <span class='ocrx_word' id='word_1_135' title='bbox 958 2944 1198 3030; x_wconf 83' lang='lat' dir='ltr'>Praepositionis</span> <span class='ocrx_word' id='word_1_136' title='bbox 1221 2966 1296 3010; x_wconf 87' lang='lat' dir='ltr'>vero</span> <span class='ocrx_word' id='word_1_137' title='bbox 1316 2946 1399 3010; x_wconf 80' lang='grc' dir='ltr'><em>ιιοπά</em></span> <span class='ocrx_word' id='word_1_138' title='bbox 1421 2944 1447 3008; x_wconf 91' lang='lat' dir='ltr'>si</span> 
     </span>
     <span class='ocr_line' id='line_1_20' title="bbox 430 3063 1444 3150; baseline 0.001 -23"><span class='ocrx_word' id='word_1_139' title='bbox 430 3065 581 3149; x_wconf 83' lang='lat' dir='ltr'>posterior</span> <span class='ocrx_word' id='word_1_140' title='bbox 611 3064 728 3148; x_wconf 80' lang='lat' dir='ltr'>syllaba</span> <span class='ocrx_word' id='word_1_141' title='bbox 759 3065 854 3148; x_wconf 87' lang='lat' dir='ltr'>perit,</span> <span class='ocrx_word' id='word_1_142' title='bbox 886 3065 965 3129; x_wconf 89' lang='lat' dir='ltr'>solet</span> <span class='ocrx_word' id='word_1_143' title='bbox 996 3087 1126 3150; x_wconf 85' lang='lat' dir='ltr'>sequens</span> <span class='ocrx_word' id='word_1_144' title='bbox 1149 3085 1320 3128; x_wconf 85' lang='lat' dir='ltr'>consonans</span> <span class='ocrx_word' id='word_1_145' title='bbox 1343 3063 1444 3149; x_wconf 87' lang='lat' dir='ltr'>dupli·</span> 
     </span>
     <span class='ocr_line' id='line_1_21' title="bbox 431 3182 1446 3248; baseline 0 -1"><span class='ocrx_word' id='word_1_146' title='bbox 431 3183 509 3247; x_wconf 87' lang='lat' dir='ltr'>cari:</span> <span class='ocrx_word' id='word_1_147' title='bbox 534 3182 728 3247; x_wconf 84' lang='lat' dir='ltr'>scribendum</span> <span class='ocrx_word' id='word_1_148' title='bbox 752 3183 795 3247; x_wconf 90' lang='lat' dir='ltr'>sic</span> <span class='ocrx_word' id='word_1_149' title='bbox 817 3184 918 3247; x_wconf 87' lang='lat' dir='ltr'>fuerat</span> <span class='ocrx_word' id='word_1_150' title='bbox 940 3182 1108 3248; x_wconf 76' lang='grc' dir='ltr'><em>κάππετονε</em></span> <span class='ocrx_word' id='word_1_151' title='bbox 1133 3205 1240 3247; x_wconf 81' lang='lat' dir='ltr'>verum</span> <span class='ocrx_word' id='word_1_152' title='bbox 1262 3182 1376 3247; x_wconf 81' lang='lat' dir='ltr'>formae</span> <span class='ocrx_word' id='word_1_153' title='bbox 1396 3182 1446 3247; x_wconf 85' lang='grc' dir='ltr'>κά·</span> 
     </span>
     <span class='ocr_line' id='line_1_22' title="bbox 430 3301 1302 3367; baseline -0.002 0"><span class='ocrx_word' id='word_1_154' title='bbox 430 3325 517 3367; x_wconf 82' lang='grc' dir='ltr'><em>πεπον</em></span> <span class='ocrx_word' id='word_1_155' title='bbox 539 3301 753 3366; x_wconf 89' lang='lat' dir='ltr'>auctoritatem</span> <span class='ocrx_word' id='word_1_156' title='bbox 775 3301 997 3365; x_wconf 86' lang='lat' dir='ltr'>vindicavimus</span> <span class='ocrx_word' id='word_1_157' title='bbox 1020 3301 1051 3365; x_wconf 89' lang='lat' dir='ltr'>iu</span> <span class='ocrx_word' id='word_1_158' title='bbox 1075 3301 1156 3365; x_wconf 92' lang='lat' dir='ltr'>notis</span> <span class='ocrx_word' id='word_1_159' title='bbox 1179 3301 1302 3365; x_wconf 85' lang='lat' dir='ltr'>criticis.</span> 
     </span>
    </p>

    <p class='ocr_par' dir='ltr' id='par_1_7' title="bbox 430 3418 1531 4334">
     <span class='ocr_line' id='line_1_23' title="bbox 477 3418 1448 3504; baseline -0.001 -20"><span class='ocrx_word' id='word_1_160' title='bbox 477 3421 529 3485; x_wconf 89' lang='grc'>55.</span> <span class='ocrx_word' id='word_1_161' title='bbox 563 3419 721 3498; x_wconf 71' lang='grc' dir='ltr'><em>Πέργαμος</em></span> <span class='ocrx_word' id='word_1_162' title='bbox 744 3420 826 3500; x_wconf 74' lang='grc' dir='ltr'><em>άροφ)</em></span> <span class='ocrx_word' id='word_1_163' title='bbox 851 3426 942 3490; x_wconf 79' lang='grc' dir='ltr'><em>τεοῖς.</em></span> <span class='ocrx_word' id='word_1_164' title='bbox 979 3418 1102 3484; x_wconf 81' lang='lat' dir='ltr'>Scilicet</span> <span class='ocrx_word' id='word_1_165' title='bbox 1124 3441 1220 3503; x_wconf 89' lang='lat' dir='ltr'>quum</span> <span class='ocrx_word' id='word_1_166' title='bbox 1243 3425 1304 3483; x_wconf 84' lang='lat' dir='ltr'>tras</span> <span class='ocrx_word' id='word_1_167' title='bbox 1328 3440 1448 3504; x_wconf 84' lang='lat' dir='ltr'>serpen·</span> 
     </span>
     <span class='ocr_line' id='line_1_24' title="bbox 430 3536 1448 3615; baseline -0.001 -13"><span class='ocrx_word' id='word_1_168' title='bbox 430 3544 476 3602; x_wconf 89' lang='lat' dir='ltr'>tes</span> <span class='ocrx_word' id='word_1_169' title='bbox 505 3538 675 3615; x_wconf 84' lang='lat' dir='ltr'>insilirent,</span> <span class='ocrx_word' id='word_1_170' title='bbox 699 3537 820 3603; x_wconf 87' lang='lat' dir='ltr'>duobus</span> <span class='ocrx_word' id='word_1_171' title='bbox 844 3559 914 3601; x_wconf 79' lang='lat' dir='ltr'>vero</span> <span class='ocrx_word' id='word_1_172' title='bbox 937 3538 1068 3602; x_wconf 85' lang='lat' dir='ltr'>mortuis</span> <span class='ocrx_word' id='word_1_173' title='bbox 1091 3560 1173 3602; x_wconf 90' lang='lat' dir='ltr'>unus</span> <span class='ocrx_word' id='word_1_174' title='bbox 1195 3538 1358 3602; x_wconf 86' lang='lat' dir='ltr'>clamorem</span> <span class='ocrx_word' id='word_1_175' title='bbox 1382 3536 1448 3602; x_wconf 87' lang='lat' dir='ltr'>eds·</span> 
     </span>
     <span class='ocr_line' id='line_1_25' title="bbox 430 3654 1450 3743; baseline 0.002 -24"><span class='ocrx_word' id='word_1_176' title='bbox 430 3662 478 3720; x_wconf 84' lang='lat' dir='ltr'>ret</span> <span class='ocrx_word' id='word_1_177' title='bbox 507 3662 537 3719; x_wconf 88' lang='lat' dir='ltr'>et</span> <span class='ocrx_word' id='word_1_178' title='bbox 564 3655 814 3740; x_wconf 84' lang='lat' dir='ltr'>progrederetur,</span> <span class='ocrx_word' id='word_1_179' title='bbox 839 3656 871 3720; x_wconf 89' lang='lat' dir='ltr'>in</span> <span class='ocrx_word' id='word_1_180' title='bbox 895 3655 1053 3740; x_wconf 85' lang='lat' dir='ltr'>Apollinis</span> <span class='ocrx_word' id='word_1_181' title='bbox 1076 3664 1107 3720; x_wconf 94' lang='lat' dir='ltr'>et</span> <span class='ocrx_word' id='word_1_182' title='bbox 1129 3654 1270 3741; x_wconf 88' lang='lat' dir='ltr'>Neptuni</span> <span class='ocrx_word' id='word_1_183' title='bbox 1292 3678 1384 3743; x_wconf 87' lang='lat' dir='ltr'>opere</span> <span class='ocrx_word' id='word_1_184' title='bbox 1400 3678 1450 3741; x_wconf 77' lang='lat' dir='ltr'>ag·</span> 
     </span>
     <span class='ocr_line' id='line_1_26' title="bbox 431 3772 1448 3861; baseline 0.002 -24"><span class='ocrx_word' id='word_1_185' title='bbox 431 3772 600 3857; x_wconf 75' lang='lat' dir='ltr'>gradiendo</span> <span class='ocrx_word' id='word_1_186' title='bbox 630 3773 735 3838; x_wconf 87' lang='lat' dir='ltr'>irritus</span> <span class='ocrx_word' id='word_1_187' title='bbox 767 3774 890 3838; x_wconf 84' lang='lat' dir='ltr'>futurus</span> <span class='ocrx_word' id='word_1_188' title='bbox 925 3783 991 3838; x_wconf 85' lang='lat' dir='ltr'>erat</span> <span class='ocrx_word' id='word_1_189' title='bbox 1019 3774 1155 3839; x_wconf 88' lang='lat' dir='ltr'>hostium</span> <span class='ocrx_word' id='word_1_190' title='bbox 1184 3775 1335 3861; x_wconf 87' lang='lat' dir='ltr'>impetus:</span> <span class='ocrx_word' id='word_1_191' title='bbox 1367 3774 1448 3839; x_wconf 86' lang='lat' dir='ltr'>idem</span> 
     </span>
     <span class='ocr_line' id='line_1_27' title="bbox 431 3891 1452 3977; baseline 0.003 -22"><span class='ocrx_word' id='word_1_192' title='bbox 431 3913 502 3955; x_wconf 83' lang='lat' dir='ltr'>vero</span> <span class='ocrx_word' id='word_1_193' title='bbox 531 3891 625 3955; x_wconf 87' lang='lat' dir='ltr'>Aeaci</span> <span class='ocrx_word' id='word_1_194' title='bbox 652 3913 730 3977; x_wconf 91' lang='lat' dir='ltr'>opus</span> <span class='ocrx_word' id='word_1_195' title='bbox 755 3892 892 3956; x_wconf 86' lang='lat' dir='ltr'>victurus</span> <span class='ocrx_word' id='word_1_196' title='bbox 916 3899 993 3957; x_wconf 78' lang='lat' dir='ltr'>erat.</span> <span class='ocrx_word' id='word_1_197' title='bbox 1038 3892 1182 3977; x_wconf 70' lang='lat' dir='ltr'>spectare</span> <span class='ocrx_word' id='word_1_198' title='bbox 1203 3893 1266 3957; x_wconf 90' lang='lat' dir='ltr'>huo</span> <span class='ocrx_word' id='word_1_199' title='bbox 1287 3892 1452 3970; x_wconf 76' lang='lat' dir='ltr'>videntur,</span> 
     </span>
     <span class='ocr_line' id='line_1_28' title="bbox 431 4009 1447 4097; baseline 0.001 -24"><span class='ocrx_word' id='word_1_200' title='bbox 431 4016 467 4073; x_wconf 84' lang='lat' dir='ltr'>ut</span> <span class='ocrx_word' id='word_1_201' title='bbox 493 4016 599 4076; x_wconf 89' lang='lat' dir='ltr'>monet</span> <span class='ocrx_word' id='word_1_202' title='bbox 620 4009 816 4089; x_wconf 76' lang='lat' dir='ltr'>Boeclshius,</span> <span class='ocrx_word' id='word_1_203' title='bbox 841 4034 920 4097; x_wconf 89' lang='lat' dir='ltr'>quae</span> <span class='ocrx_word' id='word_1_204' title='bbox 944 4017 1017 4076; x_wconf 88' lang='lat' dir='ltr'>sunt</span> <span class='ocrx_word' id='word_1_205' title='bbox 1041 4012 1121 4097; x_wconf 88' lang='lat' dir='ltr'>apud</span> <span class='ocrx_word' id='word_1_206' title='bbox 1145 4011 1316 4077; x_wconf 73' lang='lat' dir='ltr'>Homerum</span> <span class='ocrx_word' id='word_1_207' title='bbox 1339 4010 1379 4075; x_wconf 89' lang='grc' dir='ltr'>Π.</span> <span class='ocrx_word' id='word_1_208' title='bbox 1403 4009 1447 4074; x_wconf 84' lang='lat' dir='ltr'>VI</span> 
     </span>
     <span class='ocr_line' id='line_1_29' title="bbox 431 4127 1531 4216; baseline 0.002 -24"><span class='ocrx_word' id='word_1_209' title='bbox 431 4131 518 4206; x_wconf 79' lang='lat'>438,</span> <span class='ocrx_word' id='word_1_210' title='bbox 539 4128 594 4194; x_wconf 86' lang='lat' dir='ltr'>ubi</span> <span class='ocrx_word' id='word_1_211' title='bbox 620 4128 835 4196; x_wconf 73' lang='lat' dir='ltr'>Andromache</span> <span class='ocrx_word' id='word_1_212' title='bbox 857 4137 1006 4195; x_wconf 81' lang='lat' dir='ltr'>memorat</span> <span class='ocrx_word' id='word_1_213' title='bbox 1031 4138 1146 4216; x_wconf 84' lang='lat' dir='ltr'>partem</span> <span class='ocrx_word' id='word_1_214' title='bbox 1169 4129 1342 4209; x_wconf 89' lang='lat' dir='ltr'>moenium,</span> <span class='ocrx_word' id='word_1_215' title='bbox 1355 4152 1446 4214; x_wconf 84' lang='lat' dir='ltr'>quam</span> <span class='ocrx_word' id='word_1_216' title='bbox 1529 4127 1531 4132; x_wconf 73' lang='grc'><strong>’</strong></span> 
     </span>
     <span class='ocr_line' id='line_1_30' title="bbox 430 4246 1178 4334; baseline 0.003 -23"><span class='ocrx_word' id='word_1_217' title='bbox 430 4253 478 4312; x_wconf 87' lang='lat' dir='ltr'>ter</span> <span class='ocrx_word' id='word_1_218' title='bbox 499 4246 659 4313; x_wconf 84' lang='lat' dir='ltr'>fortissimi</span> <span class='ocrx_word' id='word_1_219' title='bbox 681 4247 868 4313; x_wconf 83' lang='lat' dir='ltr'>Graecorum</span> <span class='ocrx_word' id='word_1_220' title='bbox 891 4250 1027 4334; x_wconf 82' lang='lat' dir='ltr'>aggressi</span> <span class='ocrx_word' id='word_1_221' title='bbox 1048 4249 1178 4327; x_wconf 81' lang='lat' dir='ltr'>fuerint,</span> 
     </span>
    </p>

    <p class='ocr_par' dir='ltr' id='par_1_8' title="bbox 566 4341 1313 4450">
     <span class='ocr_line' id='line_1_31' title="bbox 566 4341 1313 4450; baseline 0.001 -20"><span class='ocrx_word' id='word_1_222' title='bbox 566 4365 584 4441; x_wconf 75' lang='grc' dir='ltr'><strong><em>ἥ</em></strong></span> <span class='ocrx_word' id='word_1_223' title='bbox 609 4341 663 4430; x_wconf 88' lang='grc' dir='ltr'>που</span> <span class='ocrx_word' id='word_1_224' title='bbox 686 4367 731 4438; x_wconf 81' lang='grc' dir='ltr'>τίς</span> <span class='ocrx_word' id='word_1_225' title='bbox 754 4374 825 4448; x_wconf 83' lang='grc' dir='ltr'><em>σφιν</em></span> <span class='ocrx_word' id='word_1_226' title='bbox 848 4366 947 4432; x_wconf 79' lang='grc' dir='ltr'><em>ἔνισπε</em></span> <span class='ocrx_word' id='word_1_227' title='bbox 969 4368 1142 4446; x_wconf 80' lang='grc' dir='ltr'><em>θεοπροπίων.</em></span> <span class='ocrx_word' id='word_1_228' title='bbox 1161 4364 1194 4431; x_wconf 85' lang='grc' dir='ltr'><em>εὗ</em></span> <span class='ocrx_word' id='word_1_229' title='bbox 1216 4368 1313 4450; x_wconf 66' lang='grc' dir='ltr'><em>εἰδὼς,</em></span> 
     </span>
    </p>
   </div>
   <div class='ocr_carea' id='block_1_6' title="bbox 565 4484 1318 4568">
    <p class='ocr_par' dir='ltr' id='par_1_9' title="bbox 565 4484 1318 4568">
     <span class='ocr_line' id='line_1_32' title="bbox 565 4484 1318 4568; baseline 0.001 -16"><span class='ocrx_word' id='word_1_230' title='bbox 565 4484 584 4559; x_wconf 75' lang='grc' dir='ltr'><strong><em>ἤ</em></strong></span> <span class='ocrx_word' id='word_1_231' title='bbox 606 4510 638 4552; x_wconf 79' lang='lat' dir='ltr'>vu</span> <span class='ocrx_word' id='word_1_232' title='bbox 659 4486 709 4552; x_wconf 74' lang='lat' dir='ltr'>nal</span> <span class='ocrx_word' id='word_1_233' title='bbox 732 4489 828 4553; x_wconf 68' lang='grc' dir='ltr'><em>αὐτῶν</em></span> <span class='ocrx_word' id='word_1_234' title='bbox 849 4486 937 4565; x_wconf 78' lang='grc' dir='ltr'><strong><em>θυμὸς</em></strong></span> <span class='ocrx_word' id='word_1_235' title='bbox 960 4487 1105 4568; x_wconf 77' lang='grc' dir='ltr'><em>ἐποτρύνει</em></span> <span class='ocrx_word' id='word_1_236' title='bbox 1127 4485 1176 4552; x_wconf 71' lang='lat' dir='ltr'>aa}</span> <span class='ocrx_word' id='word_1_237' title='bbox 1200 4487 1318 4565; x_wconf 74' lang='grc' dir='ltr'><em>άνάνει.</em></span> 
     </span>
    </p>
   </div>
   <div class='ocr_carea' id='block_1_7' title="bbox 0 0 1890 5534">
    <p class='ocr_par' dir='ltr' id='par_1_10' title="bbox 0 0 1890 5534">
     <span class='ocr_line' id='line_1_33' title="bbox 0 0 1890 5534; baseline 0 0"><span class='ocrx_word' id='word_1_238' title='bbox 0 0 1890 5534; x_wconf 95' lang='lat' dir='ltr'> </span> 
     </span>
    </p>
   </div>
  </div>
 </body>
</html>
