3767 5534
787 1010 972 1076 CAPUT
1011 1013 1038 1078 Ι.

821 1240 869 1282 ΒΕ
903 1240 989 1285 uns,

868 1484 939 1566 er.

605 1692 652 1753 De
668 1690 793 1771 proprio
818 1691 946 1754 Pindari
968 1692 1065 1755 studio
1089 1692 1209 1754 meliora

768 1811 804 1873 de
825 1808 896 1871 Diis
918 1810 1043 1873 dicendi.

442 2044 586 2109 Humana
613 2046 784 2129 antiquitus
809 2045 841 2108 in
866 2044 995 2109 Graecia
1017 2051 1126 2130 pottae
1150 2044 1187 2108 ad
1211 2044 1294 2107 Deos
1318 2050 1416 2105 trans-

394 2163 545 2228 tulerunt.
593 2164 766 2228 Potentiam
798 2163 860 2228 illis
890 2165 1036 2249 majorem
1066 2170 1096 2227 et
1126 2163 1290 2248 imperium
1312 2162 1343 2224 in
1367 2182 1415 2223 res

394 2282 572 2346 mortalium
604 2283 799 2361 tribuebant,
823 2282 960 2346 moribus
984 2304 1055 2346 vero
1080 2289 1110 2346 et
1134 2282 1235 2345 animo
1258 2279 1416 2362 haudqua-

395 2422 488 2484 quam
507 2423 558 2464 eos
573 2401 751 2465 hominibus
767 2401 907 2465 meliores
925 2423 990 2464 esse
1006 2401 1171 2465 finxerunt.
1196 2399 1279 2463 Hino
1292 2398 1414 2483 jurgia,

394 2520 478 2597 irae,
510 2521 674 2598 maleficia,
706 2521 778 2584 odia
799 2521 937 2585 Deorum
962 2522 1155 2585 exstiterunt.
1203 2519 1320 2583 Verum
1343 2518 1415 2581 Pin·

393 2638 488 2701 darus
511 2662 573 2703 non
596 2648 720 2705 secutus
745 2649 790 2705 est
812 2641 958 2705 traditam
982 2664 999 2703 a
1020 2640 1174 2726 prioribus
1190 2640 1359 2715 rationem,
1377 2647 1414 2702 ut

393 2758 509 2843 pariter
528 2782 621 2844 prava
644 2782 784 2845 quaeque
808 2760 845 2824 de
868 2760 937 2824 Diis
960 2783 1083 2825 narrare
1107 2760 1243 2824 auderet.
1273 2756 1412 2834 Pudore,

392 2878 594 2956 verecundia,
619 2878 732 2963 pietate
756 2880 924 2965 perductus
949 2879 1056 2944 estad
1080 2880 1219 2943 studium
1244 2876 1413 2948 sententiae

394 2998 548 3075 melioris;
572 3021 644 3062 nam
666 2999 699 3061 in
724 2998 800 3076 hao,
825 3021 887 3084 qua
914 3021 1040 3077 sumus,
1064 3000 1184 3083 generis
1208 2997 1336 3061 humani
1359 2996 1415 3059 im·

395 3116 563 3182 bacillitate
593 3140 658 3181 rem
689 3119 813 3181 omnino
845 3118 972 3182 arduam
1005 3142 1070 3183 esse
1098 3118 1257 3203 judicabat
1284 3116 1322 3180 de
1346 3116 1414 3179 Diis

396 3236 511 3314 dicere,
547 3258 643 3321 quum
677 3238 854 3322 praesertim
887 3237 935 3300 illi
966 3238 1080 3301 fastum
1112 3245 1142 3300 et
1173 3236 1345 3321 superbiam
1379 3257 1414 3298 ao

396 3355 597 3419 temeritatem
622 3356 782 3419 hominum
805 3378 868 3420 non
892 3356 1016 3421 ferrent.
1064 3356 1167 3441 Ipsius
1192 3354 1314 3439 quidem
1339 3354 1414 3417 baec
1518 3343 1521 3357 ’

395 3474 489 3537 verba
511 3482 600 3538 sunt:

683 3595 772 3659 Ἔστι
796 3594 820 3657 δ’
844 3594 921 3674 ἀνδρὶ
945 3592 1049 3674 φάμεν

684 3714 771 3783 ἐοικὸς
793 3712 877 3793 ἀμφὶ
901 3712 1041 3789 δαιμόνων
1062 3736 1114 3776 aa·

686 3830 738 3895 λά·
762 3832 850 3901 μείων
873 3832 932 3911 γὰρ
957 3823 1087 3914 ozriel).

394 3950 487 4013 Decet
509 3949 649 4012 homiaem
672 3950 767 4013 dicere
788 3952 823 4013 de
845 3950 918 4013 Diis
933 3951 1062 4031 pulmo:
1085 3948 1128 4011 aio
1146 3948 1240 4010 minor
1256 3948 1343 4028 eulpa
1359 3952 1411 4009 est.

395 4068 519 4148 Quibus
552 4068 657 4152 pauois
683 4067 783 4132 verbis
808 4070 960 4131 sententia
984 4069 1048 4153 ejus
1073 4066 1188 4153 optima
1211 4064 1412 4149 intelligitur:

394 4209 465 4250 nam
497 4208 594 4270 quum
624 4186 723 4263 dicat,
749 4187 792 4249 sio
814 4186 964 4250 minorem
988 4186 1112 4273 culpam
1136 4207 1218 4261 esse,
1244 4183 1413 4267 significat,

395 4313 497 4369 tamen
528 4305 616 4369 facile
648 4328 712 4368 esse
743 4305 889 4391 peccandi
917 4305 1021 4369 looum
1045 4311 1075 4369 et
1099 4325 1199 4368 errore
1223 4302 1346 4386 culpam
1369 4301 1414 4364 in·

431 4506 454 4565 l)
473 4506 510 4556 Ol.
529 4507 552 4556 Ι.
570 4507 610 4555 55.
