3767 5534
841 562 904 621 488
973 553 975 557 Α

409 763 479 823 140.
514 759 587 841 ὅσσα
609 759 679 842 βοᾷ.
716 757 805 824 Conf.
830 758 881 824 Ol.
906 760 937 823 Χ
966 764 1018 825 88.

408 882 479 941 143.
515 878 633 963 Lycaea
655 879 780 943 fuerunt
803 880 1006 944 certaminum
1025 882 1172 947 Arcadiae
1188 883 1380 948 clarissima:

359 997 437 1061 conf.
469 995 519 1060 Ol.
544 996 609 1060 VII
642 1000 714 1061 153.
758 996 839 1061 Vide
872 997 1005 1076 Krause,
1039 1000 1139 1084 Agon.
1169 1000 1203 1065 Π
1240 1025 1270 1087 p.
1301 1003 1378 1067 734.

360 1114 498 1180 Fuerunt
528 1116 620 1179 etiam
651 1117 683 1179 in
712 1116 786 1179 Asia
809 1139 826 1179 a
850 1117 974 1181 Graecis
999 1118 1167 1198 celebrata,
1191 1120 1379 1184 instituente

359 1233 458 1298 Xenia
482 1233 617 1311 Arcade,
641 1257 737 1318 quum
760 1253 830 1298 cum
854 1233 934 1319 Cyro
959 1244 1060 1299 essent
1082 1236 1115 1300 in
1138 1237 1248 1301 itinere
1273 1237 1379 1302 adver·

359 1374 412 1415 sus
443 1353 657 1415 Artaxerxem:
690 1351 790 1416 Anah.
820 1351 856 1415 L.
880 1351 898 1415 I
922 1352 957 1416 O.
982 1353 1016 1416 ΙΙ
1043 1356 1093 1418 10.
1142 1356 1275 1436 Στρατὸς
1299 1356 1320 1420 i.
1345 1376 1376 1439 q.

360 1470 509 1555 populus:
535 1470 614 1533 conl.
638 1468 689 1533 Ol.
713 1468 743 1530 V
767 1472 820 1533 28.

407 1592 479 1652 146.
515 1588 685 1653 Scholiasta
707 1597 795 1653 vetus
819 1589 858 1653 ad
881 1587 932 1653 Ol.
956 1587 1022 1652 VH
1048 1592 1127 1654 156:
1152 1598 1284 1656 τελεῖται
1301 1592 1332 1656 δέ
1347 1594 1376 1657 ἕν

359 1708 412 1784 μὲν
435 1709 570 1789 Πελλήνη
592 1717 646 1782 τής
666 1707 798 1787 Ἀχαίας
815 1709 896 1783 doda
912 1708 926 1771 ὂ
942 1709 1118 1784 καλούμενος
1136 1708 1288 1785 Θεοξένια,
1306 1712 1378 1783 τινὲς

360 1826 389 1891 δὲ
411 1827 462 1890 καὶ
485 1826 526 1890 τοὶ
546 1828 694 1905 Ἕρμαια·
717 1825 752 1889 τὸ
774 1825 804 1888 δὲ
826 1818 915 1889 itata
930 1826 993 1889 ἐστι
1008 1833 1132 1905 χλαῖνα.
1168 1825 1216 1890 Ex
1232 1826 1379 1913 adjuncto

361 1944 491 2009 articulo
519 1944 556 2007 ad
581 1944 731 2007 Hermaea
754 1944 904 2021 effeceris,
929 1944 992 2008 dno
1016 1967 1051 2008 ea
1074 1944 1194 2010 diversa
1216 1946 1380 2032 significari

361 2066 543 2129 certamina:
576 2072 709 2128 attamen
741 2087 777 2127 ex
809 2064 935 2148 praemii
967 2064 1060 2128 unius
1093 2066 1380 2131 commemoratione

361 2205 505 2267 apparere
536 2182 717 2259 credideris,
747 2183 840 2246 luisse
864 2182 983 2247 eadem.
1030 2182 1177 2246 Similiter
1200 2183 1233 2246 iu
1257 2182 1380 2248 scholiis

362 2300 399 2363 ad
425 2300 556 2364 eundem
580 2301 683 2364 locum
706 2301 941 2366 recentioribus:
966 2303 1094 2366 ἐτελεῖτο
1119 2301 1160 2365 σι”ι
1177 2299 1315 2377 Θεοξένια
1330 2303 1379 2366 καὶ

360 2421 401 2483 τοὶ
421 2420 570 2500 Ἕρμαιαε
596 2426 640 2483 et:
664 2420 776 2496 ἀγῶνές
799 2421 851 2484 εἰσι
876 2419 1012 2495 Θεοξένια
1034 2420 1084 2484 καὶ
1106 2418 1254 2498 Ἕρμαιαε
1277 2420 1378 2485 sedin

361 2546 492 2622 utroque
523 2538 637 2623 pariter
660 2560 754 2602 unum
779 2538 923 2623 idemque
946 2538 1084 2602 lacernae
1107 2539 1277 2623 praemium
1301 2560 1379 2603 com·

248 2668 260 2683 ⁸
361 2666 555 2721 memoratur.
592 2657 630 2721 In
651 2658 767 2722 scholio
783 2658 950 2721 recentiore
965 2656 1004 2721 ad
1021 2656 1103 2721 hunc
1118 2664 1259 2721 nostrum
1275 2656 1376 2720 locum

362 2782 480 2839 tantum
505 2776 655 2839 Hermaea
680 2784 901 2839 memorantur:
927 2776 959 2839 in
983 2775 1078 2839 altero
1098 2775 1140 2840 τοὶ
1154 2776 1289 2855 Ἕρμαια
1306 2774 1323 2849 ή
1340 2773 1381 2840 τοὶ

360 2893 510 2969 Φιλοξένια
541 2894 608 2972 πρὸς
640 2893 826 2958 Ἀπόλλωνα.
873 2892 911 2956 In
944 2892 1114 2957 veteribus:
1147 2894 1160 2957 ὃ
1192 2893 1222 2956 δέ
1244 2894 1376 2969 οὶχὼνέν

359 3014 493 3093 Πελλήνη
513 3012 643 3091 Ἕρμαια
666 3020 821 3077 καλεῖται·
844 3011 956 3089 νήχεται
979 3013 1008 3076 δὲ
1031 3016 1137 3092 Ἑρμοῦ
1156 3014 1206 3077 καὶ
1223 3012 1377 3079 Ἀπέλλω·

262 3198 265 3201 ,
360 3158 403 3204 νος
434 3134 531 3211 ἑορτή,
563 3130 699 3207 Θεοξένια
730 3132 886 3208 λεγομένη.
932 3130 992 3194 Et:
1025 3132 1114 3207 ήχετο
1145 3131 1174 3195 δέ
1202 3133 1217 3194 ὁ
1243 3132 1375 3208 aynau

358 3254 494 3333 Πελλήνη
515 3252 556 3316 τα
581 3250 721 3328 Θεοξένια
745 3253 773 3315 έν
797 3258 939 3330 χειμῶνι,
966 3251 1075 3315 διὸκαὶ
1098 3252 1226 3331 χλαμὺς
1253 3250 1380 3335 (Boeck·

360 3371 429 3435 hius
458 3371 581 3452 χλανὶς)
605 3370 717 3435 Silero.
765 3370 909 3433 Scholion
935 3377 1022 3434 vetus
1046 3369 1085 3433 ad
1108 3367 1159 3433 Ol.
1185 3369 1270 3434 XIII
1297 3372 1374 3434 155:

359 3490 375 3563 ή
399 3490 534 3563 Πελλήνη
558 3488 642 3559 πόλις
666 3497 719 3563 τής
743 3487 892 3568 Ἀχαίας,
917 3488 987 3554 ὅπου
1014 3488 1055 3552 τοὶ
1078 3486 1249 3563 Φιλέξενια,
1274 3488 1376 3553 ualui

358 3614 483 3686 χλαῖναι
518 3607 648 3671 διδονται.
693 3607 735 3670 Et
770 3608 803 3671 in
836 3630 898 3671 uno
930 3606 1047 3671 scholio
1080 3604 1119 3669 ad
1150 3604 1241 3669 Nem.
1276 3606 1306 3670 X
1338 3607 1377 3669 82

358 3731 565 3787 memorantur
593 3725 697 3790 eadem
722 3726 872 3811 praemia,
897 3732 943 3788 at:
969 3725 1030 3791 ὅδὲ
1048 3726 1128 3801 aym
1141 3724 1378 3796 Διές·καλει”ται

359 3842 388 3905 δὲ
418 3842 501 3908 Διἰἀ.
549 3843 589 3907 Et
619 3844 652 3908 iu
676 3845 789 3909 altero:
815 3847 848 3909 έα
870 3855 922 3916 τής
947 3846 1099 3919 Πελλήνης
1122 3844 1151 3908 δέ
1174 3844 1215 3908 τοὶ
1242 3843 1379 3920 Θεοξένια

358 3968 486 4034 νικῶντες
516 3964 654 4043 χλανίσιν
682 3963 930 4038 ἐπιτηδειοτάταις
962 3963 1155 4039 κοσμηθέντες
1179 3962 1376 4042 ἀνεχώρησαν.

360 4080 451 4164 Apud
476 4081 660 4145 Pausaniam
684 4105 753 4146 vero
777 4082 814 4146 L.
840 4082 904 4145 VII
928 4082 963 4145 Ο.
989 4079 1117 4144 XXVII
1138 4082 1154 4143 1
1172 4088 1370 4145 memorante!

359 4198 533 4263 Theoxeuia
567 4200 708 4264 Pellenae
744 4202 879 4286 Apollini
910 4206 1101 4275 consecrata,
1135 4199 1166 4263 iu
1197 4198 1312 4282 quibua
1336 4221 1361 4263 ar

359 4328 468 4407 gentea
492 4320 625 4409 praemia
648 4320 719 4387 data
734 4320 864 4401 fuerint,
883 4328 912 4385 et
928 4322 1009 4387 cives
1025 4326 1147 4386 tantum
1163 4318 1228 4407 ejus
1246 4317 1350 4383 civitat
