3767 5534
1002 724 1065 784 314

532 921 616 985 Jovis
640 947 710 1008 erga
732 924 890 989 'Photidem
914 948 1045 989 amorem
1069 926 1235 1010 impensius
1260 925 1410 990 Pindarus
1432 926 1539 990 lauda·

535 1042 593 1105 vit:
618 1044 698 1128 ipsos
721 1044 802 1108 Deos
826 1046 890 1130 ejus
914 1045 1036 1129 nuptias
1057 1045 1293 1123 concelebrasse,
1314 1046 1366 1131 Py.
1385 1045 1436 1109 ΠΙ
1459 1050 1537 1122 165,

535 1160 622 1225 Nem.
647 1162 693 1225 IV
719 1165 797 1227 107:
824 1172 853 1227 ct
877 1185 946 1227 vero
968 1165 1001 1227 in
1024 1162 1153 1227 Isthmio
1177 1162 1272 1241 VIII,
1298 1187 1334 1228 ex
1357 1186 1418 1248 quo
1434 1164 1539 1228 claris·

531 1281 606 1344 sima
633 1282 670 1345 de
693 1283 812 1347 Achille
836 1286 996 1367 praeconia
1018 1283 1108 1347 modo
1132 1284 1313 1362 memoravi,
1337 1284 1444 1349 Jovem
1469 1307 1538 1348 nar·

530 1409 576 1463 rat
599 1424 667 1465 cum
692 1401 838 1487 Neptuno
856 1404 894 1467 de
910 1404 1048 1468 Thetidis
1065 1404 1180 1489 nuptiis
1198 1403 1409 1479 contendisse,
1426 1426 1537 1468 verum

529 1520 612 1583 illam
636 1523 859 1586 contentionem
880 1524 1002 1587 missam
1022 1523 1130 1600 fuisse,
1153 1524 1256 1587 audito
1272 1523 1341 1591 ,fato
1358 1522 1534 1600 Themidis,

530 1639 625 1703 filium
656 1640 794 1705 'Photidis
825 1642 952 1706 fulmine
982 1643 1027 1706 vel
1051 1643 1184 1707 tridente
1208 1644 1319 1727 majora
1343 1664 1429 1705 arma
1452 1640 1539 1705 habi·

531 1767 650 1837 turum,
684 1768 797 1844 nuptae
826 1761 896 1824 lovi
926 1762 974 1826 vel
1006 1764 1071 1846 ejus
1103 1762 1264 1826 fratribus:
1292 1763 1343 1825 60.
1390 1760 1440 1826 Sic
1462 1783 1537 1845 ergo

531 1879 687 1958 existimo,
713 1878 839 1945 dilectae
863 1903 965 1967 preces
990 1881 1127 1944 Thetidis
1151 1881 1243 1944 simul
1268 1902 1337 1943 cum
1353 1879 1548 1957 fortitudine,

530 1999 731 2084 laudibusque
755 2002 810 2065 filii
834 2001 983 2079 effecisse,
1007 2009 1043 2064 ut
1064 2000 1149 2063 Jovis
1166 2000 1321 2063 voluntate
1338 1999 1429 2063 talem
1445 1998 1537 2063 illum

531 2119 627 2184 virum
659 2121 691 2183 in
723 2121 776 2183 illa
805 2122 874 2185 sede
898 2122 964 2206 ipsa
987 2128 1082 2185 mater
1106 2129 1273 2204 reponeret.
1319 2117 1428 2203 Neque
1452 2119 1536 2182 euim

531 2239 656 2303 verbum
684 2240 769 2304 ἔνεικε
791 2240 903 2303 frustra
919 2247 982 2317 est,
999 2240 1052 2303 sed
1069 2239 1177 2303 eximie
1192 2246 1327 2302 materna
1343 2239 1536 2323 significatur

531 2358 655 2437 caritas,
680 2382 775 2445 quum
799 2382 860 2423 non
884 2360 986 2423 locum
1009 2361 1039 2423 in
1060 2359 1155 2424 beatis
1172 2360 1235 2423 filio
1252 2358 1356 2423 Thetis
1372 2360 1535 2445 petiverit,

531 2499 632 2542 verum
666 2480 732 2564 ipsa
763 2503 831 2544 eum
855 2480 930 2543 illuc
952 2480 1038 2543 Jovis
1062 2480 1218 2544 voluntate
1242 2481 1415 2564 portaverit.
1463 2478 1539 2544 Om-

530 2598 603 2662 nino
626 2606 747 2663 tantum
772 2600 865 2684 prolis
889 2600 1054 2677 honorem,
1079 2609 1226 2684 quantum
1250 2607 1435 2685 potueruut,
1459 2600 1539 2665 The·

531 2718 588 2780 tidi
619 2717 690 2782 dare
721 2718 771 2782 Dii
804 2719 966 2783 voluerunt
990 2728 1020 2783 ct
1044 2720 1129 2802 quasi
1152 2741 1346 2803 compensare
1370 2720 1435 2804 ejus
1459 2742 1538 2783 mor·

530 2836 689 2900 talitatem.
737 2824 808 2900 Non
847 2837 987 2901 dissimih
1021 2837 1129 2915 modo,
1165 2837 1217 2901 sed
1254 2837 1345 2922 paulo
1380 2837 1537 2922 stupidius

531 2954 701 3040 Homerus,
732 2979 804 3041 pace
835 2957 945 3020 summi
978 2968 1081 3041 poetae
1112 2955 1257 3032 dixerim,
1282 2955 1422 3020 Menelao
1445 2955 1536 3020 illum

532 3075 677 3139 honorem
708 3076 846 3159 promitti
875 3083 995 3153 narrat,
1028 3075 1159 3159 simplici
1191 3098 1281 3140 causa
1305 3074 1426 3152 addita,
1452 3075 1535 3158 quod

530 3193 614 3257 Jovis
637 3217 729 3279 gener
753 3202 848 3258 esset:
875 3193 933 3258 Od.
958 3193 1004 3266 lv
1030 3197 1113 3257 569:
1138 3217 1193 3258 nec
1217 3194 1306 3258 nimis
1332 3193 1474 3257 abhorret
1499 3193 1537 3258 ab

532 3336 567 3376 eo
595 3313 774 3399 Euripides,
798 3313 868 3377 Hel.
896 3316 991 3378 1676.
1038 3313 1198 3391 Ceterum,
1223 3336 1301 3398 quac
1324 3314 1405 3376 fama
1427 3334 1539 3376 memo·

533 3440 616 3495 ratur
639 3456 656 3494 a
678 3432 810 3498 Pindaro
831 3432 920 3497 Nem.
939 3433 985 3496 IV
1004 3436 1062 3514 79,
1081 3432 1232 3515 Achillem
1247 3432 1390 3497 hahuisse
1405 3431 1538 3495 insulam

532 3549 643 3614 claram
672 3552 705 3615 iu
736 3552 835 3616 Ponto
866 3552 1005 3616 Euxino:
1039 3576 1073 3617 ea
1103 3576 1163 3617 non
1197 3552 1363 3637 siguificat,
1395 3550 1439 3615 ibi
1468 3558 1540 3635 post

532 3679 659 3735 mortem
691 3671 779 3735 illum
809 3672 981 3750 habitasse,
1015 3695 1118 3736 verum
1150 3694 1215 3735 eam
1246 3670 1290 3733 illi
1318 3670 1412 3733 fuisse
1438 3691 1541 3733 consc-

533 3796 656 3853 oratam.

582 3912 654 3976 149.
689 3911 789 3975 πολλοὶ
811 3936 838 3975 κ.
862 3937 891 3976 τ.
915 3927 945 3975 λ.
981 3885 1151 3974 Cohaerout
1176 3909 1249 3972 haec
1265 3930 1335 3971 cum
1351 3928 1441 3970 versu
1460 3908 1538 3970 103:

535 4028 588 4092 ubi
610 4028 705 4092 Poeta
728 4052 745 4091 a
769 4030 848 4092 vitae
872 4051 990 4092 summa
1013 4029 1158 4092 felicitate
1181 4035 1211 4091 ct
1234 4026 1333 4112 gloria
1355 4024 1478 4088 transiit
1501 4022 1540 4088 ad

534 4146 638 4210 futura
662 4157 731 4231 post
753 4156 880 4213 mortem
902 4149 1014 4233 gaudia
1037 4146 1224 4212 celebranda.
1249 4145 1417 4229 Postquam
1433 4144 1539 4228 paucis

537 4267 634 4331 verbis
659 4290 771 4352 poenas
794 4268 1000 4333 maleficorum
1023 4267 1216 4350 memoravit,
1245 4266 1307 4350 jam
1331 4264 1484 4348 copiosius
1508 4264 1539 4327 iu

537 4385 691 4449 beatorum
715 4395 795 4450 sorte
818 4386 1021 4472 praedicanda
1036 4393 1173 4449 versatus
1190 4391 1251 4447 est:
1276 4383 1418 4457 fortasse,
1444 4404 1539 4465 quum

537 4502 703 4583 Cadmum,
739 4504 847 4582 Pelea,
884 4504 1035 4569 Achillem
1071 4501 1224 4577 laudaret,
1262 4500 1425 4586 praesagiit
1454 4500 1541 4585 quasi
