3767 5534
1012 732 1075 795 270

537 932 691 997 Theocrit.
719 932 784 996 VH
811 935 873 997 103
897 934 981 998 πέδον
1003 930 1070 998 dors
1093 934 1259 1015 λέλογχκς.
1298 936 1480 1001 Posterioris
1506 958 1558 1021 ge·

539 1054 619 1117 neris
650 1062 696 1117 est
726 1053 776 1117 hic
807 1054 910 1131 locus,
942 1061 1009 1118 tum
1041 1055 1094 1139 Py.
1127 1055 1161 1118 ΙΙ
1194 1059 1234 1118 50
1262 1057 1319 1121 τὰν
1344 1057 1461 1139 (Ἥραν)
1485 1056 1557 1127 Διὸς

539 1172 618 1238 rival
649 1174 760 1253 λέχον,
793 1181 824 1236 et
854 1172 983 1237 Theocr.
1015 1172 1059 1237 IV
1085 1178 1126 1237 40
1150 1181 1191 1240 τῶ
1214 1181 1327 1255 οκληρῶ
1350 1176 1500 1256 Balacrus,
1526 1172 1557 1246 ές

539 1316 579 1369 με
602 1293 749 1372 λελέγχκ.

586 1413 635 1474 85.
674 1410 791 1490 θκμινοέ.
838 1410 897 1475 Vel
927 1412 967 1476 ad
989 1412 1155 1493 λέλογχεν,
1180 1412 1228 1476 vel
1252 1411 1291 1476 ad
1313 1412 1486 1493 κονκκγέρονς
1510 1435 1558 1476 re·

539 1530 610 1594 ferri
640 1537 742 1615 potest
772 1530 831 1594 hoc
863 1530 1051 1596 adverbium.
1099 1530 1131 1594 Si
1162 1532 1316 1616 posterius
1346 1554 1451 1596 verum
1486 1539 1555 1610 est,

540 1649 663 1714 videtur
693 1651 833 1734 quamvis
861 1649 961 1713 brevis
986 1651 1082 1714 oratio
1107 1668 1177 1714 cum
1202 1672 1300 1736 poena
1322 1652 1437 1736 pariter
1460 1651 1556 1716 etiam

540 1770 721 1854 pravitatem
757 1770 825 1833 vitii
860 1769 1030 1848 declarare,
1067 1792 1163 1855 quum
1200 1770 1320 1834 nullum
1350 1771 1461 1835 vitium
1492 1771 1557 1835 fere

539 1887 659 1951 lacilius
683 1888 772 1953 abeat
788 1890 820 1952 in
836 1889 1089 1954 consuetudinem
1108 1911 1200 1973 quam
1213 1889 1441 1967 maledicentia,
1460 1895 1557 1974 atque

540 2008 581 2084 ir,
616 2008 670 2090 qui
693 2008 734 2070 sit
756 2007 936 2089 κκκνέγορος,
962 2008 1050 2092 quasi
1073 2009 1243 2072 necessario
1267 2009 1357 2072 etiam
1382 2009 1421 2072 sit
1444 2009 1557 2085 έκμινοὶ

540 2125 712 2206 κκκνέγορος.
761 2126 874 2190 Verum
905 2150 940 2190 ea
971 2127 1133 2212 explicatio
1160 2127 1237 2191 mihi
1260 2127 1383 2191 videtur
1405 2127 1556 2210 argutior.

541 2245 573 2309 Si
598 2244 637 2309 ad
659 2246 808 2325 λέλογχεν
830 2246 978 2325 refertur,
1003 2248 1095 2310 etiam
1119 2245 1233 2330 duplex
1258 2268 1322 2310 esse
1342 2252 1445 2331 potest
1460 2245 1558 2329 expli·

541 2366 639 2429 catio:
673 2374 727 2429 aut
755 2373 791 2428 ut
822 2366 1027 2450 significetur,
1060 2388 1148 2443 eum,
1178 2366 1231 2450 qui
1258 2364 1439 2442 maledicat,
1463 2384 1557 2450 saepe

540 2484 641 2548 clades
657 2484 810 2549 invenire:
830 2492 896 2562 aut,
914 2507 1004 2569 saepe
1020 2485 1078 2548 hoc
1095 2486 1174 2563 fieri,
1193 2492 1228 2549 ut
1243 2485 1283 2562 is,
1301 2486 1355 2569 qui
1371 2483 1556 2561 maledicat,

539 2605 571 2667 in
595 2604 711 2669 cladem
738 2604 884 2668 incurrat.
915 2604 1032 2668 Verum
1053 2604 1136 2668 verbi
1156 2604 1339 2689 significatio
1355 2604 1490 2689 priorem
1511 2604 1556 2668 in·

539 2726 788 2810 terpretationem
819 2746 880 2788 non
910 2724 1032 2788 videtur
1063 2723 1241 2802 admittere,
1266 2746 1363 2808 quum
1385 2722 1558 2804 λοιγχοένειν

539 2866 600 2907 ιιοιι
632 2842 753 2906 dicatur
787 2842 825 2906 dc
856 2842 941 2906 brevi
972 2842 1104 2926 quadam
1129 2849 1159 2906 et
1182 2842 1271 2906 lacile
1294 2841 1475 2927 repetenda,
1501 2839 1556 2906 sed

540 2961 578 3025 de
613 2959 706 3025 semel
737 2967 906 3045 occupante
941 2967 972 3024 et
1002 2970 1151 3045 perpetua
1181 2968 1273 3025 sorte.
1319 2959 1427 3024 Restat
1458 2960 1557 3045 igitur

540 3080 589 3159 id,
622 3079 705 3164 quod
729 3079 880 3157 diximuS,
905 3102 994 3164 saepe
1018 3080 1087 3144 fieri
1110 3086 1147 3143 ut·
1169 3079 1318 3144 maledico
1343 3100 1442 3164 poena
1466 3079 1558 3144 obve-

538 3202 614 3266 niat.
653 3200 695 3264 Et
719 3223 752 3263 vs
777 3202 839 3263 103
864 3199 960 3263 Poeta
984 3200 1078 3277 dicit,
1104 3199 1226 3264 nullum
1251 3198 1437 3264 maleficium
1462 3198 1558 3263 latere

539 3321 630 3385 Deos.
678 3318 745 3384 Nec
779 3341 850 3383 vero
885 3318 964 3383 illud
997 3318 1106 3393 έκμινοέ
1138 3319 1176 3383 de
1207 3318 1356 3403 gravitate
1386 3318 1558 3382 sententiae

539 3440 687 3518 detrahit,
705 3440 791 3524 quasi
808 3440 833 3502 si
850 3439 1084 3524 significaretur,
1098 3437 1267 3523 aliquando
1282 3459 1414 3522 poenam
1431 3435 1556 3500 evitari:

543 3581 646 3623 verum
674 3559 706 3622 in
730 3556 909 3643 hujusmodi
932 3558 1094 3621 sententiis
1117 3558 1236 3641 magnis
1260 3555 1398 3620 oratione
1422 3554 1559 3619 humana

543 3699 760 3765 saepenumero
784 3676 897 3741 dicitur
919 3677 952 3741 id
977 3676 1073 3741 solere
1097 3677 1179 3754 fieri,
1203 3674 1286 3761 quod
1305 3674 1476 3739 necessario
1493 3673 1559 3737 fieri

542 3797 661 3862 debeat.
708 3794 804 3859 Velut
832 3795 970 3879 φιλέειν,
1009 3794 1125 3873 solere,
1163 3793 1246 3880 apud
1278 3792 1492 3869 Herodotum,
1521 3812 1558 3856 eo

543 3916 636 3980 modo
666 3914 806 4000 ponitur,
836 3912 900 3977 VII
927 3916 966 3977 10
991 3913 1087 3996 Φιλέει
1110 3912 1169 3994 γὰρ
1192 3914 1206 3976 o'
1229 3911 1289 3985 θεὸς
1311 3916 1353 3976 τοὶ
1376 3911 1559 3991 ὑπερέχονται

544 4034 646 4101 πέντκ
668 4033 793 4099 κολούειν
800 4082 809 4116 ,
838 4040 868 4097 et
891 4034 1061 4113 ἐπειχθῆνκι
1085 4031 1139 4110 μέν
1161 4056 1208 4097 ννν
1231 4034 1293 4096 τοῖν
1315 4038 1443 4110 πρῆγμα
1465 4028 1560 4093 τέκτει

544 4154 739 4236 σφέλμκτκ.
762 4152 873 4217 ἐκτῶν
896 4151 998 4231 (nutat
1022 4150 1159 4229 μεγέλκι
1182 4149 1313 4231 Φιλέονοι
1337 4147 1477 4226 stereon.

591 4275 643 4337 85.
678 4272 701 4337 si
725 4271 755 4335 δὲ
777 4270 811 4345 δή
833 4272 895 4336 τιν’.
936 4268 987 4332 Sic
1010 4268 1064 4354 Py.
1089 4268 1142 4332 HI
1169 4270 1229 4331 151
1254 4267 1388 4349 τέρκννον
1410 4265 1560 4346 δέρκεται,

545 4392 572 4457 sl
591 4391 645 4457 τιν’
668 4391 828 4472 ἀνθρώπων.
864 4389 995 4453 Ovidius
1018 4388 1146 4453 Metam.
1170 4386 1217 4450 VI
1244 4388 1305 4452 173
1330 4383 1481 4449 Tantalus

670 4509 730 4574 Oui
752 4509 842 4573 licuit
865 4506 922 4571 soli
945 4506 1134 4593 Superorum
1157 4516 1282 4591 tangere
1305 4526 1435 4569 mensas.
