<?xml version="1.0" encoding="UTF-8"?>
<!DOCTYPE html PUBLIC "-//W3C//DTD XHTML 1.0 Transitional//EN"
    "http://www.w3.org/TR/xhtml1/DTD/xhtml1-transitional.dtd">
<html xmlns="http://www.w3.org/1999/xhtml" xml:lang="en" lang="en">
 <head>
  <title>
</title>
<meta http-equiv="Content-Type" content="text/html;charset=utf-8" />
  <meta name='ocr-system' content='tesseract 3.04.00' />
  <meta name='ocr-capabilities' content='ocr_page ocr_carea ocr_par ocr_line ocrx_word'/>
</head>
<body>
  <div class='ocr_page' id='page_1' title='image "./pindaricarminao00pindgoog_0502.png"; bbox 0 0 3767 5534; ppageno 0'>
   <div class='ocr_carea' id='block_1_1' title="bbox 909 774 972 835">
    <p class='ocr_par' dir='ltr' id='par_1_1' title="bbox 909 774 972 835">
     <span class='ocr_line' id='line_1_1' title="bbox 909 774 972 835; baseline 0.032 -2"><span class='ocrx_word' id='word_1_1' title='bbox 909 774 972 835; x_wconf 73' lang='lat'>421</span> 
     </span>
    </p>
   </div>
   <div class='ocr_carea' id='block_1_2' title="bbox 435 973 1456 1650">
    <p class='ocr_par' dir='ltr' id='par_1_2' title="bbox 435 973 1456 1536">
     <span class='ocr_line' id='line_1_2' title="bbox 480 973 1452 1060; baseline -0.004 -22"><span class='ocrx_word' id='word_1_2' title='bbox 480 980 532 1039; x_wconf 85' lang='grc'>46.</span> <span class='ocrx_word' id='word_1_3' title='bbox 567 976 600 1039; x_wconf 80' lang='grc' dir='ltr'>τὸ</span> <span class='ocrx_word' id='word_1_4' title='bbox 631 976 683 1052; x_wconf 82' lang='grc' dir='ltr'>μὲν</span> <span class='ocrx_word' id='word_1_5' title='bbox 711 976 779 1053; x_wconf 67' lang='lat' dir='ltr'>ylo.</span> <span class='ocrx_word' id='word_1_6' title='bbox 838 974 1007 1060; x_wconf 84' lang='lat' dir='ltr'>Tlepolemi</span> <span class='ocrx_word' id='word_1_7' title='bbox 1040 981 1125 1059; x_wconf 86' lang='lat' dir='ltr'>pater</span> <span class='ocrx_word' id='word_1_8' title='bbox 1158 973 1324 1048; x_wconf 87' lang='lat' dir='ltr'>Hercules,</span> <span class='ocrx_word' id='word_1_9' title='bbox 1358 983 1452 1036; x_wconf 87' lang='lat' dir='ltr'>mater</span> 
     </span>
     <span class='ocr_line' id='line_1_3' title="bbox 435 1090 1456 1178; baseline -0.005 -20"><span class='ocrx_word' id='word_1_10' title='bbox 435 1094 628 1178; x_wconf 79' lang='lat' dir='ltr'>Astydamia,</span> <span class='ocrx_word' id='word_1_11' title='bbox 655 1093 832 1177; x_wconf 82' lang='lat' dir='ltr'>Amyntoris</span> <span class='ocrx_word' id='word_1_12' title='bbox 855 1093 933 1156; x_wconf 87' lang='lat' dir='ltr'>filia:</span> <span class='ocrx_word' id='word_1_13' title='bbox 960 1094 1052 1156; x_wconf 87' lang='lat' dir='ltr'>ctiam</span> <span class='ocrx_word' id='word_1_14' title='bbox 1077 1093 1114 1157; x_wconf 87' lang='lat' dir='ltr'>ab</span> <span class='ocrx_word' id='word_1_15' title='bbox 1138 1090 1275 1156; x_wconf 86' lang='lat' dir='ltr'>Hesiodo</span> <span class='ocrx_word' id='word_1_16' title='bbox 1299 1112 1365 1155; x_wconf 87' lang='lat' dir='ltr'>eam</span> <span class='ocrx_word' id='word_1_17' title='bbox 1386 1090 1456 1153; x_wconf 90' lang='lat' dir='ltr'>Tle-</span> 
     </span>
     <span class='ocr_line' id='line_1_4' title="bbox 435 1209 1450 1300; baseline -0.006 -23"><span class='ocrx_word' id='word_1_18' title='bbox 435 1213 548 1300; x_wconf 84' lang='lat' dir='ltr'>polemi</span> <span class='ocrx_word' id='word_1_19' title='bbox 578 1221 705 1277; x_wconf 87' lang='lat' dir='ltr'>matrem</span> <span class='ocrx_word' id='word_1_20' title='bbox 735 1210 848 1276; x_wconf 85' lang='lat' dir='ltr'>dictam</span> <span class='ocrx_word' id='word_1_21' title='bbox 876 1211 970 1275; x_wconf 82' lang='lat' dir='ltr'>fuisse</span> <span class='ocrx_word' id='word_1_22' title='bbox 997 1218 1127 1275; x_wconf 84' lang='lat' dir='ltr'>testatur</span> <span class='ocrx_word' id='word_1_23' title='bbox 1150 1209 1322 1274; x_wconf 78' lang='lat' dir='ltr'>Scholiasta</span> <span class='ocrx_word' id='word_1_24' title='bbox 1346 1215 1450 1285; x_wconf 84' lang='lat' dir='ltr'>vetus,</span> 
     </span>
     <span class='ocr_line' id='line_1_5' title="bbox 436 1326 1453 1411; baseline -0.007 -15"><span class='ocrx_word' id='word_1_25' title='bbox 436 1331 489 1396; x_wconf 89' lang='lat' dir='ltr'>sed</span> <span class='ocrx_word' id='word_1_26' title='bbox 520 1329 595 1394; x_wconf 88' lang='lat' dir='ltr'>alios</span> <span class='ocrx_word' id='word_1_27' title='bbox 623 1330 709 1394; x_wconf 86' lang='lat' dir='ltr'>aliter</span> <span class='ocrx_word' id='word_1_28' title='bbox 733 1329 912 1394; x_wconf 89' lang='lat' dir='ltr'>tradidisse:</span> <span class='ocrx_word' id='word_1_29' title='bbox 939 1329 1107 1406; x_wconf 85' lang='lat' dir='ltr'>Homerus,</span> <span class='ocrx_word' id='word_1_30' title='bbox 1132 1327 1170 1391; x_wconf 91' lang='lat' dir='ltr'>Il.</span> <span class='ocrx_word' id='word_1_31' title='bbox 1195 1326 1230 1391; x_wconf 92' lang='grc' dir='ltr'>ΙΙ</span> <span class='ocrx_word' id='word_1_32' title='bbox 1255 1328 1338 1410; x_wconf 83' lang='lat'>658,</span> <span class='ocrx_word' id='word_1_33' title='bbox 1365 1329 1453 1411; x_wconf 78' lang='lat' dir='ltr'>Asty-</span> 
     </span>
     <span class='ocr_line' id='line_1_6' title="bbox 436 1449 1359 1536; baseline -0.005 -20"><span class='ocrx_word' id='word_1_34' title='bbox 436 1450 554 1516; x_wconf 87' lang='lat' dir='ltr'>ochiam</span> <span class='ocrx_word' id='word_1_35' title='bbox 579 1450 731 1536; x_wconf 87' lang='lat' dir='ltr'>appellat,</span> <span class='ocrx_word' id='word_1_36' title='bbox 756 1451 888 1514; x_wconf 89' lang='lat' dir='ltr'>nominis</span> <span class='ocrx_word' id='word_1_37' title='bbox 912 1450 1134 1535; x_wconf 85' lang='lat' dir='ltr'>significatione</span> <span class='ocrx_word' id='word_1_38' title='bbox 1159 1450 1208 1512; x_wconf 79' lang='lat' dir='ltr'>vix</span> <span class='ocrx_word' id='word_1_39' title='bbox 1232 1449 1359 1512; x_wconf 88' lang='lat' dir='ltr'>diversa.</span> 
     </span>
    </p>

    <p class='ocr_par' dir='ltr' id='par_1_3' title="bbox 479 1564 1452 1650">
     <span class='ocr_line' id='line_1_7' title="bbox 479 1564 1452 1650; baseline -0.002 -19"><span class='ocrx_word' id='word_1_40' title='bbox 479 1571 532 1633; x_wconf 85' lang='grc'>43.</span> <span class='ocrx_word' id='word_1_41' title='bbox 569 1568 652 1650; x_wconf 66' lang='grc' dir='ltr'>ἀμφὶ</span> <span class='ocrx_word' id='word_1_42' title='bbox 685 1568 710 1631; x_wconf 77' lang='grc' dir='ltr'>δ’</span> <span class='ocrx_word' id='word_1_43' title='bbox 733 1568 883 1648; x_wconf 68' lang='grc' dir='ltr'>ἀνθρώπων</span> <span class='ocrx_word' id='word_1_44' title='bbox 906 1568 1008 1649; x_wconf 74' lang='grc' dir='ltr'><strong><em>φρεσὶν</em></strong></span> <span class='ocrx_word' id='word_1_45' title='bbox 1031 1568 1215 1646; x_wconf 69' lang='grc' dir='ltr'>ἀμπλακίαι.</span> <span class='ocrx_word' id='word_1_46' title='bbox 1262 1564 1452 1629; x_wconf 80' lang='lat' dir='ltr'>Narraturus</span> 
     </span>
    </p>
   </div>
   <div class='ocr_carea' id='block_1_3' title="bbox 433 1682 1560 1778">
    <p class='ocr_par' dir='ltr' id='par_1_4' title="bbox 433 1682 1560 1778">
     <span class='ocr_line' id='line_1_8' title="bbox 433 1682 1560 1778; baseline -0.005 -28"><span class='ocrx_word' id='word_1_47' title='bbox 433 1686 556 1752; x_wconf 86' lang='lat' dir='ltr'>caedem</span> <span class='ocrx_word' id='word_1_48' title='bbox 579 1684 730 1769; x_wconf 87' lang='lat' dir='ltr'>Licymnii</span> <span class='ocrx_word' id='word_1_49' title='bbox 755 1709 773 1748; x_wconf 90' lang='lat' dir='ltr'>a</span> <span class='ocrx_word' id='word_1_50' title='bbox 796 1685 974 1771; x_wconf 82' lang='lat' dir='ltr'>Tlepolemo</span> <span class='ocrx_word' id='word_1_51' title='bbox 998 1686 1126 1763; x_wconf 83' lang='lat' dir='ltr'>factam,</span> <span class='ocrx_word' id='word_1_52' title='bbox 1151 1684 1278 1749; x_wconf 88' lang='lat' dir='ltr'>eandem</span> <span class='ocrx_word' id='word_1_53' title='bbox 1304 1704 1373 1748; x_wconf 85' lang='lat' dir='ltr'>vero</span> <span class='ocrx_word' id='word_1_54' title='bbox 1389 1682 1453 1767; x_wconf 79' lang='lat' dir='ltr'>glo·</span> <span class='ocrx_word' id='word_1_55' title='bbox 1557 1773 1560 1778; x_wconf 18' lang='grc' dir='ltr'>Ι</span> 
     </span>
    </p>
   </div>
   <div class='ocr_carea' id='block_1_4' title="bbox 432 1802 1453 2598">
    <p class='ocr_par' dir='ltr' id='par_1_5' title="bbox 432 1802 1453 2598">
     <span class='ocr_line' id='line_1_9' title="bbox 432 1802 1449 1888; baseline -0.003 -20"><span class='ocrx_word' id='word_1_56' title='bbox 432 1806 530 1869; x_wconf 86' lang='lat' dir='ltr'>riosae</span> <span class='ocrx_word' id='word_1_57' title='bbox 554 1803 668 1868; x_wconf 89' lang='lat' dir='ltr'>abillo</span> <span class='ocrx_word' id='word_1_58' title='bbox 692 1803 841 1868; x_wconf 89' lang='lat' dir='ltr'>deductae</span> <span class='ocrx_word' id='word_1_59' title='bbox 865 1804 1002 1868; x_wconf 90' lang='lat' dir='ltr'>coloniae</span> <span class='ocrx_word' id='word_1_60' title='bbox 1026 1810 1056 1867; x_wconf 91' lang='lat' dir='ltr'>et</span> <span class='ocrx_word' id='word_1_61' title='bbox 1072 1803 1196 1867; x_wconf 88' lang='lat' dir='ltr'>honoris</span> <span class='ocrx_word' id='word_1_62' title='bbox 1214 1810 1319 1888; x_wconf 88' lang='lat' dir='ltr'>postea</span> <span class='ocrx_word' id='word_1_63' title='bbox 1335 1802 1449 1866; x_wconf 87' lang='lat' dir='ltr'>invent&#39;</span> 
     </span>
     <span class='ocr_line' id='line_1_10' title="bbox 434 1920 1453 2007; baseline -0.003 -20"><span class='ocrx_word' id='word_1_64' title='bbox 434 1945 574 2000; x_wconf 87' lang='lat' dir='ltr'>causam,</span> <span class='ocrx_word' id='word_1_65' title='bbox 612 1922 772 2007; x_wconf 83' lang='lat' dir='ltr'>praeponit</span> <span class='ocrx_word' id='word_1_66' title='bbox 802 1922 976 1986; x_wconf 86' lang='lat' dir='ltr'>universam</span> <span class='ocrx_word' id='word_1_67' title='bbox 1007 1922 1046 1986; x_wconf 91' lang='lat' dir='ltr'>de</span> <span class='ocrx_word' id='word_1_68' title='bbox 1077 1920 1286 1986; x_wconf 78' lang='lat' dir='ltr'>imbecillitate</span> <span class='ocrx_word' id='word_1_69' title='bbox 1317 1921 1453 1985; x_wconf 88' lang='lat' dir='ltr'>humana</span> 
     </span>
     <span class='ocr_line' id='line_1_11' title="bbox 434 2039 1451 2123; baseline -0.002 -18"><span class='ocrx_word' id='word_1_70' title='bbox 434 2040 626 2105; x_wconf 87' lang='lat' dir='ltr'>senteutiam.</span> <span class='ocrx_word' id='word_1_71' title='bbox 658 2040 918 2123; x_wconf 69' lang='grc' dir='ltr'>Ἀμφικρέμκνται</span> <span class='ocrx_word' id='word_1_72' title='bbox 937 2040 1086 2123; x_wconf 84' lang='lat' dir='ltr'>exquisite</span> <span class='ocrx_word' id='word_1_73' title='bbox 1102 2039 1238 2117; x_wconf 89' lang='lat' dir='ltr'>dictum,</span> <span class='ocrx_word' id='word_1_74' title='bbox 1252 2040 1350 2103; x_wconf 79' lang='lat' dir='ltr'>utrix</span> <span class='ocrx_word' id='word_1_75' title='bbox 1363 2039 1451 2103; x_wconf 87' lang='lat' dir='ltr'>vitari</span> 
     </span>
     <span class='ocr_line' id='line_1_12' title="bbox 435 2156 1453 2244; baseline -0.002 -23"><span class='ocrx_word' id='word_1_76' title='bbox 435 2159 548 2244; x_wconf 84' lang='lat' dir='ltr'>possit,</span> <span class='ocrx_word' id='word_1_77' title='bbox 574 2158 650 2243; x_wconf 92' lang='lat' dir='ltr'>quin</span> <span class='ocrx_word' id='word_1_78' title='bbox 673 2159 705 2221; x_wconf 91' lang='lat' dir='ltr'>in</span> <span class='ocrx_word' id='word_1_79' title='bbox 729 2158 863 2241; x_wconf 84' lang='lat' dir='ltr'>aliquem</span> <span class='ocrx_word' id='word_1_80' title='bbox 886 2165 933 2221; x_wconf 89' lang='lat' dir='ltr'>tot</span> <span class='ocrx_word' id='word_1_81' title='bbox 956 2179 1083 2221; x_wconf 89' lang='lat' dir='ltr'>numero</span> <span class='ocrx_word' id='word_1_82' title='bbox 1107 2156 1351 2243; x_wconf 88' lang='lat' dir='ltr'>impendentium</span> <span class='ocrx_word' id='word_1_83' title='bbox 1375 2179 1453 2221; x_wconf 91' lang='lat' dir='ltr'>erro-</span> 
     </span>
     <span class='ocr_line' id='line_1_13' title="bbox 434 2262 1452 2361; baseline -0.002 -20"><span class='ocrx_word' id='word_1_84' title='bbox 434 2262 506 2341; x_wconf 52' lang='lat' dir='ltr'>rem&#39;</span> <span class='ocrx_word' id='word_1_85' title='bbox 522 2277 647 2341; x_wconf 88' lang='lat' dir='ltr'>incidas.</span> <span class='ocrx_word' id='word_1_86' title='bbox 695 2277 735 2340; x_wconf 81' lang='lat' dir='ltr'>Et</span> <span class='ocrx_word' id='word_1_87' title='bbox 759 2284 919 2361; x_wconf 85' lang='lat' dir='ltr'>postquam</span> <span class='ocrx_word' id='word_1_88' title='bbox 943 2276 1095 2352; x_wconf 90' lang='lat' dir='ltr'>narravit,</span> <span class='ocrx_word' id='word_1_89' title='bbox 1121 2276 1159 2339; x_wconf 85' lang='lat' dir='ltr'>ad</span> <span class='ocrx_word' id='word_1_90' title='bbox 1183 2275 1309 2340; x_wconf 89' lang='lat' dir='ltr'>eandem</span> <span class='ocrx_word' id='word_1_91' title='bbox 1333 2285 1452 2340; x_wconf 87' lang='lat' dir='ltr'>senten·</span> 
     </span>
     <span class='ocr_line' id='line_1_14' title="bbox 435 2394 1449 2479; baseline 0 -21"><span class='ocrx_word' id='word_1_92' title='bbox 435 2396 511 2459; x_wconf 87' lang='lat' dir='ltr'>tiam</span> <span class='ocrx_word' id='word_1_93' title='bbox 534 2395 614 2459; x_wconf 87' lang='lat' dir='ltr'>redit</span> <span class='ocrx_word' id='word_1_94' title='bbox 637 2418 669 2458; x_wconf 87' lang='lat' dir='ltr'>vs</span> <span class='ocrx_word' id='word_1_95' title='bbox 694 2398 753 2471; x_wconf 84' lang='lat'>55,</span> <span class='ocrx_word' id='word_1_96' title='bbox 778 2417 874 2479; x_wconf 88' lang='lat' dir='ltr'>quum</span> <span class='ocrx_word' id='word_1_97' title='bbox 897 2394 1109 2479; x_wconf 81' lang='lat' dir='ltr'>Tlepolemum</span> <span class='ocrx_word' id='word_1_98' title='bbox 1125 2395 1264 2479; x_wconf 85' lang='lat' dir='ltr'>quamvis</span> <span class='ocrx_word' id='word_1_99' title='bbox 1281 2396 1449 2479; x_wconf 84' lang='lat' dir='ltr'>sapientem</span> 
     </span>
     <span class='ocr_line' id='line_1_15' title="bbox 436 2512 1451 2598; baseline -0.002 -21"><span class='ocrx_word' id='word_1_100' title='bbox 436 2522 537 2577; x_wconf 87' lang='lat' dir='ltr'>tamen</span> <span class='ocrx_word' id='word_1_101' title='bbox 561 2534 699 2598; x_wconf 83' lang='lat' dir='ltr'>peccasse</span> <span class='ocrx_word' id='word_1_102' title='bbox 722 2513 883 2598; x_wconf 82' lang='lat' dir='ltr'>significet.</span> <span class='ocrx_word' id='word_1_103' title='bbox 918 2512 1034 2576; x_wconf 88' lang='lat' dir='ltr'>Verum</span> <span class='ocrx_word' id='word_1_104' title='bbox 1059 2535 1096 2576; x_wconf 83' lang='lat' dir='ltr'>ex</span> <span class='ocrx_word' id='word_1_105' title='bbox 1114 2534 1214 2577; x_wconf 88' lang='lat' dir='ltr'>errore</span> <span class='ocrx_word' id='word_1_106' title='bbox 1230 2520 1331 2577; x_wconf 87' lang='lat' dir='ltr'>tamen</span> <span class='ocrx_word' id='word_1_107' title='bbox 1345 2519 1451 2598; x_wconf 89' lang='lat' dir='ltr'>postea</span> 
     </span>
    </p>
   </div>
   <div class='ocr_carea' id='block_1_5' title="bbox 435 2632 1451 2718">
    <p class='ocr_par' dir='ltr' id='par_1_6' title="bbox 435 2632 1451 2718">
     <span class='ocr_line' id='line_1_16' title="bbox 435 2632 1451 2718; baseline 0.002 -22"><span class='ocrx_word' id='word_1_108' title='bbox 435 2633 560 2697; x_wconf 87' lang='lat' dir='ltr'>meliora</span> <span class='ocrx_word' id='word_1_109' title='bbox 583 2633 702 2697; x_wconf 88' lang='lat' dir='ltr'>evenire</span> <span class='ocrx_word' id='word_1_110' title='bbox 727 2655 815 2718; x_wconf 86' lang='lat' dir='ltr'>posse</span> <span class='ocrx_word' id='word_1_111' title='bbox 838 2632 945 2709; x_wconf 89' lang='lat' dir='ltr'>docet,</span> <span class='ocrx_word' id='word_1_112' title='bbox 971 2632 1063 2718; x_wconf 92' lang='lat' dir='ltr'>idque</span> <span class='ocrx_word' id='word_1_113' title='bbox 1087 2634 1288 2717; x_wconf 90' lang='lat' dir='ltr'>conspicuum</span> <span class='ocrx_word' id='word_1_114' title='bbox 1312 2633 1451 2698; x_wconf 87' lang='lat' dir='ltr'>fuisseiu</span> 
     </span>
    </p>
   </div>
   <div class='ocr_carea' id='block_1_6' title="bbox 431 2749 1452 4610">
    <p class='ocr_par' dir='ltr' id='par_1_7' title="bbox 436 2749 621 2835">
     <span class='ocr_line' id='line_1_17' title="bbox 436 2749 621 2835; baseline 0 -22"><span class='ocrx_word' id='word_1_115' title='bbox 436 2749 621 2835; x_wconf 90' lang='lat' dir='ltr'>Tlepolemo.</span> 
     </span>
    </p>

    <p class='ocr_par' dir='ltr' id='par_1_8' title="bbox 433 2868 1452 3993">
     <span class='ocr_line' id='line_1_18' title="bbox 482 2868 1452 2950; baseline 0.001 -17"><span class='ocrx_word' id='word_1_116' title='bbox 482 2872 535 2934; x_wconf 92' lang='grc'>46.</span> <span class='ocrx_word' id='word_1_117' title='bbox 569 2876 654 2935; x_wconf 81' lang='grc' dir='ltr'><em>τοῦτο</em></span> <span class='ocrx_word' id='word_1_118' title='bbox 676 2869 701 2934; x_wconf 65' lang='grc' dir='ltr'>δ’</span> <span class='ocrx_word' id='word_1_119' title='bbox 723 2869 891 2949; x_wconf 69' lang='grc' dir='ltr'>ἀμάχανον.</span> <span class='ocrx_word' id='word_1_120' title='bbox 915 2868 1052 2934; x_wconf 83' lang='lat' dir='ltr'>Verbum</span> <span class='ocrx_word' id='word_1_121' title='bbox 1072 2870 1159 2950; x_wconf 80' lang='grc' dir='ltr'><em>εὑρεῖν</em></span> <span class='ocrx_word' id='word_1_122' title='bbox 1177 2892 1239 2935; x_wconf 90' lang='lat' dir='ltr'>non</span> <span class='ocrx_word' id='word_1_123' title='bbox 1256 2871 1452 2936; x_wconf 87' lang='lat' dir='ltr'>nanciscendi</span> 
     </span>
     <span class='ocr_line' id='line_1_19' title="bbox 437 2984 1452 3072; baseline 0.001 -21"><span class='ocrx_word' id='word_1_124' title='bbox 437 2986 491 3051; x_wconf 93' lang='lat' dir='ltr'>sed</span> <span class='ocrx_word' id='word_1_125' title='bbox 521 2986 716 3072; x_wconf 85' lang='lat' dir='ltr'>intelligendi</span> <span class='ocrx_word' id='word_1_126' title='bbox 738 2987 992 3072; x_wconf 83' lang='lat' dir='ltr'>significationem</span> <span class='ocrx_word' id='word_1_127' title='bbox 1015 2987 1074 3051; x_wconf 92' lang='lat' dir='ltr'>hoc</span> <span class='ocrx_word' id='word_1_128' title='bbox 1097 2988 1164 3052; x_wconf 92' lang='lat' dir='ltr'>loco</span> <span class='ocrx_word' id='word_1_129' title='bbox 1187 2984 1289 3052; x_wconf 90' lang='lat' dir='ltr'>habet.</span> <span class='ocrx_word' id='word_1_130' title='bbox 1325 2987 1452 3053; x_wconf 82' lang='lat' dir='ltr'>Fatetur</span> 
     </span>
     <span class='ocr_line' id='line_1_20' title="bbox 435 3102 1450 3198; baseline 0.003 -32"><span class='ocrx_word' id='word_1_131' title='bbox 435 3102 530 3168; x_wconf 92' lang='lat' dir='ltr'>Poeta</span> <span class='ocrx_word' id='word_1_132' title='bbox 560 3104 695 3168; x_wconf 89' lang='lat' dir='ltr'>infinitos</span> <span class='ocrx_word' id='word_1_133' title='bbox 726 3126 840 3198; x_wconf 87' lang='lat' dir='ltr'>errores</span> <span class='ocrx_word' id='word_1_134' title='bbox 871 3104 1047 3188; x_wconf 86' lang='lat' dir='ltr'>impendere</span> <span class='ocrx_word' id='word_1_135' title='bbox 1078 3104 1231 3169; x_wconf 84' lang='lat' dir='ltr'>mentibus</span> <span class='ocrx_word' id='word_1_136' title='bbox 1256 3106 1450 3183; x_wconf 89' lang='lat' dir='ltr'>mortalium,</span> 
     </span>
     <span class='ocr_line' id='line_1_21' title="bbox 436 3221 1450 3309; baseline 0.004 -26"><span class='ocrx_word' id='word_1_137' title='bbox 436 3244 540 3286; x_wconf 86' lang='lat' dir='ltr'>verum</span> <span class='ocrx_word' id='word_1_138' title='bbox 571 3245 633 3285; x_wconf 90' lang='lat' dir='ltr'>uon</span> <span class='ocrx_word' id='word_1_139' title='bbox 663 3222 732 3286; x_wconf 90' lang='lat' dir='ltr'>ideo</span> <span class='ocrx_word' id='word_1_140' title='bbox 763 3221 988 3307; x_wconf 90' lang='lat' dir='ltr'>desperandum</span> <span class='ocrx_word' id='word_1_141' title='bbox 1012 3244 1076 3285; x_wconf 89' lang='lat' dir='ltr'>esse</span> <span class='ocrx_word' id='word_1_142' title='bbox 1100 3234 1220 3299; x_wconf 90' lang='lat' dir='ltr'>monet,</span> <span class='ocrx_word' id='word_1_143' title='bbox 1246 3224 1450 3309; x_wconf 89' lang='lat' dir='ltr'>nequeenim</span> 
     </span>
     <span class='ocr_line' id='line_1_22' title="bbox 435 3330 1447 3426; baseline 0.001 -23"><span class='ocrx_word' id='word_1_144' title='bbox 435 3330 580 3403; x_wconf 85' lang='lat' dir='ltr'>continuo</span> <span class='ocrx_word' id='word_1_145' title='bbox 611 3341 759 3424; x_wconf 85' lang='lat' dir='ltr'>cujusque</span> <span class='ocrx_word' id='word_1_146' title='bbox 782 3340 825 3403; x_wconf 88' lang='lat' dir='ltr'>rei</span> <span class='ocrx_word' id='word_1_147' title='bbox 849 3340 965 3404; x_wconf 85' lang='lat' dir='ltr'>exitum</span> <span class='ocrx_word' id='word_1_148' title='bbox 989 3362 1149 3425; x_wconf 89' lang='lat' dir='ltr'>apparere,</span> <span class='ocrx_word' id='word_1_149' title='bbox 1175 3348 1205 3403; x_wconf 87' lang='lat' dir='ltr'>et</span> <span class='ocrx_word' id='word_1_150' title='bbox 1229 3363 1266 3404; x_wconf 84' lang='lat' dir='ltr'>cx</span> <span class='ocrx_word' id='word_1_151' title='bbox 1289 3364 1342 3418; x_wconf 91' lang='lat' dir='ltr'>eo,</span> <span class='ocrx_word' id='word_1_152' title='bbox 1366 3341 1447 3426; x_wconf 93' lang='lat' dir='ltr'>quod</span> 
     </span>
     <span class='ocr_line' id='line_1_23' title="bbox 434 3451 1447 3544; baseline 0.001 -22"><span class='ocrx_word' id='word_1_153' title='bbox 434 3451 522 3522; x_wconf 90' lang='lat' dir='ltr'>initio</span> <span class='ocrx_word' id='word_1_154' title='bbox 539 3458 626 3522; x_wconf 87' lang='lat' dir='ltr'>triste</span> <span class='ocrx_word' id='word_1_155' title='bbox 646 3458 756 3535; x_wconf 86' lang='lat' dir='ltr'>fuerit,</span> <span class='ocrx_word' id='word_1_156' title='bbox 778 3481 865 3542; x_wconf 90' lang='lat' dir='ltr'>posse</span> <span class='ocrx_word' id='word_1_157' title='bbox 886 3458 999 3543; x_wconf 87' lang='lat' dir='ltr'>gaudia</span> <span class='ocrx_word' id='word_1_158' title='bbox 1019 3458 1094 3543; x_wconf 88' lang='lat' dir='ltr'>pari.</span> <span class='ocrx_word' id='word_1_159' title='bbox 1118 3458 1265 3522; x_wconf 82' lang='lat' dir='ltr'>Similiter</span> <span class='ocrx_word' id='word_1_160' title='bbox 1277 3458 1330 3523; x_wconf 91' lang='lat' dir='ltr'>ille</span> <span class='ocrx_word' id='word_1_161' title='bbox 1342 3482 1447 3544; x_wconf 85' lang='lat' dir='ltr'>regum</span> 
     </span>
     <span class='ocr_line' id='line_1_24' title="bbox 433 3575 1448 3662; baseline 0.002 -23"><span class='ocrx_word' id='word_1_162' title='bbox 433 3576 675 3662; x_wconf 85' lang='lat' dir='ltr'>sapientissimus</span> <span class='ocrx_word' id='word_1_163' title='bbox 707 3584 737 3639; x_wconf 89' lang='lat' dir='ltr'>et</span> <span class='ocrx_word' id='word_1_164' title='bbox 768 3575 940 3661; x_wconf 86' lang='lat' dir='ltr'>sapientum</span> <span class='ocrx_word' id='word_1_165' title='bbox 971 3598 1024 3640; x_wconf 85' lang='lat' dir='ltr'>rex</span> <span class='ocrx_word' id='word_1_166' title='bbox 1047 3576 1170 3641; x_wconf 89' lang='lat' dir='ltr'>habitus</span> <span class='ocrx_word' id='word_1_167' title='bbox 1193 3576 1331 3642; x_wconf 82' lang='lat' dir='ltr'>Salomo:</span> <span class='ocrx_word' id='word_1_168' title='bbox 1368 3577 1448 3657; x_wconf 79' lang='lat' dir='ltr'>Quis</span> 
     </span>
     <span class='ocr_line' id='line_1_25' title="bbox 434 3693 1448 3781; baseline 0.002 -23"><span class='ocrx_word' id='word_1_169' title='bbox 434 3695 508 3771; x_wconf 92' lang='lat' dir='ltr'>scit,</span> <span class='ocrx_word' id='word_1_170' title='bbox 534 3694 608 3778; x_wconf 89' lang='lat' dir='ltr'>quid</span> <span class='ocrx_word' id='word_1_171' title='bbox 633 3694 673 3757; x_wconf 89' lang='lat' dir='ltr'>sit</span> <span class='ocrx_word' id='word_1_172' title='bbox 695 3693 772 3758; x_wconf 87' lang='lat' dir='ltr'>utile</span> <span class='ocrx_word' id='word_1_173' title='bbox 795 3694 913 3758; x_wconf 89' lang='lat' dir='ltr'>homiui</span> <span class='ocrx_word' id='word_1_174' title='bbox 936 3694 968 3758; x_wconf 91' lang='lat' dir='ltr'>in</span> <span class='ocrx_word' id='word_1_175' title='bbox 992 3694 1049 3758; x_wconf 93' lang='lat' dir='ltr'>hac</span> <span class='ocrx_word' id='word_1_176' title='bbox 1068 3694 1236 3759; x_wconf 75' lang='lat' dir='ltr'>vitalnam</span> <span class='ocrx_word' id='word_1_177' title='bbox 1248 3697 1318 3781; x_wconf 92' lang='lat' dir='ltr'>quis</span> <span class='ocrx_word' id='word_1_178' title='bbox 1331 3696 1448 3760; x_wconf 88' lang='lat' dir='ltr'>homini</span> 
     </span>
     <span class='ocr_line' id='line_1_26' title="bbox 434 3804 1445 3897; baseline 0.001 -21"><span class='ocrx_word' id='word_1_179' title='bbox 434 3813 550 3897; x_wconf 88' lang='lat' dir='ltr'>aperire</span> <span class='ocrx_word' id='word_1_180' title='bbox 581 3834 616 3875; x_wconf 86' lang='lat' dir='ltr'>ea</span> <span class='ocrx_word' id='word_1_181' title='bbox 644 3819 757 3895; x_wconf 90' lang='lat' dir='ltr'>potest,</span> <span class='ocrx_word' id='word_1_182' title='bbox 790 3832 867 3895; x_wconf 90' lang='lat' dir='ltr'>quae</span> <span class='ocrx_word' id='word_1_183' title='bbox 897 3813 924 3875; x_wconf 90' lang='lat' dir='ltr'>ei</span> <span class='ocrx_word' id='word_1_184' title='bbox 957 3818 1062 3896; x_wconf 89' lang='lat' dir='ltr'>postea</span> <span class='ocrx_word' id='word_1_185' title='bbox 1086 3804 1246 3877; x_wconf 81' lang='lat' dir='ltr'>accident?</span> <span class='ocrx_word' id='word_1_186' title='bbox 1270 3812 1445 3878; x_wconf 78' lang='lat' dir='ltr'>Ecclesiast.</span> 
     </span>
     <span class='ocr_line' id='line_1_27' title="bbox 434 3928 616 3993; baseline 0 0"><span class='ocrx_word' id='word_1_187' title='bbox 434 3928 469 3993; x_wconf 81' lang='grc' dir='ltr'>Ο.</span> <span class='ocrx_word' id='word_1_188' title='bbox 494 3928 541 3993; x_wconf 81' lang='lat' dir='ltr'>VI</span> <span class='ocrx_word' id='word_1_189' title='bbox 567 3932 616 3993; x_wconf 80' lang='lat'>12.</span> 
     </span>
    </p>

    <p class='ocr_par' dir='ltr' id='par_1_9' title="bbox 431 4046 1448 4610">
     <span class='ocr_line' id='line_1_28' title="bbox 478 4046 1448 4134; baseline 0.002 -23"><span class='ocrx_word' id='word_1_190' title='bbox 478 4052 530 4111; x_wconf 89' lang='grc'>49.</span> <span class='ocrx_word' id='word_1_191' title='bbox 565 4048 613 4113; x_wconf 72' lang='grc' dir='ltr'>καὶ</span> <span class='ocrx_word' id='word_1_192' title='bbox 637 4048 706 4126; x_wconf 69' lang='grc' dir='ltr'>γὰρ.</span> <span class='ocrx_word' id='word_1_193' title='bbox 742 4046 884 4131; x_wconf 82' lang='lat' dir='ltr'>Electryo</span> <span class='ocrx_word' id='word_1_194' title='bbox 908 4070 945 4111; x_wconf 88' lang='lat' dir='ltr'>ex</span> <span class='ocrx_word' id='word_1_195' title='bbox 967 4047 1104 4132; x_wconf 85' lang='lat' dir='ltr'>legitima</span> <span class='ocrx_word' id='word_1_196' title='bbox 1124 4071 1218 4113; x_wconf 85' lang='lat' dir='ltr'>uxore</span> <span class='ocrx_word' id='word_1_197' title='bbox 1233 4048 1375 4134; x_wconf 85' lang='lat' dir='ltr'>Lysidice</span> <span class='ocrx_word' id='word_1_198' title='bbox 1393 4050 1448 4114; x_wconf 92' lang='lat' dir='ltr'>Pe·</span> 
     </span>
     <span class='ocr_line' id='line_1_29' title="bbox 433 4165 1444 4253; baseline 0.002 -24"><span class='ocrx_word' id='word_1_199' title='bbox 433 4167 511 4250; x_wconf 90' lang='lat' dir='ltr'>lopis</span> <span class='ocrx_word' id='word_1_200' title='bbox 541 4166 605 4229; x_wconf 89' lang='lat' dir='ltr'>filia</span> <span class='ocrx_word' id='word_1_201' title='bbox 636 4166 820 4242; x_wconf 87' lang='lat' dir='ltr'>Alcmenen,</span> <span class='ocrx_word' id='word_1_202' title='bbox 854 4188 889 4228; x_wconf 83' lang='lat' dir='ltr'>ex</span> <span class='ocrx_word' id='word_1_203' title='bbox 922 4165 1026 4230; x_wconf 83' lang='lat' dir='ltr'>Midea</span> <span class='ocrx_word' id='word_1_204' title='bbox 1048 4165 1241 4253; x_wconf 84' lang='lat' dir='ltr'>Licymnium</span> <span class='ocrx_word' id='word_1_205' title='bbox 1265 4169 1444 4252; x_wconf 87' lang='lat' dir='ltr'>procreavit.</span> 
     </span>
     <span class='ocr_line' id='line_1_30' title="bbox 432 4282 1444 4371; baseline 0.003 -24"><span class='ocrx_word' id='word_1_206' title='bbox 432 4284 562 4348; x_wconf 82' lang='lat' dir='ltr'>Caedem</span> <span class='ocrx_word' id='word_1_207' title='bbox 593 4282 744 4368; x_wconf 87' lang='lat' dir='ltr'>Licymuii</span> <span class='ocrx_word' id='word_1_208' title='bbox 775 4284 867 4347; x_wconf 87' lang='lat' dir='ltr'>etiam</span> <span class='ocrx_word' id='word_1_209' title='bbox 894 4283 1049 4348; x_wconf 86' lang='lat' dir='ltr'>Homerus</span> <span class='ocrx_word' id='word_1_210' title='bbox 1073 4292 1191 4363; x_wconf 87' lang='lat' dir='ltr'>narrat,</span> <span class='ocrx_word' id='word_1_211' title='bbox 1217 4309 1316 4371; x_wconf 90' lang='lat' dir='ltr'>neque</span> <span class='ocrx_word' id='word_1_212' title='bbox 1340 4285 1444 4363; x_wconf 87' lang='lat' dir='ltr'>addit,</span> 
     </span>
     <span class='ocr_line' id='line_1_31' title="bbox 431 4403 1444 4488; baseline 0.003 -22"><span class='ocrx_word' id='word_1_213' title='bbox 431 4404 479 4467; x_wconf 86' lang='lat' dir='ltr'>vel</span> <span class='ocrx_word' id='word_1_214' title='bbox 502 4403 654 4487; x_wconf 90' lang='lat' dir='ltr'>quomodo</span> <span class='ocrx_word' id='word_1_215' title='bbox 679 4403 725 4467; x_wconf 88' lang='lat' dir='ltr'>vel</span> <span class='ocrx_word' id='word_1_216' title='bbox 749 4424 810 4488; x_wconf 91' lang='lat' dir='ltr'>qua</span> <span class='ocrx_word' id='word_1_217' title='bbox 832 4424 923 4466; x_wconf 87' lang='lat' dir='ltr'>causa</span> <span class='ocrx_word' id='word_1_218' title='bbox 946 4403 1026 4466; x_wconf 89' lang='lat' dir='ltr'>facta</span> <span class='ocrx_word' id='word_1_219' title='bbox 1049 4405 1106 4481; x_wconf 84' lang='lat' dir='ltr'>sit,</span> <span class='ocrx_word' id='word_1_220' title='bbox 1131 4404 1168 4467; x_wconf 89' lang='lat' dir='ltr'>ll.</span> <span class='ocrx_word' id='word_1_221' title='bbox 1192 4403 1228 4468; x_wconf 93' lang='lat' dir='ltr'>II</span> <span class='ocrx_word' id='word_1_222' title='bbox 1253 4408 1326 4468; x_wconf 75' lang='grc'><strong>662.</strong></span> <span class='ocrx_word' id='word_1_223' title='bbox 1352 4404 1444 4469; x_wconf 86' lang='lat' dir='ltr'>Scho-</span> 
     </span>
     <span class='ocr_line' id='line_1_32' title="bbox 431 4520 1443 4610; baseline 0.003 -26"><span class='ocrx_word' id='word_1_224' title='bbox 431 4520 536 4585; x_wconf 89' lang='lat' dir='ltr'>liastae</span> <span class='ocrx_word' id='word_1_225' title='bbox 560 4521 685 4588; x_wconf 88' lang='lat' dir='ltr'>Pindari</span> <span class='ocrx_word' id='word_1_226' title='bbox 709 4528 877 4597; x_wconf 86' lang='lat' dir='ltr'>testantur,</span> <span class='ocrx_word' id='word_1_227' title='bbox 902 4520 979 4587; x_wconf 89' lang='lat' dir='ltr'>alios</span> <span class='ocrx_word' id='word_1_228' title='bbox 1003 4521 1040 4585; x_wconf 92' lang='lat' dir='ltr'>ab</span> <span class='ocrx_word' id='word_1_229' title='bbox 1063 4522 1159 4588; x_wconf 87' lang='lat' dir='ltr'>invito</span> <span class='ocrx_word' id='word_1_230' title='bbox 1182 4521 1359 4610; x_wconf 89' lang='lat' dir='ltr'>Tlepolemo</span> <span class='ocrx_word' id='word_1_231' title='bbox 1379 4547 1443 4587; x_wconf 85' lang='lat' dir='ltr'>cue·</span> 
     </span>
    </p>
   </div>
   <div class='ocr_carea' id='block_1_7' title="bbox 0 0 1888 5534">
    <p class='ocr_par' dir='ltr' id='par_1_10' title="bbox 0 0 1888 5534">
     <span class='ocr_line' id='line_1_33' title="bbox 0 0 1888 5534; baseline 0 0"><span class='ocrx_word' id='word_1_232' title='bbox 0 0 1888 5534; x_wconf 95' lang='lat' dir='ltr'> </span> 
     </span>
    </p>
   </div>
  </div>
 </body>
</html>
