3767 5534
984 775 1048 841 312

514 978 686 1062 templatio‚
718 980 762 1043 ita
789 980 841 1043 bic
871 980 953 1064 apud
984 980 1150 1045 Pindarum
1175 980 1289 1063 aliquid
1315 1004 1379 1044 esse
1403 980 1536 1058 simile,·

515 1120 607 1182 quum
634 1099 733 1182 justas
757 1097 959 1162 Radamanthi
983 1100 1147 1163 sententias
1172 1100 1310 1163 celebret.
1359 1096 1426 1163 Nec
1450 1086 1524 1162 sane

515 1217 552 1280 ab
577 1240 680 1281 eorum
704 1216 838 1301 gaudiis,
867 1218 919 1301 qui
943 1241 996 1303 per
1019 1218 1076 1281 tria
1099 1219 1229 1282 vitarum
1254 1218 1350 1303 spatia
1376 1216 1413 1281 ab
1438 1216 1524 1281 omni

515 1336 666 1421 injustitia
697 1336 931 1413 abstinuissent,
961 1337 1098 1422 justitiae
1127 1336 1244 1400 fructus
1268 1335 1371 1400 abesse
1396 1336 1521 1413 debuit,

517 1478 615 1539 neque
638 1454 722 1518 illius
742 1455 853 1540 judicis
878 1456 1075 1540 praesidium,
1101 1457 1152 1539 qui
1176 1456 1246 1519 talis
1269 1456 1362 1519 fuisse
1386 1454 1526 1520 tradeba-

518 1584 585 1656 tur,
618 1581 653 1637 ut
684 1581 713 1636 et
745 1573 924 1637 mortalibus
955 1573 1099 1659 inclytam
1123 1581 1360 1659 perpetuamque
1382 1573 1524 1659 justitiae

518 1694 693 1757 memoriam
716 1694 914 1778 relinqueret,
940 1701 970 1758 et
993 1695 1093 1779 ipsum
1117 1702 1223 1779 postea
1246 1692 1380 1757 Cronum
1401 1691 1525 1778 adjuva

517 1820 563 1876 ret
585 1813 618 1876 iu
641 1812 798 1876 beatorum
822 1812 966 1877 beatitate
989 1812 1112 1878 tuenda.

564 1934 634 1996 [aa.
670 1931 783 2005 Πηλεύς
808 1956 840 1995 τε
863 1932 911 1996 aa>
936 1931 1062 2009 Κάδμος.
1098 1931 1237 1995 Fortasse
1261 1930 1379 1994 hiduo
1403 1928 1520 1994 idcirco

517 2050 677 2136 praecipue
701 2058 922 2128 memorantur,
947 2051 1028 2135 quod
1053 2050 1128 2114 alter
1151 2050 1240 2113 fuerit
1263 2049 1377 2135 patriae
1394 2047 1524 2112 Pindari

517 2167 673 2252 conditor,
707 2168 830 2232 alterius
860 2192 929 2233 vero
950 2170 1093 2233 memoria
1108 2170 1236 2233 manime
1252 2169 1415 2253 conjuncta
1431 2167 1527 2231 fuerit

518 2311 588 2352 cum
619 2289 753 2372 Aegina,
786 2311 877 2372 quam
908 2289 1060 2353 Pindarus
1084 2289 1191 2353 dilexit
1214 2288 1331 2352 eximie.
1378 2285 1468 2351 Certe
1491 2287 1526 2351 in

519 2407 650 2471 carmine
673 2408 784 2493 Pythio
808 2407 860 2471 III
883 2407 1016 2472 Cadmus
1040 2418 1071 2472 et
1093 2408 1201 2472 Peleus
1225 2429 1395 2492 supremam
1419 2405 1527 2469 dicun-

518 2535 570 2591 tur
592 2527 733 2591 habuisse
756 2528 928 2593 mortalium
951 2528 1144 2606 felicitatem,
1160 2528 1279 2613 ipsique
1295 2526 1347 2590 Dii
1363 2526 1400 2590 ad
1417 2547 1525 2590 eorum

519 2648 634 2711 venisse
657 2647 804 2711 convivia.
853 2650 925 2711 156.

565 2769 637 2830 143.
673 2766 833 2847 Ἀχιλλέα.
869 2765 949 2831 Sunt
979 2768 1033 2851 qui
1056 2766 1124 2830 ideo
1142 2772 1252 2851 putent
1266 2740 1404 2830 Photidis
1420 2786 1526 2850 preces

518 2886 763 2973 commemorari,
800 2885 882 2970 quod
918 2886 983 2949 sine
1018 2886 1055 2949 iis
1086 2884 1207 2971 Jupiter
1236 2883 1386 2948 Achillem
1414 2882 1527 2947 insulis

519 2984 674 3069 beatorum
706 3005 900 3083 exclusisset,
932 3012 1055 3090 propter
1086 3003 1249 3068 Hectorem
1279 3003 1471 3067 interfectum
1497 3010 1528 3065 et

518 3124 673 3188 crudelius
697 3132 876 3188 tractatum:
901 3124 998 3209 possis
1022 3124 1147 3202 addere,
1171 3145 1233 3187 non
1256 3122 1346 3187 modo
1363 3122 1527 3187 Hectorem

518 3244 612 3308 luisse
636 3266 739 3307 carum
761 3243 846 3321 Jovi,
871 3266 975 3307 verum
996 3252 1150 3328 praeterea
1166 3241 1301 3327 Cycnum
1317 3241 1411 3304 fuisse
1427 3240 1528 3305 filium

519 3363 673 3449 Neptuni,
705 3370 735 3427 et
763 3364 959 3427 Memnonem
986 3362 1167 3447 Aethiopem
1191 3362 1284 3425 fuisse
1307 3361 1404 3425 filium
1430 3362 1529 3424 Auro·

518 3504 585 3545 rae:
611 3504 682 3565 ergo
707 3481 859 3545 Achillem
883 3483 915 3546 in
938 3505 974 3546 ea
988 3482 1054 3546 loca
1070 3505 1134 3545 esse
1150 3488 1323 3565 receptum,
1341 3503 1526 3566 quamquam

519 3607 643 3685 propter
673 3600 778 3664 caedes
810 3600 878 3663 illas
906 3608 936 3665 et
958 3601 1046 3679 Jovi,
1071 3607 1102 3664 et
1124 3598 1288 3685 Neptuno,
1314 3607 1344 3662 et
1368 3601 1527 3677 Aurorae,

519 3718 551 3783 id
586 3727 632 3782 est
667 3719 765 3783 tribus
800 3720 883 3797 Diis,
920 3720 1134 3804 displicuisset.
1181 3718 1286 3804 Longe
1322 3726 1428 3783 contra
1462 3691 1533 3781 esse

520 3840 669 3902 existimo.
694 3837 825 3903 Hectore
841 3839 965 3924 quidem
981 3847 1101 3904 mortuo
1116 3838 1252 3903 vexando
1268 3839 1342 3923 ipsis
1356 3837 1422 3901 Diis
1438 3836 1526 3902 illum

522 3956 714 4043 displicuisse
739 3957 890 4022 Homerus
914 3958 1065 4043 prodidit:
1090 3965 1120 4022 et
1142 3965 1244 4022 tamen
1267 3957 1351 4022 illam
1368 3956 1530 4021 crudelia

522 4084 584 4141 tem
614 4075 676 4141 iron
709 4076 918 4141 crudelitatem
951 4078 1053 4162 potius
1085 4075 1294 4162 appellandam
1326 4075 1377 4139 Dii
1400 4082 1528 4161 putant,

524 4195 576 4260 sed
607 4195 706 4260 luctui
737 4197 825 4281 quasi
855 4197 1052 4261 immoderato
1084 4203 1207 4283 propter
1235 4196 1365 4260 amicum
1388 4202 1529 4280 suscepto

523 4313 733 4387 tribuendam:
757 4314 796 4377 Il.
821 4314 929 4378 XXIV
954 4318 1005 4380 33.
1047 4317 1147 4401 Atque
1167 4315 1263 4399 ipsius
1280 4315 1344 4399 ejus
1361 4313 1529 4377 vexationis

525 4431 607 4517 apud
630 4431 796 4497 Pindarum
819 4434 932 4498 mentio
957 4434 1039 4503 nulla
1064 4442 1118 4499 est.
1165 4432 1306 4497 Hectoris
1330 4440 1360 4496 et
1383 4430 1479 4516 Cycni
1499 4438 1529 4494 et

526 4551 698 4616 Memnonis
729 4552 834 4617 caedes
865 4553 897 4617 in
920 4553 1063 4618 laudibus
1088 4552 1216 4617 Achillis
1240 4559 1396 4636 ponuntur
1418 4572 1436 4613 a
1459 4548 1530 4612 Pin·
