3767 5534
987 704 1050 767 370
1111 740 1115 751 ·

476 938 478 940 >
516 903 609 989 Apud
633 853 871 982 Callimachirm‚
900 905 1013 990 Hymn.
1038 906 1069 968 in
1095 903 1225 967 Dianam
1249 924 1282 965 vs
1307 904 1347 964 50
1373 894 1523 986 Cyclopes

671 1025 788 1099 ἱττείνν
811 1026 961 1091 τετύκοντο
986 1024 1154 1089 Ποσειδάωνι
1179 1023 1341 1103 τοτίοτρνν.

515 1142 698 1227 Pausanias,
730 1144 766 1209 L.
791 1144 855 1208 VII
887 1144 921 1208 C.
955 1142 1034 1207 XXI
1066 1146 1084 1207 3
1109 1144 1142 1206 in
1165 1143 1203 1206 iis
1226 1140 1419 1217 nominibus,
1444 1162 1524 1223 quae

515 1260 662 1346 Neptuno
694 1264 874 1327 tribuuntur
901 1264 939 1327 ab
963 1262 1122 1340 omnibus,
1148 1262 1234 1347 ponit
1258 1284 1368 1326 nomen
1392 1263 1523 1336 Ἱππίου,

515 1388 547 1445 et
569 1405 586 1445 a
608 1382 761 1468 Pampho‚
786 1384 990 1447 vetustissimo
1014 1383 1195 1467 hymnorum
1220 1381 1302 1465 apud
1320 1380 1523 1443 Athenienses

516 1511 655 1577 auctore,
680 1502 768 1565 illum
792 1502 893 1566 Deum
917 1500 1103 1587 appellatum
1128 1524 1192 1587 esse
1215 1507 1361 1563 memorat

670 1618 764 1698 ίττων
786 1646 819 1684 τε
842 1622 953 1703 δωτῆρα
976 1627 1041 1685 νεῶν
1063 1623 1091 1685 τ’
1114 1620 1322 1701 ίίνκρνδέμνων,

513 1738 605 1822 Apud
637 1747 791 1817 nostrum,
825 1740 879 1824 Py.
910 1740 941 1803 X
957 1744 1025 1819 23,
1055 1740 1149 1804 Hiero
1170 1740 1274 1823 jungit
1298 1758 1391 1821 equos
1415 1735 1522 1799 currui

513 1856 670 1921 victoriam
694 1856 855 1921 habiturus

711 1977 900 2055 ὀρσοτρίαιναν
923 1976 1059 2057 εὐρυβίαν
1081 1976 1192 2040 καλέων
1215 1974 1283 2039 dede.

512 2092 670 2177 Equorum
708 2101 807 2158 autem
844 2096 966 2158 nomine
1001 2095 1177 2158 universnm
1211 2091 1387 2178 hujusmodi
1422 2113 1520 2174 genus

513 2211 677 2295 significari
700 2212 814 2289 videri,
839 2236 934 2297 quum
959 2213 1066 2276 fuisset
1091 2212 1217 2275 victoria
1240 2210 1350 2274 rhedae
1373 2207 1519 2285 mutaris,

514 2330 552 2393 ad
576 2328 626 2395 01.
650 2330 697 2393 IV
721 2333 762 2393 22
787 2331 1021 2417 disputavimus.

559 2452 610 2513 51.
645 2450 772 2528 εὔθυμον.
806 2450 901 2534 Jungi
924 2459 1026 2535 potest
1049 2472 1116 2513 cum
1141 2459 1250 2529 γῆρας,
1275 2446 1517 2523 ονωτελεντοίν,

511 2589 580 2632 cnm
602 2593 645 2633 σε.
691 2568 883 2633 Postremum
907 2592 1011 2636 verum
1036 2592 1100 2632 esse
1120 2568 1235 2653 judico.
1260 2566 1341 2644 Nec,
1366 2574 1518 2649 quantum

509 2686 588 2764 scio,
613 2710 749 2772 unquam
774 2687 925 2752 derebus
949 2688 1006 2752 hoc
1030 2688 1211 2773 adjectivum
1224 2687 1363 2772 ponitur,
1377 2684 1430 2748 sed
1442 2707 1519 2748 sem-

509 2805 623 2892 perde
646 2782 839 2884 hominibus,
863 2807 924 2870 nisi
946 2807 1073 2870 fortasse
1097 2806 1189 2869 semel
1212 2805 1294 2889 apud
1309 2802 1516 2896 Aeschylum,

422 2941 425 2948 '
509 2922 581 3008 Sup.
602 2925 669 3002 ,959

708 3041 827 3121 εὕίνροίν
850 3045 926 3107 ἐστιν
949 3043 1082 3113 εὐτύκους
1105 3044 1191 3106 ναίειν
1214 3041 1315 3118 δόμους

710 3167 825 3226 πολλῶν
846 3165 914 3239 μετ’
937 3160 1052 3225 ἑίλλων·

508 3279 562 3344 nbi
584 3301 693 3365 nempe
720 3280 838 3344 codices
869 3280 983 3343 habent
1006 3281 1153 3356 εὐθυμεῖν,
1179 3287 1210 3341 et
1233 3277 1284 3341 alii
1308 3276 1394 3340 aliter
1418 3277 1517 3360 conje-

508 3407 624 3462 cerunt.
672 3389 816 3463 Ceterum
842 3399 874 3461 in
897 3398 1148 3483 interpretatione
1171 3396 1282 3460 Latina
1305 3396 1362 3459 hoc
1386 3394 1516 3459 vocabu·

507 3516 572 3579 lum
595 3509 657 3580 non
681 3518 753 3581 satis
777 3518 853 3581 bene
877 3518 1025 3602 expressi,
1050 3515 1184 3580 scribens
1208 3515 1288 3580 bono
1312 3516 1429 3578 animo:
1455 3535 1515 3576 me·

507 3634 568 3698 lius
591 3636 691 3699 fuerat
712 3635 793 3700 laeto
818 3636 864 3699 vel
889 3636 979 3700 hilari
1003 3636 1112 3729 anime.

554 3756 605 3816 52.
642 3756 669 3825 ἐς
700 3754 850 3819 τελεντοίν.
887 3753 1026 3838 Heynius
1059 3753 1132 3817 haec
1156 3752 1314 3837 conjungit
1337 3773 1406 3813 cum
1429 3774 1513 3831 ταρι-

508 3871 668 3949 οταροένων.
715 3871 970 3956 Oonjnngendum
996 3894 1060 3935 esse
1083 3871 1203 3935 videtur
1227 3869 1423 3950 συνεφέρετο.
1452 3879 1514 3934 Πα-

507 3991 683 4069 ροοταμένων
725 4011 794 4053 cum
833 3996 898 4053 tota
937 3990 1088 4053 sententia
1118 3989 1315 4073 conjunctum
1347 3994 1408 4050 est:
1441 3986 1512 4050 filiis

507 4107 696 4172 adstantibus
720 4115 751 4172 et
773 4108 942 4172 senescenti
966 4114 996 4171 et
1019 4108 1084 4171 seni
1107 4115 1137 4171 et
1159 4106 1311 4171 morienti.

550 4232 601 4290 tt.
635 4229 756 4304 ὑγίεντα
778 4226 874 4304 ὄλβον.
903 4212 1020 4305 ”otta
1044 4226 1082 4291 de
1104 4226 1178 4310 ipsis
1198 4225 1312 4289 divitiis
1329 4224 1512 4309 quandoque

500 4345 632 4409 dicitnr:
668 4347 711 4410 sic
742 4347 806 4430 ipse
839 4346 889 4409 hic
920 4345 1006 4423 ὄλβος
1039 4345 1239 4430 explicaretur
1270 4366 1323 4429 per
1354 4343 1512 4427 sequentia

501 4463 643 4543 ἐξαρκέων
665 4465 836 4542 κτεοίτεοτν,
871 4486 926 4528 nee
950 4463 1368 4549 conjunctio.interponitur,
1393 4484 1454 4547 qua
1476 4484 1511 4524 ea
