3767 5534
909 724 973 783 443

435 951 526 1013 quam
557 951 629 1012 ergo
659 926 780 990 nullum
808 923 958 1008 ejusmodi
982 922 1155 1006 exemplum
1180 920 1338 993 novimus,
1362 914 1452 999 quale

436 1047 610 1133 postulatur
644 1068 663 1109 a
693 1043 843 1120 Krausio,
876 1053 978 1106 tamen
1011 1050 1092 1105 certe
1123 1040 1154 1104 irr
1186 1039 1300 1102 diserta
1330 1033 1452 1099 Pindari

436 1169 573 1233 oratione
596 1163 847 1251 acquiescendum
873 1169 928 1226 est.
953 1134 1062 1244 Neque
1085 1159 1255 1245 quidquam
1272 1157 1338 1241 ejus
1355 1152 1453 1217 oratio

436 1286 543 1363 habet,
574 1307 636 1369 quo
659 1281 777 1367 aliquid
800 1289 919 1366 praeter
941 1278 1195 1344 consuetudinem
1219 1276 1333 1340 factum
1358 1270 1450 1356 signi·

436 1406 526 1469 ficare
557 1401 712 1466 videatur:
737 1400 795 1465 hoc
822 1408 923 1464 tamen
947 1420 1072 1474 moneo,
1097 1416 1282 1481 quamquam
1307 1397 1452 1477 apparet,

437 1546 499 1588 non
522 1521 617 1585 luisse
641 1529 726 1585 extra
749 1541 863 1584 morem
888 1525 919 1583 et
942 1516 1214 1593 consuetudinem,
1238 1524 1274 1578 ut
1293 1518 1455 1577 certatores

439 1642 577 1705 victimas
609 1639 750 1703 afferrent
777 1646 808 1702 et
831 1636 990 1721 extispicia
1013 1634 1053 1699 ob
1076 1657 1126 1698 eos
1150 1635 1274 1709 fierent,
1299 1652 1360 1694 nou
1384 1626 1457 1692 inde

439 1758 608 1824 necessario
632 1756 795 1840 consequi,
819 1777 937 1841 semper
954 1754 1012 1817 hoc
1028 1753 1144 1817 factum
1160 1773 1225 1815 esse
1242 1748 1279 1814 ab
1297 1747 1454 1812 omuibus:

441 1877 543 1962 potnit
566 1897 631 1940 esse
654 1897 737 1952 mos,
763 1896 854 1957 quem
878 1873 934 1958 qui
958 1871 1049 1936 vellet
1072 1878 1266 1955 sequeretur:
1292 1866 1375 1952 quod
1392 1864 1458 1949 qni-

441 1995 510 2061 dem
541 1995 568 2060 si
598 1996 642 2059 ita
665 2002 729 2071 est,
754 1992 873 2057 facilius
897 1991 989 2055 etiam
1013 1990 1078 2053 lieri
1101 1988 1221 2074 potuit,
1247 1994 1283 2051 nt
1305 1986 1346 2049 sit
1369 1984 1458 2049 silen-

443 2114 520 2178 tium
544 2113 582 2177 de
605 2110 806 2177 certatoribus
829 2109 988 2194 extispicio
1012 2131 1030 2172 a
1052 2107 1216 2171 certamine
1232 2104 1394 2170 subeundo
1409 2101 1458 2165 de-

443 2232 567 2297 territis.

488 2353 542 2415 23.
577 2351 828 2433 στεφαναφορίαν.
853 2348 1000 2415 Sciebant
1016 2348 1139 2433 quidem
1156 2346 1263 2412 Graeci
1278 2346 1352 2409 etin
1367 2342 1459 2407 sacris
1557 2352 1563 2358 “

444 2469 590 2534 iaciendis
613 2467 715 2532 ornari
738 2468 875 2545 coronis,
901 2467 987 2532 velut
1010 2467 1093 2552 apud
1108 2466 1268 2530 Platonem
1286 2461 1458 2547 Cephalus,

445 2588 492 2653 De
514 2588 589 2673 Rep.
614 2586 651 2652 L.
677 2586 693 2650 Ι
717 2589 782 2651 378
806 2608 840 2664 c,
865 2595 896 2650 et
919 2586 952 2651 in
975 2586 1092 2671 epulis,
1111 2582 1369 2670 quemadmodum
1386 2581 1461 2645 Her·

445 2707 529 2771 cules
552 2705 635 2791 apud
658 2705 853 2791 Euripidem,
878 2704 945 2769 Alo.
972 2707 1054 2782 776,
1078 2712 1108 2768 et
1132 2703 1219 2788 quasi
1243 2703 1275 2767 in
1299 2701 1383 2766 omni
1402 2700 1462 2765 lae·

445 2825 522 2889 tiore
545 2825 686 2909 negotio:
712 2822 773 2888 rid.
790 2823 884 2909 Soph.
905 2822 983 2887 Oed.
1001 2823 1055 2908 Ty.
1074 2825 1134 2900 82,
1150 2821 1260 2886 Trach.
1280 2823 1318 2886 17
1324 2824 1355 2884 8.
1380 2820 1464 2902 Qua·

447 2948 572 3026 propter
599 2941 665 3005 fieri
689 2942 810 3026 potuit,
835 2950 871 3006 ut
893 2964 1017 3019 omnes,
1035 2942 1089 3026 qni
1105 2940 1303 3005 celebrandae
1319 2938 1464 3002 victoriae

446 3058 645 3136 interessent,
675 3059 811 3123 coronati
835 3068 953 3124 essent:
979 3068 1186 3123 verumtamen
1211 3080 1290 3142 qnae
1314 3057 1463 3121 hocloco

447 3176 561 3241 dicitnr
592 3178 832 3257 uerrucula,
864 3199 926 3242 non
958 3176 996 3240 ad
1020 3177 1111 3241 aliam
1134 3177 1194 3240 nisi
1217 3176 1315 3261 ipsius
1340 3174 1463 3239 victoris

447 3316 591 3376 coronam
623 3295 773 3378 pertinere
800 3295 877 3359 mihi
901 3294 1031 3359 videtur.
1079 3293 1269 3359 Memoratur
1292 3294 1382 3357 etiam
1408 3292 1465 3357 hoo

448 3411 632 3475 vocabulum
653 3412 686 3475 in
710 3412 865 3477 vocabulis
889 3413 1086 3485 victoriarum
1109 3412 1239 3497 propriis
1262 3410 1380 3476 alulio
1396 3409 1467 3475 Pol-

449 3531 537 3612 luce,
562 3528 599 3594 L.
624 3529 678 3594 ΙΠ
699 3529 735 3595 0.
760 3530 852 3595 XXX
878 3534 907 3597 7.

497 3650 547 3713 16.
577 3647 685 3715 ’Ἄλλοι
711 3649 736 3713 δ’
766 3649 814 3714 ἐπ’
836 3648 938 3716 ἄλλον.
984 3650 1054 3715 Jam
1078 3650 1260 3735 significavit
1282 3651 1377 3716 Poeta
1400 3653 1467 3717 uni·

449 3788 534 3831 verse
556 3765 706 3831 victorum
729 3767 874 3853 gloriam:
899 3768 1080 3853 priusquam
1102 3792 1172 3835 vero
1188 3768 1225 3833 ad
1244 3770 1466 3834 Alcimedontis

451 3885 608 3949 victoriam
641 3886 870 3972 progrediatur,
901 3887 1070 3974 interponit
1100 3888 1282 3953 sententiam
1314 3888 1353 3952 de
1376 3889 1467 3953 variis

451 4002 608 4068 felicitatis
639 4004 712 4068 viis:
746 4004 829 4088 quod
863 4005 987 4090 quidem
1018 4005 1115 4071 facere
1146 4005 1268 4070 videtur
1290 4006 1468 4072 consolandi

452 4142 562 4197 causa,
597 4142 694 4204 quum
724 4122 834 4215 domus
866 4123 1089 4187 Alcimedontis
1121 4123 1208 4188 clade
1238 4124 1348 4189 afflicta
1378 4134 1467 4190 esset.

452 4239 552 4323 Erigit
575 4260 655 4325 ergo
679 4242 745 4325 ejus
768 4250 916 4319 mentem,
938 4262 1151 4320 commonens,
1176 4265 1237 4307 non
1262 4244 1364 4307 omnia
1389 4244 1468 4309 bona

452 4358 629 4443 contingere
651 4359 811 4437 omnibus,
835 4359 888 4424 sed
912 4361 1081 4425 multifaria
1104 4370 1206 4425 tamen
1230 4384 1249 4424 a
1271 4362 1338 4425 Diis
1363 4385 1467 4447 prove·

451 4476 517 4540 nire
546 4476 677 4560 gaudia,
709 4478 897 4562 praeclarum
928 4500 998 4543 vero
1028 4479 1204 4563 Olympicae
1228 4479 1371 4544 victoriae
1393 4503 1466 4566 gan·
