3767 5534
912 729 975 793 457

487 934 539 999 77.
574 932 608 996 τδ
638 930 816 1008 διδάξασθαι.
852 930 1040 995 scholiastae
1073 935 1187 995 veteres
1219 944 1250 993 et
1283 930 1335 994 alii
1361 929 1451 993 inter·

441 1058 539 1135 pretes
562 1058 757 1114 memoratam
783 1072 816 1112 vs
842 1051 883 1114 74
907 1047 1092 1113 Nemeaeam
1115 1048 1146 1112 in
1172 1047 1275 1133 pueris
1293 1047 1450 1111 victoriam

440 1176 470 1233 et
493 1171 535 1234 76
560 1168 646 1233 virile
668 1168 860 1254 pancratium
883 1167 922 1233 ad
946 1167 1103 1232 Melesiam
1119 1168 1222 1252 ipsum
1239 1168 1282 1230 ita
1297 1167 1450 1244 referunt,

438 1294 474 1351 ut
501 1286 612 1350 harum
643 1294 807 1371 utramque
830 1286 989 1350 victoriam
1013 1285 1059 1349 illi
1084 1285 1231 1369 obtigisse
1256 1284 1449 1349 existiment:

437 1405 551 1470 idcireo
581 1404 669 1468 illum
701 1414 860 1490 expertum
891 1405 1043 1489 optimum
1067 1427 1132 1468 esse
1155 1404 1354 1488 magistrum:
1379 1426 1449 1469 nam

437 1522 607 1600 διδάξασθαι
630 1522 808 1613 significare
831 1522 864 1587 id
888 1522 971 1607 quod
995 1521 1119 1599 διδάξαι.
1167 1521 1248 1587 Sunt
1270 1524 1335 1609 ejus
1359 1522 1451 1609 signi-

435 1642 587 1706 ficationis
617 1649 686 1705 tum'
713 1640 773 1705 alia
790 1641 951 1726 exempla,
976 1648 1044 1704 tum
1067 1639 1194 1705 Lucian.
1220 1640 1284 1705 Vit.
1310 1642 1402 1705 Auct.
1428 1643 1447 1704 3

435 1762 466 1827 τί
495 1785 535 1838 με
565 1757 705 1837 >eligam
736 1757 887 1837 διδάξομαι
918 1760 972 1836 μὲν
996 1760 1084 1825 οὐδέν.
1119 1757 1211 1823 Gron.
1240 1761 1278 1822 12
1302 1761 1360 1837 ἐγὼ
1384 1756 1449 1834 ἧδ’

434 1879 464 1953 ὃς
487 1877 640 1956 διδάξομαι
663 1900 711 1942 σε·
735 1871 817 1942 ιιοῖτα
833 1876 995 1956 ἀρξάμενος
1013 1878 1167 1944 ἔδιδασκεν.
1192 1879 1290 1963 Saepe
1307 1901 1376 1943 vero
1393 1879 1451 1963 sig·

432 1997 537 2061 nificat
560 1995 694 2079 aliquem
718 1995 919 2061 erudiendum
943 2018 1067 2060 curare:
1085 1996 1243 2082 Aristoph.
1261 1995 1346 2062 Nub.
1364 1999 1446 2061 1338

613 2112 789 2192 ἐδιδαξάμην
811 2114 908 2192 μέντοι
932 2140 966 2179 σε
989 2117 1021 2182 νδ
1045 2114 1092 2181 Δί’
1115 2113 1136 2180 ὦ
1158 2114 1244 2193 μέλε’

612 2240 700 2298 τοῖσιν
723 2232 839 2305 δικαίοις
861 2233 1037 2311 ἀντιλέγειν.

433 2348 577 2435 Xenoph.
602 2350 695 2415 Mem.
719 2351 756 2416 L.
780 2350 828 2415 IV
851 2352 886 2417 G.
911 2352 958 2416 IV
983 2356 1001 2416 5
1026 2353 1136 2418 σκυτέα
1159 2350 1330 2428 διδάξασθαί
1343 2354 1444 2429 τιναῆ

434 2468 565 2535 τέκτονα.
590 2508 634 2518 -
657 2470 745 2541 αὐτὸς
768 2472 871 2547 μαθεῖν
893 2471 927 2536 τδ
950 2473 1055 2536 δίκαιον
1078 2472 1094 2548 ἢ
1118 2472 1176 2536 υἱὸν
1200 2472 1216 2547 ἢ
1240 2471 1348 2546 οἰκέτην
1370 2471 1447 2536 διδά-

436 2584 551 2663 ξασθαι.
576 2586 623 2653 Of.
647 2586 777 2652 Lucian.
802 2587 839 2652 de
863 2588 1032 2653 saltatione
1056 2591 1109 2653 25.
1132 2588 1246 2653 Tamen
1271 2589 1362 2653 etiam
1387 2590 1446 2674 sig·

434 2703 539 2768 nificat
561 2704 691 2769 discere:
716 2706 810 2791 Soph.
835 2709 910 2771 Ant.
935 2709 1018 2772 356:
1044 2706 1146 2771 Homo
1177 2734 1183 2750 ι
1219 2760 1220 2763 .

704 2822 754 2888 καὶ
776 2824 904 2907 φθέγμα
926 2826 975 2888 καὶ
1000 2825 1117 2903 ἦυεμὸεν

705 2942 844 3022 Φρόννμα
866 2942 916 3007 καὶ
940 2943 1121 3021 ἀστυνόμους

700 3060 791 3138 ὄργας
813 3058 982 3137 ἐδιδάξατο,
1005 3061 1055 3155 οιαὶ

699 3175 850 3242 δυσαύλων
872 3177 978 3255 τοίνυν
1001 3178 1094 3259 allero

700 3293 751 3358 οιαὶ
773 3293 926 3376 δύσομβρα
948 3297 1072 3378 Φεύνειν
1095 3297 1180 3374 βέλη.

433 3406 540 3495 cusp.
565 3390 636 3473 eei.
664 3412 748 3473 rere
1086 3404 1091 3411 ·

604 3530 635 3592 οὐ
657 3534 706 3594 νῦν
729 3528 921 3606 διδαξόμεσθα
945 3533 1011 3603 τοὺς
1034 3531 1140 3613 Φίλους
1164 3541 1272 3614 Φιλεῖν.

432 3646 536 3729 Atque
570 3646 645 3711 haec
679 3647 772 3734 hujus
803 3649 862 3713 loci
895 3651 1079 3735 significatio
1110 3652 1185 3716 mihi
1218 3675 1282 3716 esse
1314 3653 1443 3719 videtur.

432 3762 517 3825 Duas
547 3786 618 3848 ergo
643 3765 738 3829 Poeta
760 3789 867 3831 causas
892 3769 995 3846 affert,
1022 3792 1114 3855 quare
1137 3770 1330 3835 Timostheni
1355 3774 1447 3857 majo·

430 3901 495 3943 rem
524 3881 610 3946 illam
633 3883 761 3968 gloriam
785 3886 849 3949 fore
873 3896 992 3972 speret:
1018 3888 1163 3967 alteram,
1189 3890 1345 3975 quiajam
1369 3892 1446 3975 peri·

431 3996 505 4061 tiam
536 4001 711 4065 ostenderat
739 4025 835 4087 eoque
867 4004 988 4069 facilius
1019 4006 1109 4090 plura
1132 4007 1248 4072 discere
1271 4015 1391 4093 poterat
1414 4018 1444 4073 et

431 4114 470 4178 ad
500 4117 614 4201 majora
644 4121 817 4203 pervenire,
848 4125 997 4187 77-80:
1019 4123 1165 4203 alteram,
1190 4126 1263 4208 quia
1286 4127 1446 4211 sapientis·

433 4234 510 4298 simo
533 4235 678 4300 utebatur
701 4239 864 4323 magistro,
890 4243 1031 4305 81-85.

481 4354 533 4415 48.
568 4351 714 4430 ἄγνωμον.
750 4354 840 4421 Certe
874 4360 996 4444 proprie
1030 4360 1067 4424 de
1104 4360 1278 4426 hominibus
1313 4364 1442 4429 dicitur:

437 4467 531 4554 Soph.
564 4470 672 4537 Traoh.
705 4475 769 4538 473
801 4478 866 4541 ε’ντεί
883 4503 917 4543 σε
939 4478 1075 4555 μανθάνοι
1096 4483 1146 4545 οὐκ
1168 4482 1335 4560 ἀγνώμονα.
1382 4482 1443 4547 Hic
