3767 5534
926 739 967 798 ta

433 940 588 1004 carmine:
621 939 878 1017 „adolescentiam
907 939 996 1022 juvat
1027 938 1155 1002 audacia
1187 934 1335 1001 bellorum
1369 936 1454 999 vehe·

432 1058 606 1122 mentium:
639 1059 721 1123 unde
753 1058 822 1122 dico
844 1064 876 1121 te
899 1079 1023 1141 quoquo
1048 1056 1198 1121 infinitam
1222 1056 1349 1140 gloriam
1374 1056 1455 1121 inve·

432 1176 537 1253 nisse,
570 1184 601 1239 et
629 1177 662 1240 in
695 1176 851 1261 equitibus
884 1182 1072 1261 pugnantem
1103 1185 1134 1239 et
1165 1175 1196 1239 in
1229 1172 1415 1260 peditibus.’'
1430 1173 1454 1255 ¹)

432 1293 590 1358 Vicerunt
611 1294 718 1359 eodem
741 1303 878 1379 tempore
900 1294 979 1358 Gelo
1002 1305 1032 1358 et
1057 1292 1151 1357 Hiero
1168 1292 1450 1377 Carthaginienses,

339 1421 346 1432 '
434 1435 502 1496 qno
525 1414 729 1478 Athenienses
753 1413 792 1477 ad
815 1412 1000 1477 Salaminem
1024 1412 1141 1476 Persas.
1167 1410 1336 1495 Conjunxit
1352 1418 1454 1474 autem

434 1554 489 1596 aas
512 1530 620 1596 laudes
643 1531 812 1596 Pindarus:
849 1530 1054 1615 „Syracusius
1077 1553 1130 1595 rex
1142 1531 1302 1621 juventam
1318 1529 1455 1592 hostium

435 1673 452 1714 e
477 1650 628 1715 celeribus
651 1651 781 1715 navibus
801 1651 834 1714 in
850 1673 932 1714 mare
948 1649 1098 1733 conjecit,
1117 1648 1277 1713 Helladem
1293 1645 1455 1711 extrahens

434 1790 452 1831 e
486 1768 573 1851 gravi
603 1767 758 1832 servitute.
806 1767 914 1832 Peram
941 1766 980 1831 de
1002 1767 1155 1834 Salamine
1179 1773 1304 1852 propter
1327 1765 1455 1829 Atheni·

434 1909 526 1951 enses
548 1886 736 1965 mercedem,
760 1885 948 1971 Spartaeque
964 1886 1096 1951 laudabo
1113 1886 1263 1971 proelium
1278 1884 1318 1948 ad
1334 1883 1455 1948 Cithae-

434 2027 562 2083 ronem,
588 2004 701 2088 quihus
724 2003 848 2090 proeliis
871 2002 957 2068 Medi
981 2005 1100 2070 arciferi
1122 2002 1243 2088 fatigati
1262 2010 1353 2080 sunt,
1371 2002 1455 2067 etad

433 2146 598 2196 amoenam
619 2123 716 2209 ripam
733 2123 876 2188 Himerae
891 2124 963 2189 filiis
979 2124 1160 2190 Dinomenis
1179 2124 1326 2208 hymnum
1343 2124 1455 2208 persol-

433 2265 526 2319 vam,
550 2265 643 2326 quem
666 2250 790 2327 propter
811 2243 957 2309 virtutem
977 2251 1177 2328 acceperunt,
1204 2242 1342 2307 hostibus
1359 2242 1454 2306 domi-

435 2361 550 2446 tis.”2)
595 2361 736 2446 Pugnam
768 2360 906 2427 laudavit
937 2363 977 2428 ad
1001 2364 1203 2428 Artemisium
1226 2362 1355 2426 factam:
1380 2361 1458 2439 „ubi

436 2481 498 2545 filii
529 2480 765 2545 Atheniensium
794 2482 935 2568 jecerunt
966 2482 1087 2547 illustre
1110 2481 1346 2546 fundamentum
1370 2480 1458 2545 liber·

439 2598 584 2683 tatis.”³)

487 2716 625 2782 Omnino
648 2720 801 2788 cernimus
825 2719 993 2784 Pindarum
1018 2719 1163 2785 Graeciae
1186 2720 1327 2785 libertate
1350 2728 1381 2784 et
1400 2719 1459 2783 lor·

438 2836 580 2901 titudine
603 2834 789 2904 delectatum
811 2839 916 2904 fnisse.
953 2838 993 2903 m
1013 2838 1073 2903 fuit
1088 2840 1223 2925 prolecto
1239 2839 1271 2903 in
1287 2839 1342 2903 illo
1358 2839 1456 2916 bello,

440 2954 528 3040 quod
551 2954 696 3026 adversus
718 2956 826 3021 Persas
850 2957 961 3022 Graeci
984 2966 1162 3043 gesserunt,
1191 2958 1343 3023 sententia
1367 2958 1458 3023 Grae·

440 3095 549 3138 corum
581 3074 747 3161 ejusmodi,
781 3098 859 3159 quae
890 3100 961 3141 cum
984 3078 1149 3142 certamine
1172 3077 1316 3163 Olympio
1340 3099 1458 3164 eompa-

440 3193 540 3257 randa
562 3203 658 3260 esset:
683 3216 783 3278 neque
807 3196 888 3259 enim
911 3196 1075 3261 Persarum
1099 3196 1246 3260 ditionem
1271 3198 1319 3261 vel
1335 3193 1456 3262 dititias

442 3313 700 3398 concupiverant,
739 3312 793 3377 sed
832 3323 961 3379 conatus
992 3317 1098 3380 eorum
1129 3316 1276 3401 superbos
1306 3316 1457 3401 indignati

442 3438 534 3499 aunt:
558 3431 680 3517 fuitque
703 3455 765 3496 non
789 3433 827 3497 de
850 3435 981 3518 pecunia
1004 3436 1042 3499 iis
1064 3435 1117 3500 sed
1133 3436 1171 3500 de
1186 3436 1278 3500 laude
1293 3443 1455 3502 certamen.

443 3550 607 3614 Victorum
637 3558 740 3616 autem
772 3553 921 3636 praemia,
955 3554 1007 3637 qui
1037 3553 1220 3619 Marathone
1243 3554 1350 3619 Persas
1373 3556 1458 3641 suga·

444 3677 535 3746 runt,
560 3692 662 3734 nonne
685 3678 716 3734 et
738 3672 923 3754 praestantia
940 3681 971 3736 et
986 3673 1183 3758 simplicitate
1199 3696 1268 3738 cum
1286 3674 1339 3738 illa
1355 3673 1458 3760 Olym-

445 3790 497 3875 pia
524 3788 621 3853 olivae
653 3811 764 3853 corona
795 3790 979 3855 conferenda
1011 3792 1103 3857 sunt?
1150 3792 1290 3857 Mortuos
1324 3816 1359 3858 eo
1390 3795 1457 3879 ipso

445 3905 529 3985 loco,
562 3930 624 3992 quo
655 3909 846 3987 ceciderant,
870 3909 1058 3989 humarunt,
1083 3911 1165 3976 huuc
1190 3912 1340 3997 insignem
1363 3912 1457 3977 hono·

444 4048 507 4089 rem
538 4025 576 4089 iis
607 4027 767 4091 convenire
794 4027 988 4113 judicantes:
1021 4029 1172 4094 Miltiadis
1200 4053 1270 4095 vero
1294 4031 1456 4116 imaginem

445 4141 573 4226 primam
596 4144 629 4207 in
649 4144 756 4229 proelii
772 4144 976 4230 descriptione
992 4157 1172 4230 posueruut.
1209 4148 1412 4226 Plutarchus,
1431 4150 1458 4214 si

478 4464 502 4523 l)
524 4464 560 4512 Vr.
579 4461 634 4513 117.
736 4464 760 4525 2)
777 4466 818 4530 Py.
835 4467 857 4513 I.
876 4465 932 4514 142.

481 4558 507 4620 8)
525 4559 617 4625 Frapm.
635 4560 714 4626 Hayu.
732 4560 780 4610 luo.
799 4560 853 4625 XL,
870 4561 976 4612 Boeckh.
996 4565 1045 4613 luo.
1063 4565 1104 4620 93,
