3767 5534
922 748 982 808 123

624 952 672 1017 Οθ
692 951 757 1035 δίκα
779 951 1003 1029 συναντόμενος,
1027 950 1082 1013 αλ-

669 1069 711 1135 λθν
732 1069 854 1151 μα’ρνων
877 1070 925 1135 ὑπ’
947 1068 1065 1148 ἀνδρῶν,

623 1189 668 1254 Τὸ
688 1197 865 1267 λαλαγῆσαι
887 1187 975 1254 θέλων

628 1307 742 1391 Κρθφνν
763 1333 798 1373 τε
819 1306 903 1385 θέμεν
925 1310 1016 1373 ἐσλῶν
1037 1314 1138 1378 καλοῖς

620 1427 747 1508 Ἔργοις.
766 1426 829 1492 ἐπεὶ
850 1428 976 1509 ψθαμυς
996 1426 1112 1507 αριθμὸν
1130 1424 1352 1506 περιπέφευγεν,

572 1592 574 1595 -
623 1546 748 1620 Ἐκεῖνος
771 1546 827 1612 ὅσα
847 1544 985 1627 χάρματ’
1007 1543 1062 1609 θυλ-

668 1681 727 1738 λας
750 1666 860 1743 ἔθηκεν,
882 1666 927 1739 τίς
950 1664 986 1732 ἂν
1007 1638 1121 1749 φθάσαν
1144 1663 1274 1739 δύναντο,
1390 1661 1450 1723 180

473 1895 533 1948 175.
558 1895 603 1948 ὑπ’.
629 1896 769 1946 Kereteuiue
785 1895 810 1946 iu
827 1897 895 1960 Spec.
913 1894 984 1945 Piud.
1002 1894 1104 1960 conjecit
1120 1892 1168 1945 ἀπ’.

473 1992 534 2044 176.
551 1997 586 2044 τὸ.
605 1993 716 2042 Peuwiuc
725 1992 829 2056 conjecit
836 2013 872 2052 er,
883 1991 967 2043 Bothii
976 1991 1139 2056 conjecturem
1148 1995 1299 2042 rememorat
1311 1990 1450 2039 Bocckhiue.

473 2087 533 2139 176.
559 2092 633 2139 θέλων.
667 2088 801 2138 Boeckhius
818 2089 848 2138 de
864 2089 1001 2154 conjectura
1018 2092 1103 2140 ἐθέλων.

474 2184 533 2238 177.
562 2187 650 2254 κρύφω.
683 2185 867 2236 commendavit
883 2184 1038 2240 Aristarchus
1053 2201 1097 2250 pro
1116 2189 1211 2254 κρυφίων.
1245 2185 1272 2233 ln
1291 2184 1341 2233 Pal.
1359 2185 1378 2231 A
1397 2182 1451 2232 etC

438 2284 478 2330 eet
496 2286 599 2351 κρνφέω,
622 2282 646 2330 iu
667 2282 750 2331 iisdem
774 2285 835 2333 ἐσλλν
857 2298 900 2347 pro
918 2285 998 2342 ἐσλῶν,
1016 2285 1040 2331 et
1057 2298 1100 2347 pro
1118 2285 1205 2341 καλοῖς,
1223 2258 1250 2330 ut
1268 2281 1338 2330 etiem
1355 2281 1379 2329 iu
1397 2280 1452 2329 reli·

438 2393 545 2442 quorum
570 2377 703 2443 plerisque,
727 2386 809 2437 κακοῖς.
843 2378 914 2443 Quod
935 2378 1072 2444 hujusmodi
1089 2378 1311 2443 interpretationem
1328 2376 1453 2426 admittere

438 2472 538 2538 potuit,
563 2473 683 2523 occultum
705 2473 803 2523 reddere
827 2474 918 2523 bonum
941 2474 1020 2523 virum
1042 2473 1111 2524 mulis
1134 2472 1280 2523 actionibus:
1302 2473 1382 2537 itaque
1405 2471 1451 2535 legi

437 2569 521 2619 voluit
537 2568 662 2629 Pcuwiue,
680 2570 721 2619 sed
737 2574 824 2631 ἐσθλὸν,
841 2571 913 2635 idque
930 2570 1013 2620 referri
1031 2571 1060 2620 ed
1078 2572 1143 2623 αἶνον.

474 2664 533 2718 177.
559 2686 593 2717 τι.
629 2666 737 2731 Heyuiue
761 2666 815 2731 ejici
832 2667 918 2716 meluit
934 2671 960 2716 et
976 2683 1021 2732 pro
1039 2671 1106 2734 θέμεν
1122 2666 1169 2731 legi
1186 2670 1277 2733 τιθέμεν
1293 2670 1335 2716 aut
1353 2671 1452 2732 θέμεναι.

438 2762 514 2811 Prius
530 2761 623 2826 recepit
640 2763 793 2821 Kereteuiue‚
810 2765 880 2828 Spec.
895 2763 965 2814 Piud.

472 2855 532 2908 177.
559 2860 633 2908 ἐσλῶν.
664 2858 786 2923 Scriptum
810 2858 882 2908 etiem
904 2864 941 2909 eet
964 2863 1044 2911 ἐσθλῶν
1068 2864 1092 2909 et
1114 2864 1195 2912 ἐσθλὸν.
1228 2862 1265 2911 De
1288 2861 1364 2909 forma
1380 2858 1451 2923 hujus

437 2953 554 3004 vocabuli
571 2954 678 3018 ‹lieputct
694 2955 830 3004 Boeckhius
847 2946 933 3005 mul.
951 2957 972 3007 I.
991 2958 1047 3007 160.
1528 3015 1530 3019 y

472 3048 533 3102 177.
559 3052 641 3108 καλαῖς.
666 3050 764 3115 Recepit
780 3050 915 3100 Boeckhius
932 3068 981 3102 uou
1002 3053 1052 3101 eine
1073 3053 1189 3102 librorum
1206 3052 1356 3102 eiictoritute.
1388 3052 1452 3115 Hey·

434 3146 496 3195 nius
518 3146 647 3195 secuudum
670 3147 751 3211 plures
773 3141 846 3197 libros'
863 3157 947 3208 κανοῖς.
984 3148 1111 3213 Utriusque
1129 3150 1259 3214 scripturae
1277 3148 1375 3213 vestigia
1394 3153 1450 3197 sunt

431 3244 458 3293 in
478 3241 588 3292 echome
714 3221 716 3224 ’

470 3336 529 3388 178.
557 3343 657 3405 ψάμμος.
684 3340 792 3389 Pcuwiue
809 3357 853 3404 pro
871 3346 978 3406 ψάμμους
990 3340 1079 3390 dictum
1093 3340 1155 3398 vult,
1170 3345 1212 3389 cut
1223 3341 1349 3403 legendum
1362 3346 1451 3407 ψάμμω

430 3451 495 3486 casu
512 3434 635 3499 genitivo,
652 3440 677 3486 et
693 3436 857 3501 conjungenda
875 3438 932 3486 haec
950 3454 1003 3486 cum
1021 3444 1137 3507 χάρματα
1155 3446 1320 3506 περιπέφευνεν.

472 3529 532 3583 179.
558 3538 644 3591 ἐκεῖνος.
678 3534 757 3582 Etiam
776 3542 844 3591 κεῖνος
861 3537 885 3582 et
906 3541 1017 3595 κάκεῖνος,
1033 3535 1088 3583 Ald.
1106 3542 1209 3598 νᾴκεῑννς.

473 3628 532 3677 180.
558 3633 641 3687 ἔθηκεν.
675 3630 727 3679 Pal.
744 3630 764 3679 C
782 3636 857 3689 ἔθηκε,
876 3637 903 3679 ut
919 3632 991 3681 etiem
1008 3632 1080 3681 modo
1097 3640 1257 3701 περιπέφευγε.
