3767 5534
974 715 1038 775 364
1091 779 1099 787 ,

503 919 597 994 κολλᾷ
627 912 670 974 ita
698 913 842 997 explicet,
875 912 916 979 ὅτι
948 916 1143 996 τρισχώιιυσι
1174 918 1223 981 καὶ
1255 918 1419 996 τριστξθησί
1446 940 1513 981 τινα

503 1041 540 1111 τῇ
570 1031 653 1095 πόλει
682 1040 748 1108 γῆν.
793 1035 826 1096 ‘T
828 1033 914 1108 σμίαι
945 1035 1048 1109 arabia
1079 1035 1117 1099 Il.
1151 1036 1234 1100 XIII
1265 1039 1329 1099 314
1362 1046 1393 1099 et
1421 1035 1512 1115 μάχα

503 1150 611 1215 arabia
633 1150 730 1215 Thac.
754 1151 801 1215 IV
825 1155 866 1215 38
891 1153 1004 1218 dicitur
1028 1178 1132 1240 pugna
1155 1178 1232 1241 quae
1256 1157 1395 1221 eominus
1418 1155 1454 1218 fit
1478 1159 1509 1218 et

504 1270 629 1333 stataria
660 1278 719 1334 est:
750 1270 803 1334 sed
827 1274 957 1337 maxime
980 1276 1123 1339 convenit
1145 1275 1243 1339 forma
1265 1275 1404 1346 σταδαῖος
1428 1273 1513 1360 apud

499 1387 663 1452 Timaeum
693 1388 824 1454 Locrum
856 1414 886 1479 p.
912 1394 953 1455 98
978 1392 1019 1456 C:
1045 1396 1076 1458 ἐκ
1100 1399 1139 1457 τῶ
1162 1394 1332 1474 τετραγώιω
1356 1394 1513 1471 γεννᾶσθαι

506 1507 553 1571 τὸν
580 1507 681 1586 κύβια,
708 1509 886 1588 ἓδραιότατοι
909 1512 958 1575 καὶ
982 1503 1120 1576 σταδιαῖαι
1143 1513 1239 1587 adara
1263 1518 1359 1590 σῶμα.
1408 1513 1513 1595 Atque

501 1626 580 1719 ¹haec
604 1627 641 1691 de
666 1628 805 1713 singulis.
845 1629 1009 1710 Quomodo
1034 1640 1136 1697 autem
1160 1633 1306 1717 Hipparis
1329 1640 1443 1718 pangat
1467 1654 1514 1695 ae-

506 1746 606 1811 dificia
629 1757 659 1812 et
682 1749 798 1834 populo
821 1750 950 1815 salutem
967 1751 1127 1835 lucemque
1143 1752 1250 1829 donet,
1267 1759 1372 1815 nostra
1388 1750 1512 1834 quidem

504 1866 623 1944 brevis,
658 1876 706 1950 et,
735 1875 771 1931 ut
801 1868 1002 1948 arbitramur,
1034 1894 1105 1935 vera
1135 1871 1296 1956 explicatio
1328 1876 1382 1935 est.
1430 1868 1511 1933 Nem

506 1968 670 2051 materiem
686 1987 777 2051 undis
799 1989 934 2052 fluminis
959 1989 1114 2055 advectam
1139 1991 1232 2054 fuisse
1252 2013 1307 2054 neo
1324 1988 1439 2077 affirmo
1456 2010 1513 2052 nec
1573 2039 1577 2046 .

508 2128 602 2190 nego:
634 2107 697 2171 fieri
729 2108 820 2171 ctiam
844 2116 959 2192 potest,
984 2117 1020 2173 ut
1043 2110 1140 2174 amnis
1163 2109 1215 2174 ille
1239 2111 1375 2195 piscosus
1399 2108 1512 2172 fuerit:

507 2225 590 2309 quod
622 2226 746 2312 quidem
773 2227 938 2291 scholiasta
961 2214 1111 2293 recentior
1134 2236 1358 2293 commemorat.
1394 2225 1513 2291 Verum

507 2366 567 2407 non
603 2344 647 2408 ita
681 2345 718 2409 de
743 2347 901 2430 ,undarum
932 2347 1046 2412 auxilio
1077 2348 1171 2412 Poeta
1202 2348 1372 2433 praedicat:
1405 2346 1515 2410 laudat

506 2462 649 2528 Fluvium
680 2466 760 2529 siout
790 2466 907 2544 Deum,
940 2466 994 2552 qui
1022 2467 1120 2531 undas
1152 2490 1220 2532 suas
1252 2467 1394 2551 rivosque
1425 2487 1515 2530 vene·

507 2582 617 2646 randos
649 2583 746 2647 mittit
779 2585 879 2668 genti,
916 2586 1031 2671 quique
1065 2585 1169 2650 divino
1205 2585 1355 2672 praesidio
1390 2606 1448 2649 suo
1480 2606 1516 2648 ac
1623 2591 1630 2600 '

441 2781 443 2783 v
507 2701 644 2785 potentia
675 2701 779 2765 divina
809 2701 956 2767 dilectum
987 2703 1045 2768 sibi
1076 2704 1193 2789 adjuvit
1223 2703 1373 2789 populum
1400 2697 1514 2767 civium

507 2827 538 2884 et
560 2819 699 2905 provexit
721 2820 758 2883 ad
782 2821 1034 2886 incolumitatem.

553 2942 605 3003 34.
639 2943 721 3021 ἄμφ’
743 2943 883 3019 ιξρεταῑσι.
921 2941 1178 3028 Conjungendum
1202 2949 1247 3005 est
1267 2963 1336 3005 cum
1352 2938 1513 3021 μάρναται.

507 3058 609 3123 Labor
641 3067 836 3145 sumtusque3
861 3059 916 3125 ubi
939 3060 977 3124 de
1000 3061 1091 3125 laude
1115 3067 1248 3138 certant,
1274 3059 1402 3137 habent,
1430 3058 1515 3143 quod

430 3207 432 3215 2
508 3186 684 3263 expugnent
708 3186 738 3243 et
750 3203 890 3264 superare
906 3179 1054 3258 debeant,
1072 3203 1149 3265 opus
1167 3178 1301 3264 periculo
1318 3178 1524 3250 obvolutum

507 3296 618 3381 quodsi
641 3319 711 3360 vero
735 3298 851 3362 felicem
869 3318 1044 3362 successum
1060 3298 1141 3362 nacti
1157 3303 1244 3375 sunt,
1263 3296 1407 3360 laudatur
1422 3296 1516 3359 etiam

508 3438 526 3478 a
548 3416 666 3480 civibus
690 3438 795 3480 eorum
819 3417 977 3501 sapientia.
1014 3415 1159 3501 Spectant
1176 3416 1250 3479 haec
1266 3415 1303 3478 ad
1320 3414 1515 3479 Psaumidem

508 3535 634 3619 ejusque
664 3535 830 3599 victoriam.
878 3536 924 3598 De
956 3534 1133 3599 difficultate
1162 3542 1192 3598 et
1215 3533 1318 3598 labore
1341 3533 1515 3597 certaminis

508 3651 662 3738 Olympici
685 3654 858 3737 frequenter
880 3654 1032 3718 Pindarus
1056 3661 1296 3718 commemorata
1309 3653 1359 3717 01.
1383 3652 1430 3716 VI
1456 3655 1514 3729 14,

488 3771 562 3854 lubi
593 3794 716 3857 prorsus
746 3774 885 3838 similiter
915 3774 1078 3851 difficultas
1110 3763 1272 3859 peragendi
1302 3780 1332 3835 et
1355 3772 1422 3835 laus
1446 3793 1516 3855 per·

507 3893 567 3956 acti
590 3893 762 3956 certaminis
785 3893 865 3957 inter
888 3917 920 3958 se
943 3902 1167 3979 comparantur.
1192 3892 1238 3956 Of.
1262 3890 1313 3955 Ol.
1338 3864 1446 3967 Χ26,ι
1459 3892 1514 3955 27.

507 4010 688 4075 Memoravit
718 4011 813 4076 Poeta
844 4012 981 4090 laudem,
1011 4035 1102 4096 quam
1124 4012 1265 4075 Pssumis
1289 4009 1407 4075 civit-ati
1429 4007 1517 4072 addi-

507 4128 602 4207 derit,
634 4119 699 4193 vss'
716 4134 750 4208 8,
778 4132 836 4207 16,
862 4133 921 4207 20,
947 4132 1013 4193 232²
1027 4152 1112 4195 nuno
1135 4152 1206 4215 ergo
1229 4130 1332 4214 ipsum
1355 4135 1516 4213 propterea

506 4248 627 4312 laudem
652 4255 682 4312 et
703 4250 810 4312 mereri
834 4256 865 4312 et
886 4248 1021 4312 nancisci
1044 4247 1208 4333 praedicat.

551 4369 604 4429 tl.
638 4372 737 4443 τιμῶν.
772 4341 887 4431 llodem
914 4367 1076 4445 vocabulo,
1102 4366 1233 4444 τιματας
1257 4366 1338 4445 πόροι
1364 4368 1514 4447 Ἀλφεοῦ,

508 4484 620 4549 dicitur
643 4485 789 4550 Hercules
814 4486 976 4549 honorasse
997 4486 1149 4571 Alpheum
1167 4508 1237 4549 cum
1253 4484 1412 4549 duodecim
1431 4484 1512 4549 Diis.
