3767 5534
912 695 969 756 lod

605 897 723 963 Ἂκοντο
748 896 885 978 Φροὶστοορ
908 895 1000 960 ἔλασε
1022 894 1137 960 σκοπόν.

652 1018 756 1086 Missos
779 1014 804 1079 δ’
827 1013 953 1085 'Eremia
976 1013 1049 1077 ἔδικε
1072 1012 1165 1093 πέτρῳ

655 1133 731 1215 Χέροι
758 1133 910 1205 κυκλώσαις
934 1133 1003 1211 ὑπὲρ
1026 1129 1182 1207 ἁπάντων,

655 1252 713 1317 Kal
740 1250 908 1332 σομμοοχίοι
929 1249 1045 1331 θόρυβον

445 1358 615 1369 -——-—

433 1431 552 1498 Neptuni:
570 1437 597 1483 nt
613 1434 776 1499 prioreparte
793 1433 926 1485 sententiae
944 1439 1039 1484 tantum
1055 1434 1243 1498 significaretur,
1262 1433 1438 1496 victoremque

432 1528 506 1593 drigis
529 1528 603 1578 fnisse
626 1530 826 1580 Mantincenscm.
859 1531 921 1589 Ant,
945 1529 1010 1594 quod
1033 1533 1113 1579 tamen
1138 1529 1216 1578 minus
1234 1527 1356 1592 probabile
1372 1532 1447 1591 puto,

431 1629 477 1677 ἀπὸ
499 1634 624 1685 Μαντινέας
645 1633 706 1697 ἥρως
725 1626 877 1695 ἰλιρροοίοοι
901 1626 918 1675 i.
936 1641 957 1675 e.
982 1624 1053 1674 heros
1074 1625 1115 1688 qui
1141 1625 1207 1673 venit
1229 1623 1368 1683 Mantinet,
1388 1637 1449 1686 quae

432 1724 468 1771 est
494 1721 616 1786 Neptuni:
639 1726 710 1787 atque
733 1724 758 1772 in
781 1738 849 1772 versu
874 1738 902 1771 ex
923 1721 1052 1780 Theseide,
1078 1721 1102 1770 in
1126 1720 1171 1769 hoc
1194 1720 1286 1770 scholio
1304 1720 1394 1778 relato,
1413 1724 1449 1769 est

432 1820 554 1875 Μαντινεὺς
572 1828 659 1883 Σῆμος,
676 1817 760 1867 sed-in
776 1818 869 1867 dnobus
887 1818 1009 1867 codicibus
1027 1820 1148 1875 Μαντινιὺς
1165 1824 1233 1886 ἥρως.
1269 1816 1370 1865 Restant
1388 1814 1449 1865 drrac

432 1912 457 1961 in
475 1912 572 1962 scholiis
589 1912 708 1963 veteribus
724 1918 924 1963 commemoratae
939 1913 1082 1977 scripturae:
1100 1912 1173 1962 altera
1188 1922 1263 1975 Σᾶμος
1279 1910 1450 1979 οόιλιρροθιος,

432 2022 505 2071 quam
531 2008 666 2057 Boeckhias
688 2008 718 2059 de
740 2009 877 2073 conjectura
903 2009 1007 2059 mutent
1030 2013 1055 2058 ct
1071 2008 1168 2074 scripsit
1184 2006 1339 2075 Ἃλιρροθίοω
1357 2007 1448 2056 altera:

433 2106 484 2155 beot
502 2103 527 2154 di
544 2110 653 2173 γράφωσι
672 2114 741 2174 Σῆρος
757 2102 908 2173 ΙΔλιρροθίοιν,
927 2103 954 2157 οὗ
965 2114 1084 2170 μέμνηται
1101 2108 1139 2157 καὶ
1155 2106 1269 2161 Ἡσίοδος·

463 2194 532 2251 ’Haec
549 2202 561 2250 d
578 2205 623 2264 ,raia
638 2209 708 2269 Σῆροι
723 2204 761 2252 sal
776 2196 909 2265 ’Δλάζνρον,
927 2206 989 2258 υἱέας
1005 2204 1101 2258 laticis.

432 2295 507 2352 ἦνιδὲ
531 2297 543 2344 i
566 2304 635 2363 Σῆρος
659 2303 701 2346 τοῦ
724 2294 875 2369 Ἁλιρροθίου.
890 2303 930 2347 τοῦ
954 2306 1079 2365 Περιήρους
1097 2300 1133 2347 sul
1150 2294 1269 2353 Ἀλκυόνης.
1294 2294 1331 2343 Ex
1348 2309 1451 2358 quorum

434 2389 629 2439 testimoniorum
641 2391 793 2455 reputatione
804 2391 863 2441 satis
874 2390 945 2440 credo
954 2392 1057 2450 firmari,
1066 2392 1210 2455 scripturam
1220 2407 1283 2449 eam,
1293 2405 1364 2455 qnam
1373 2390 1448 2447 edidi,

434 2500 579 2549 quamquam
595 2485 672 2550 ipsam
690 2503 736 2536 non
755 2486 862 2545 obuiam,
882 2491 963 2536 temen
977 2503 1028 2536 esse
1041 2487 1148 2536 omnium
1163 2487 1374 2536 verisimillimam:
1388 2501 1453 2550 prac-

435 2582 519 2631 sertim
544 2597 619 2646 quum
636 2583 779 2633 sententiam
796 2583 944 2647 aptissimam
963 2584 1048 2633 hebere
1067 2583 1188 2632 rideatur:
1207 2583 1232 2631 id
1249 2583 1313 2648 quod
1330 2583 1355 2630 in
1373 2582 1453 2645 Expli-

337 2699 341 2704 ·
436 2676 532 2726 catione
548 2677 712 2727 demonstrare
729 2679 877 2729 conabimur.
909 2678 992 2728 Unum
1009 2679 1082 2728 addo:
1105 2679 1125 2728 si
1147 2679 1200 2742 quis
1221 2678 1259 2728 vel
1277 2677 1400 2742 putaverit
1417 2676 1454 2725 vel

435 2771 650 2833 demonstraverit}
667 2773 793 2838 legendnm
812 2774 892 2839 potius
908 2789 959 2823 esse
978 2771 1037 2838 σᾶμ’
1051 2773 1201 2842 ιιλιρροθιόο,
1224 2773 1340 2836 disquirat
1353 2788 1455 2836 quaeso,

436 2883 496 2917 narn
514 2868 573 2934 σᾶμ’
589 2869 705 2934 scriptum
722 2870 754 2919 sit
765 2886 809 2935 pro
822 2880 889 2936 σῶμα
904 2870 996 2934 potius,
1015 2869 1078 2934 quod
1091 2869 1169 2935 ipsum
1182 2869 1298 2933 glossema
1310 2869 1456 2932 adscriptum

442 2968 480 3013 est
497 2964 522 3013 in
539 2964 592 3014 Pal.
609 2964 642 3025 C,
663 2981 735 3029 quam
752 2980 795 3029 pro
814 2976 891 3030 σῆμα,
910 2969 934 3015 et
952 2965 1065 3029 inspiciat
1081 2965 1272 3031 Explicationem
1292 2969 1398 3014 nostram
1418 2964 1457 3024 Ol.

437 3059 503 3108 Vlll
521 3060 553 3109 ⁹0
570 3063 596 3109 et
612 3060 652 3110 01.
669 3060 690 3110 Χ
708 3061 749 3111 61.
782 3060 919 3110 Boeclrhius
937 3061 966 3109 de
984 3061 1123 3124 conjectura
1135 3061 1223 3110 edidit:
1244 3071 1320 3124 Σᾶμος
1332 3064 1455 3129 ὡλιροθίου.

431 3216 435 3223 ¹
473 3156 513 3205 85.
539 3161 616 3207 ἄκοντι
635 3163 747 3225 Φράστωρ
771 3160 844 3208 ἔλασε.
879 3157 918 3205 Sic
935 3157 1000 3222 Lips.
1018 3161 1042 3206 et
1060 3157 1126 3220 Leid.
1144 3159 1181 3215 A,
1199 3161 1226 3206 ut
1243 3160 1346 3205 testetur
1363 3156 1455 3205 Boeck·

437 3250 505 3302 hius:
521 3252 547 3301 in
565 3251 633 3302 Uret,
650 3255 672 3302 A
689 3252 790 3316 aliisque
807 3255 827 3303 δ’
844 3259 881 3303 est
897 3258 953 3319 post
970 3260 1098 3323 οράσοωρι
1115 3253 1140 3302 in
1158 3253 1210 3303 Pal.
1228 3253 1248 3301 C
1266 3257 1290 3301 et
1308 3252 1361 3302 aliis
1380 3253 1403 3302 δὲ
1421 3257 1457 3301 est

439 3351 494 3412 post
511 3353 600 3400 dms:
623 3352 649 3398 et
665 3364 748 3398 rursus
767 3349 790 3398 iu
810 3349 862 3398 aliis
880 3354 928 3407 est,
947 3349 1114 3414 praetermisso
1133 3350 1170 3406 δὲ,
1189 3354 1280 3401 strom
1298 3349 1334 3397 vel
1353 3356 1457 3412 κᾷκονσιι

440 3444 506 3507 qnod
522 3444 594 3494 hahet
611 3444 729 3509 Hcynius.

475 3537 515 3590 87.
539 3543 652 3591 ἀπίστων.
686 3538 726 3588 Ita
743 3539 797 3588 Ald.
814 3539 866 3589 Pal.
884 3540 919 3599 0,
938 3540 1005 3589 Gott.
1024 3540 1459 3604 Pandaliiqne,etlemmsveteris

441 3633 533 3683 scholii.
544 3634 654 3697 Heynius
662 3635 793 3685 secundnm
801 3634 862 3684 alios
872 3635 945 3684 libros
953 3638 1068 3692 ἅπανταςε
1080 3639 1104 3684 et
1113 3636 1223 3684 scholion
1233 3636 1336 3685 MoscB
1345 3641 1391 3685 est:
1401 3639 1459 3706 ὕπἐρ

442 3731 546 3785 ἅπαντας
557 3734 631 3796 γράφι
643 3735 681 3781 καὶ
693 3737 727 3794 μὴ
740 3733 798 3798 ὑπὲρ
811 3735 929 3781 ἁπάντων
946 3733 1003 3781 οὕτω
1015 3737 1061 3799 γὰρ
1075 3736 1124 3796 ἔχει
1138 3736 1194 3798 πρὸς
1209 3739 1249 3790 τὴν
1263 3734 1364 3790 σύνταξιν
1381 3736 1459 3800 ὀρθῶς.

476 3822 515 3871 88.
542 3828 675 3889 συμμαχία.
710 3824 751 3873 lta
772 3823 921 3876 Boeclrhius:
950 3825 1059 3889 Hcynius
1086 3830 1220 3891 συμμαχίᾳ.
1254 3826 1315 3874 Utra
1341 3826 1460 3890 scriptura

442 3917 497 3981 plns
518 3918 669 3968 auctoritatis
686 3936 699 3969 e
719 3920 788 3969 libris
813 3920 915 3979 habeat,
938 3921 1031 3970 nescio:
1055 3921 1095 3970 sed
1120 3922 1144 3969 in
1162 3921 1209 3969 iilis
1227 3925 1306 3969 tomen
1324 3936 1393 3985 saepe
1408 3922 1460 3985 jota

444 4013 603 4078 snhaeriptnm
621 4016 833 4078 praetermittitur.
868 4015 897 4063 In
916 4017 1014 4066 scholiis
1032 4017 1153 4065 veteribus
1171 4020 1298 4080 utrumque
1310 4018 1460 4080 agnoscitur:

444 4108 511 4159 Velut
527 4109 622 4159 dativus
638 4110 688 4159 his:
707 4116 757 4163 ἀντὶ
776 4116 816 4163 τοῦ
835 4116 872 4162 καὶ
889 4122 937 4169 τοῖς
955 4124 1098 4180 παρεστῶσιν
1115 4117 1192 4169 αὐτοῖς
1211 4119 1341 4179 συμμάχοις
1359 4117 1463 4171 ἔκπληξιν

445 4208 483 4255 καὶ
500 4212 605 4273 ταραχὴν
622 4210 706 4264 &imos
722 4215 807 4271 μέροινι
825 4207 989 4256 nominativus
1006 4208 1057 4256 his:
1076 4212 1126 4257 ἀντὶ
1144 4213 1183 4257 τοῦ
1200 4213 1226 4257 τὸ
1244 4212 1326 4265 πλῆθος
1343 4214 1463 4272 θαυμάσαι

445 4305 568 4365 ἀνεβόησεν
590 4304 627 4351 tul
646 4313 680 4367 τῷ
704 4311 745 4359 τῆς
766 4306 837 4366 βολῆς
852 4312 928 4366 μήκει.
961 4302 1026 4366 Ergo
1044 4319 1092 4352 non
1110 4303 1166 4352 satis
1184 4303 1310 4367 diligenter
1327 4304 1463 4353 Boeckhius

446 4393 554 4459 scripsit,
572 4395 637 4460 ipsos
655 4399 747 4445 veteres
764 4413 809 4462 pro
827 4398 977 4446 nominativo
994 4397 1119 4456 habuisse,
1138 4398 1246 4447 dativum
1263 4415 1318 4448 vero
1329 4401 1461 4463 repositum

447 4505 498 4539 csse
514 4505 543 4539 ex
560 4489 658 4540 scholiis
675 4491 855 4541 recentioribus.

1307 4594 1340 4648 13
