3767 5534
932 686 951 744 6

431 882 493 947 illis
524 883 571 946 vel
587 886 589 890 ’
603 883 740 947 isthmiis
770 884 971 969 aequiparari.
1018 884 1066 947 Ihi
1098 906 1183 962 arae,
1209 884 1344 962 hostiae,
1370 884 1447 947 festa

432 1001 569 1065 Deorum
601 1010 630 1065 et
661 1001 781 1065 ludicra
811 1004 978 1067 certamina
1010 1004 1043 1066 in
1074 1003 1210 1066 Deorum
1239 1003 1386 1066 honorem
1410 1001 1447 1065 ab

433 1120 576 1184 heroibus
607 1121 766 1185 instituta:
799 1121 843 1185 ibi
874 1122 1060 1207 populorum
1092 1144 1276 1198 concursus,
1309 1122 1447 1205 gentium

434 1239 547 1317 honos,
581 1239 725 1303 Graeciae
756 1240 914 1304 vinculum
942 1247 974 1303 et
997 1240 1124 1325 copula:
1149 1240 1193 1303 ibi
1216 1239 1323 1303 laudes
1348 1262 1365 1301 a
1388 1263 1449 1302 ma-

431 1358 550 1443 juribus
566 1365 671 1442 partae
687 1358 937 1422 redundaverunt
958 1359 996 1421 ad
1011 1365 1165 1443 posteros:
1180 1357 1223 1421 ibi
1235 1366 1281 1422 est
1292 1357 1447 1422 excultum

433 1485 464 1541 et
487 1477 676 1561 expositum,
701 1477 853 1561 quidquid
875 1485 1059 1554 venustum,
1085 1477 1269 1561 gratiosum,
1290 1475 1445 1562 pulcrum,

432 1595 628 1682 splendidum
654 1595 782 1659 Graecia
805 1596 887 1658 tulit.
903 1595 941 1678 1)Ι
972 1594 1022 1658 Ibi
1045 1596 1187 1659 victorias
1211 1594 1264 1657 ille
1287 1595 1447 1672 cecinerit,

431 1736 487 1778 nec
511 1715 617 1780 laudes
641 1715 777 1778 Deorum
801 1715 983 1779 ethereum
1008 1716 1058 1800 pie
1082 1714 1294 1790 celebraverit,
1317 1735 1373 1776 nec
1389 1734 1450 1775 ma-

427 1835 530 1919 jorum
562 1834 738 1918 patriaeque
769 1833 862 1897 decus
890 1832 1065 1897 ornaverit?
1100 1833 1159 1897 Ille
1182 1855 1283 1896 veram
1307 1831 1448 1909 laudem,

431 1953 594 2031 virtutem,
619 1953 829 2016 aeternitatem
846 1951 989 2015 siluerit?
1012 1951 1071 2016 Ille
1088 1973 1200 2036 cycnus
1217 1950 1315 2014 multa
1331 1949 1450 2014 levatus

344 2152 347 2161 =
433 2092 508 2134 aura
530 2092 593 2133 non
616 2068 694 2132 altos
716 2070 748 2132 in
772 2069 903 2133 nubium
927 2076 1043 2133 tractus
1067 2068 1256 2133 tetenderit?

478 2189 537 2253 Sed
568 2189 677 2254 merito
708 2212 779 2252 cum
810 2188 950 2254 laudavit
982 2189 1142 2252 Horatius.
1189 2186 1254 2252 Nos
1287 2194 1390 2251 autem
1413 2186 1450 2250 de

434 2310 500 2393 ejus
525 2309 675 2394 sapientia
698 2308 844 2393 scripturi
867 2331 992 2386 sumus,
1017 2316 1053 2371 ut
1077 2330 1138 2391 que
1162 2306 1199 2371 de
1215 2306 1283 2370 Diis
1299 2306 1477 2390 rebusque

436 2428 580 2491 humanis
604 2428 756 2491 sententia
779 2428 873 2491 fuerit
896 2449 1100 2511 exponamus,
1118 2426 1250 2510 denique
1266 2435 1301 2489 ut
1319 2425 1451 2508 aliquam

435 2548 547 2611 mentis
578 2547 663 2610 illius
691 2547 819 2631 effigiem
844 2546 1026 2611 adumbrare
1051 2568 1213 2623 conemur,
1239 2566 1361 2629 quoque
1384 2544 1452 2608 loco

348 2651 350 2656 Ι
433 2667 499 2750 ejus
523 2665 672 2751 sapientia
694 2665 836 2730 habenda
859 2666 899 2728 sit
922 2664 1091 2729 ostendere.
1128 2663 1203 2727 Rem
1228 2663 1383 2727 difficilem
1404 2686 1453 2747 ag-

432 2784 606 2869 gredimur,
631 2784 684 2848 sed
708 2783 849 2848 lubenter
872 2782 1085 2867 aggredimur,
1111 2788 1271 2867 propterea
1291 2782 1375 2865 quod
1390 2803 1453 2845 non

433 2903 563 2967 fecimus
595 2926 657 2987 quo
689 2925 745 2965 nos
776 2925 842 2965 eam
873 2909 1018 2986 putemus
1050 2902 1213 2986 perficere,
1247 2900 1299 2963 sed
1330 2909 1366 2964 ut
1389 2923 1455 2985 per·

434 3020 581 3085 ficiendae
602 3019 705 3084 studia
725 3021 927 3104 provehamus
950 3027 980 3084 et
997 3020 1178 3084 incitemus:
1201 3018 1292 3082 simul
1313 3040 1401 3095 vero,
1419 3024 1454 3081 ut

434 3142 493 3204 hoe
507 3148 579 3203 tam
603 3140 757 3225 praeclaro
781 3160 815 3202 ac
839 3161 932 3224 prope
956 3139 1061 3202 divino
1084 3139 1265 3203 Pindaricae
1288 3138 1454 3222 sapientiae

434 3258 574 3343 exemplo
605 3258 762 3344 proposito
790 3258 883 3321 unius
907 3280 995 3321 verae
1020 3280 1053 3321 ac
1078 3257 1350 3321 solidae'veritutis
1375 3278 1455 3320 amo-

434 3399 499 3441 rem
523 3383 553 3440 et
578 3376 810 3440 admirationem
835 3377 1094 3441 commendemus.

468 3637 492 3697 l)
509 3636 546 3685 Da
570 3636 682 3684 ludorum
705 3635 803 3684 illorum
826 3640 913 3684 natura
931 3634 1106 3698 elegantissime
1123 3651 1150 3683 ac
1168 3634 1306 3683 doctissime
1323 3632 1456 3697 disputavit

434 3732 459 3779 S.
477 3731 597 3779 Karteron
615 3729 639 3778 in
661 3729 790 3793 specimine
807 3730 951 3788 Pindarico,
967 3746 1023 3793 pap.
1041 3731 1057 3777 4
1074 3745 1134 3793 seqq.
