3767 5534
921 751 963 806 at

433 949 620 1013 llmmenidis
650 970 722 1011 vero
751 969 786 1009 ae
814 946 950 1008 'llieroni
979 946 1173 1029 Tyndaridae
1201 949 1330 1030 gloriam
1358 948 1452 1011 dede-

431 1077 520 1144 runt,
537 1069 610 1151 quia
625 1067 766 1151 plurimis
783 1067 895 1128 mensis
910 1087 963 1126 eos
978 1065 1086 1129 colunt
1096 1116 1106 1143 ,
1118 1068 1170 1150 pia
1181 1076 1283 1129 mente
1294 1076 1452 1130 servantes

431 1188 588 1250 beatorum
607 1186 748 1248 honores.
763 1185 786 1267 ¹)
822 1182 943 1261 Quibus
965 1184 1111 1267 exemplis
1131 1185 1268 1248 Deorum
1286 1185 1450 1269 benignam

432 1304 558 1367 laudum
595 1303 831 1367 moderationem
868 1303 1066 1385 conjunctam
1099 1325 1165 1365 esse
1195 1305 1347 1366 cernimus
1378 1326 1450 1367 oum

434 1425 554 1507 pietatis
578 1423 760 1503 virtutisque
784 1420 888 1482 studio
910 1420 942 1483 in
968 1421 1147 1483 hominibus
1171 1423 1347 1505 conspicuo.

477 1540 587 1604 Voluit
618 1564 687 1603 vero
718 1563 837 1624 semper
866 1540 924 1601 hoc
956 1539 1110 1602 Pindarus
1133 1540 1283 1624 intelligi,
1306 1563 1368 1604 non
1392 1563 1451 1604 nos

432 1671 537 1724 nostra
558 1682 680 1744 regere,
704 1659 759 1722 sed
781 1666 813 1721 et
834 1658 1022 1743 principium
1044 1680 1134 1721 omne
1153 1659 1295 1722 fortunae
1314 1666 1345 1722 et
1363 1681 1449 1743 spem

432 1802 554 1842 omnem
582 1780 614 1841 in
649 1779 713 1840 Diis
740 1799 886 1861 reponere
911 1789 1062 1860 oportere.
1109 1776 1192 1839 Nam
1215 1776 1304 1840 facile
1327 1776 1449 1839 eosdem

433 1897 530 1974 Deos,
552 1896 607 1981 qui
626 1895 806 1960 mortalibus
826 1895 940 1979 gaudia
960 1895 1112 1972 tribuant,
1135 1918 1171 1959 ea
1190 1918 1280 1980 posse
1299 1896 1449 1980 frangere.

433 2014 506 2079 Non
529 2002 686 2100 propriam
705 2014 795 2078 nobis
817 2013 928 2078 dedere
947 2014 1118 2091 fortunam,
1137 2014 1191 2077 sed
1211 2016 1308 2099 major
1324 2014 1450 2077 illorum

434 2137 572 2221 potentia
594 2145 650 2199 est.
691 2135 797 2214 „Deus
820 2135 959 2218 quemvis
976 2157 992 2197 e
1008 2134 1169 2197 voluntate
1192 2157 1248 2197 sua
1269 2134 1361 2197 finem
1385 2157 1452 2219 per·

431 2256 510 2333 ficit,
528 2255 629 2333 Deus,
647 2256 701 2339 qui
716 2262 748 2317 et
763 2254 873 2317 alatam
892 2254 1027 2337 aquilam
1043 2254 1233 2337 assequitur,
1251 2261 1282 2316 et
1294 2253 1449 2316 marinum

433 2374 614 2458 delphinum
643 2374 804 2458 praeterit,
829 2381 860 2436 et
883 2373 1084 2457 superborum
1112 2372 1245 2455 aliquem
1272 2372 1449 2436 mortalium

435 2493 534 2570 flexit,
566 2492 634 2555 aliis
666 2515 736 2555 vero
767 2492 896 2575 gloriam
926 2492 1131 2556 immortalem
1164 2490 1323 2555 tradidit?
1338 2492 1362 2574 ²)
1408 2491 1451 2554 ut

434 2612 495 2674 alio
518 2612 603 2674 loco:
628 2610 683 2688 „si
706 2611 776 2693 quis
796 2610 877 2675 bona
897 2611 957 2674 sibi
977 2612 1095 2696 paravit
1114 2611 1179 2674 sine
1198 2632 1311 2695 magno
1327 2610 1448 2687 labore,

435 2729 541 2793 multis
564 2729 780 2813 insipientibus
804 2730 926 2793 videtur
950 2729 1074 2792 solertia
1096 2751 1153 2792 sua
1175 2751 1263 2792 suam
1286 2729 1379 2792 vitam
1403 2750 1451 2792 or·

434 2872 523 2914 nare:
556 2848 608 2912 sed
641 2849 699 2912 hoc
730 2871 793 2912 non
823 2850 854 2912 in
887 2848 1047 2913 hominum
1079 2856 1230 2933 potestate
1254 2857 1318 2926 est,
1342 2871 1450 2912 verum

434 2970 518 3033 Deus
550 2968 662 3045 donat,
694 2968 769 3032 alias
799 2968 895 3032 alium
928 2969 1076 3044 evehenS,
1110 2967 1205 3032 alium
1237 2990 1307 3031 vero
1340 2968 1450 3031 inim·

434 3110 570 3153 mensum
597 3086 750 3173 dejiciens.
764 3086 788 3169 ⁸)

479 3206 517 3269 ln
545 3204 721 3269 laudatione
750 3214 851 3269 autem
881 3205 1031 3269 donorum
1056 3216 1086 3269 et
1110 3206 1343 3282 beneficiorum,
1368 3226 1448 3288 quae

434 3325 485 3388 Dii
506 3324 665 3400 tribuunt,
687 3332 895 3388 memorantur
914 3323 1038 3402 Musae,
1050 3327 1076 3408 4)
1094 3324 1212 3402 Horae,
1226 3327 1251 3409 5)
1268 3324 1408 3401 Gratiae,
1421 3326 1447 3407 8)

433 3452 463 3508 et
498 3466 550 3519 ea,
587 3465 664 3528 quae
696 3466 798 3506 rerum
826 3442 1030 3507 humanarum
1062 3443 1303 3507 vicissitudinem
1334 3442 1444 3520 habet,

433 3563 535 3649 'lyohe
563 3564 626 3627 sive
657 3562 809 3626 Fortuna:
840 3564 890 3626 oui
918 3570 1024 3647 poeta:
1055 3566 1105 3640 „A
1129 3571 1176 3641 te,
1200 3563 1286 3626 lovis
1309 3563 1389 3641 filia,
1414 3563 1446 3627 in

433 3684 507 3747 mari
528 3689 677 3768 reguntur
693 3681 804 3746 celeres
820 3705 910 3745 naves
928 3682 1006 3746 etin
1022 3690 1103 3746 terra
1118 3682 1198 3747 bella
1214 3684 1445 3767 concionesqne.

431 3802 575 3867 Viromm
607 3800 705 3865 multa
729 3824 851 3865 sursum
874 3800 972 3865 multa
996 3802 1138 3866 deorsum
1162 3802 1265 3867 inania
1288 3802 1446 3867 mendacia

431 3922 584 4007 capientes
615 3920 782 3984 volvuntur
810 3943 895 4005 spes:
926 3920 978 3984 sed
1008 3922 1130 4005 signum
1156 3943 1246 3985 nemo
1270 3922 1445 3985 mortalium

431 4048 546 4106 eertum
570 4039 608 4103 de
630 4061 663 4103 re
687 4040 792 4104 lutura
814 4046 925 4121 nactus
948 4064 965 4103 a
988 4040 1054 4104 Deo
1078 4048 1138 4104 est:
1164 4041 1201 4105 de
1225 4041 1338 4106 futuris
1366 4042 1446 4106 caeci

430 4181 583 4224 sermones
614 4166 697 4223 sunt.
744 4158 847 4222 Multa
878 4159 1054 4224 hominibus
1082 4166 1201 4249 praeter
1228 4160 1445 4245 cogitationem

465 4376 488 4435 ι)
507 4373 544 4424 οι.
563 4373 618 4426 [ιι.
635 4372 676 4426 70.
892 4376 915 4436 a)
933 4377 976 4440 Ρ).
993 4376 1031 4424 n.
1048 4375 1088 4423 sa,
1166 4375 1192 4437 a)
1210 4376 1251 4441 Ρ).
1274 4376 1344 4426 rur.
1364 4375 1420 4425 ios.

463 4472 488 4531 4)
509 4469 546 4519 οι.
565 4469 615 4519 tn.
633 4468 662 4526 r,
680 4469 722 4534 n.
740 4471 786 4519 rr.
804 4473 828 4519 4.
889 4472 913 4531 n
934 4470 970 4518 or.
988 4470 1061 4520 xm.
1080 4470 1119 4519 aa.
1165 4470 1188 4532 o)
1215 4470 1254 4519 or.
1277 4472 1314 4519 n.
1342 4470 1387 4529 so,
1408 4471 1446 4520 ο).

432 4568 474 4617 nr.
491 4565 536 4625 40,
558 4565 595 4617 οι.
612 4565 679 4614 rra.
698 4564 722 4616 7.
