3767 5534
982 715 1046 779 372

508 920 574 992 tur,
600 915 728 978 fortasse
741 914 866 978 verbum
877 915 1033 995 προστιθείς
1046 938 1108 979 uon
1120 914 1262 979 dissimili
1274 916 1365 980 modo
1383 918 1519 1002 positum
1544 993 1548 1000 ¹

509 1043 571 1111 est,
598 1041 632 1097 ut
655 1034 720 1118 ipse
743 1032 882 1097 Psaumis
906 1034 985 1097 vitae
1008 1055 1081 1097 suae
1103 1034 1279 1098 felicitatem
1300 1049 1330 1099 et
1346 1036 1457 1101 bonam
1477 1037 1520 1101 fa

510 1175 590 1215 mam
603 1152 776 1237 adjunxisse
789 1153 986 1237 significetur.
1011 1152 1051 1215 Et
1064 1160 1164 1216 tamen
1177 1175 1194 1216 a
1206 1152 1347 1237 superbia
1363 1163 1393 1218 et
1405 1154 1520 1219 fiducia

510 1271 644 1335 alienum
676 1294 739 1335 esse
768 1270 955 1346 Pindarum,
980 1293 1041 1334 non
1065 1293 1143 1356 opus
1167 1279 1212 1335 est
1234 1294 1365 1335 mouere.
1403 1272 1520 1337 Verum

509 1390 535 1454 si
559 1390 608 1453 cui
628 1389 703 1453 haec
726 1390 769 1453 ita
792 1389 983 1473 obtigerunt,
1004 1388 1078 1453 huic
1096 1412 1236 1474 suprema
1253 1390 1354 1453 omnia
1370 1390 1518 1475 obtigisse

508 1509 663 1594 praedicat
693 1532 749 1572 nee
780 1508 817 1572 ab
848 1531 883 1572 eo
906 1509 1021 1593 majora
1051 1531 1138 1594 posse
1170 1511 1278 1595 optari.
1327 1509 1410 1574 Haec
1434 1511 1517 1576 euim

509 1629 660 1692 sententia
683 1637 729 1692 est
753 1628 893 1691 carminis
918 1628 1033 1705 exitus,
1057 1650 1120 1692 uon
1144 1628 1231 1691 illum
1251 1651 1361 1713 cupere
1376 1637 1517 1714 oportere

507 1747 571 1810 fieri
596 1746 703 1810 deum:
729 1745 839 1810 babere
862 1745 966 1823 illum,
991 1769 1069 1831 quae
1090 1747 1180 1810 homo
1205 1747 1315 1812 habere
1339 1748 1446 1832 possit.

919 1992 1107 2000 --——-.-....-.

872 2160 1066 2228 OLYMPIA
1098 2163 1152 2229 VI.

553 2355 659 2421 Cicero
691 2356 728 2420 de
759 2355 947 2421 divinatione
978 2357 1014 2421 L.
1039 2358 1056 2421 I
1079 2357 1114 2422 0.
1139 2360 1199 2421 41:
1223 2356 1335 2435 „Licet
1359 2356 1461 2422 videre
1485 2363 1516 2421 et

511 2497 622 2559 genera
651 2474 801 2559 quaedam
830 2484 860 2538 et
890 2477 1030 2540 nationes
1054 2477 1126 2540 huic
1149 2477 1293 2540 scientiae
1316 2475 1447 2540 deditas.
1471 2513 1517 2524 —

510 2592 576 2656 Elis
599 2594 631 2656 in
655 2592 865 2677 Peloponneso
890 2594 1020 2658 familias
1044 2595 1120 2658 duas
1144 2601 1240 2658 certas
1261 2594 1366 2671 habet,
1383 2592 1519 2658 Jamida·

509 2734 578 2776 rum
601 2733 711 2789 unam,
736 2711 860 2775 alteram
886 2711 1094 2796 Olytidarum,
1118 2713 1331 2797 haruspicinae
1354 2712 1516 2777 nobilitate

508 2829 728 2915 praestantes.”
774 2831 867 2916 Apud
900 2830 1093 2896 Herodotum
1125 2840 1170 2895 est
1192 2832 1354 2895 memoriae
1378 2830 1513 2909 Galliae,

510 2949 586 3012 vatis
617 2947 685 3013 Elei
716 2971 751 3012 ex
776 2957 866 3033 gente
889 2949 1098 3027 umidarum,
1123 2972 1212 3035 quem
1237 2948 1433 3013 Crotoniatae
1457 2948 1518 3014 sibi

508 3066 541 3129 in
576 3066 657 3130 bello
693 3066 838 3131 adversus
868 3068 1023 3152 Sybaritas
1055 3069 1188 3132 adfuisse
1221 3068 1371 3145 dicerent,
1405 3073 1436 3131 et
1467 3068 1520 3132 cui

509 3185 608 3251 multa
637 3186 746 3251 eximia
777 3187 890 3250 donata
920 3211 937 3251 a
961 3211 991 3251 se
1016 3188 1228 3252 ostenderent:
1254 3186 1366 3271 quibus
1391 3186 1518 3272 quidem

510 3305 602 3369 etiam
630 3304 781 3369 Herodoti
805 3312 903 3369 aetate
927 3305 1029 3369 adhuc
1053 3305 1168 3370 Calliae
1192 3307 1306 3391 posteri
1320 3304 1516 3369 fruebantur:

512 3421 538 3483 V
563 3427 622 3501 44,
648 3427 700 3487 45.
747 3423 795 3487 Ex
827 3424 932 3488 eadem
956 3431 1047 3509 gente
1070 3434 1256 3489 memoratur
1280 3423 1361 3508 apud
1386 3422 1519 3487 eundem

509 3539 688 3605 Tisamenus
711 3541 820 3616 Eleus,
846 3564 937 3626 quem
958 3545 1037 3607 tanti
1061 3544 1199 3608 feceruut
1214 3542 1462 3619 Lacedaemonii,
1480 3547 1518 3604 ut

509 3657 598 3726 illum
622 3667 653 3724 et
675 3660 798 3724 fratrem
821 3662 885 3745 ejus
909 3662 990 3725 cives
1014 3663 1085 3725 suos
1110 3662 1252 3737 fecerint,
1278 3661 1304 3724 si
1319 3659 1378 3723 sibi
1396 3667 1518 3745 praesto

511 3799 574 3841 esse
610 3777 710 3842 vellet.
757 3778 798 3841 Et
828 3786 948 3863 praeter
978 3780 1033 3843 hos
1065 3779 1142 3843 duos
1173 3802 1262 3844 nemo
1293 3778 1469 3843 mortalium
1501 3800 1519 3842 a

510 3895 676 3982 Spartanis¹
696 3898 818 3961 civitate
849 3898 981 3962 donatus
1014 3905 1068 3963 est.
1115 3898 1174 3962 Ille
1205 3906 1307 3962 autem
1336 3896 1518 3961 Tisamenus

459 4089 461 4093 Α
512 4017 650 4101 quinque
673 4016 797 4101 proeliis
820 4016 978 4103 Spartanis
1002 4017 1153 4102 haruspex
1177 4016 1290 4080 adfuit:
1316 4037 1446 4100 quorum
1461 4014 1520 4099 pri-

511 4158 594 4200 mum
626 4136 686 4199 fuit
716 4136 961 4201 illustrissimum
991 4136 1140 4221 proelium
1170 4134 1357 4199 Plataeense.
1382 4132 1431 4197 IX
1455 4136 1497 4197 33
1509 4182 1517 4211 ,

513 4257 565 4318 35.
612 4254 653 4317 Et
683 4254 859 4319 Herodotus
889 4254 1014 4339 quidem
1045 4278 1112 4318 eum
1145 4252 1279 4338 appellat
1302 4253 1386 4317 ἐόντα
1408 4255 1520 4317 Ἠλεῖον

512 4373 560 4439 aa)
596 4374 692 4450 γένεος
728 4380 778 4439 τοῦ
813 4373 959 4451 Ἰαμιδέων
994 4373 1170 4447 Κλυτιάδηνε
1203 4372 1240 4437 de
1273 4394 1334 4456 quo
1365 4377 1519 4456 postremo

514 4491 662 4557 vocabulo
696 4515 758 4557 non
794 4495 860 4558 sine
894 4516 986 4558 causa
1016 4494 1169 4559 dubitatio
1199 4500 1229 4558 et
1261 4491 1430 4577 disputatio
1460 4496 1517 4555 est.
