3767 5534
915 755 978 817 275

436 956 609 1021 minentem
640 947 901 1034 memoraverunt,
934 966 970 1021 ut
1002 965 1130 1022 testetur
1163 958 1241 1022 idem
1275 959 1456 1026 Scholiasta.

433 1075 478 1139 Et
503 1074 685 1161 Euripides,
711 1074 812 1141 Orest.
838 1081 858 1139 4

575 1195 671 1275 ὂνίιρ
693 1196 852 1277 μαιιοίριος,
877 1198 945 1261 κούκ
969 1195 1088 1278 ὀνειδίζω
1112 1198 1230 1279 τύχας,

576 1305 644 1387 Aeli
667 1319 820 1399 τεφνιιὲις,
844 1318 880 1389 ὥς
903 1315 1040 1394 λέγουσι,
1064 1315 1240 1393 Τιίνταλος,

575 1440 699 1516 κορυφῆς
723 1436 938 1514 ὑπερτέλλοντα
963 1435 1113 1513 δειμαίνων
1137 1433 1238 1515 πέτρον

543 1555 548 1561 ’
575 1552 634 1634 etp
657 1558 787 1620 τοτοῖται
810 1556 860 1621 καί
883 1554 952 1621 τίνει
979 1556 1090 1631 ταύτην
1114 1554 1208 1631 δίκην,

576 1676 612 1747 τίς
635 1675 688 1751 μὲν
711 1676 863 1754 λέγουσιν,
891 1674 933 1741 ίτι
958 1677 1027 1748 ίεοῖς
1051 1674 1193 1755 ἄνθρωπος
1217 1674 1253 1739 ὢν

575 1802 666 1868 κοινῆς
689 1793 834 1876 τραπέζης
857 1794 963 1873 ἀξίωμ’
986 1794 1063 1875 ἔχων
1086 1793 1146 1860 ίοον

575 1912 737 1978 οίιιίλαοτον
760 1913 834 1995 ἔσχε
857 1919 1015 1997 γλῶσσαν,
1040 1914 1199 1994 αἰσχίστην
1223 1913 1307 1977 νότον.

483 2030 528 2093 Et
558 2030 645 2095 Plato
677 2032 791 2119 Cratyl.
824 2036 887 2097 395
914 2034 942 2097 D
966 2035 1175 2109 τελευτήσαντι
1199 2033 1226 2097 ἕν
1250 2029 1319 2115 qliae
1344 2035 1360 2107 ἡ
1385 2032 1453 2111 ὑπὲρ

428 2157 492 2223 τῆς
517 2157 651 2230 κεφαλῆς
675 2158 725 2218 τοῦ
749 2153 825 2218 λίθον
847 2153 1023 2219 τανταλεία.

486 2272 540 2333 94.
579 2271 755 2351 εὐφροσύνας
786 2274 910 2338 οὶλῖιται.
952 2271 1039 2352 Quae
1064 2272 1238 2356 posthunc
1263 2270 1387 2335 verbum
1413 2293 1458 2332 se·

433 2397 598 2471 quuntur,
619 2412 654 2454 ea
670 2413 742 2454 sane
758 2391 921 2455 infortunii
937 2413 1084 2475 magnum
1101 2389 1237 2453 dolorem
1255 2390 1328 2452 satis
1345 2389 1455 2452 aeriter

434 2508 633 2593 exprimunt:
657 2509 732 2573 haee
757 2533 827 2575 vero
851 2511 942 2575 verba
962 2512 1029 2596 ipse
1050 2510 1145 2574 videri
1163 2511 1282 2594 possint
1301 2531 1361 2572 non
1384 2508 1457 2570 satis

434 2627 521 2691 tenti
544 2628 657 2692 doloris
681 2629 898 2714 significationi
921 2630 1092 2694 convenire.
1140 2628 1204 2709 Qui
1226 2636 1328 2692 tamen
1352 2649 1457 2690 mosa

436 2746 628 2811 Graecorum
660 2771 797 2813 sermone
828 2772 890 2813 non
913 2748 1073 2813 abhorret:
1099 2749 1130 2812 ef
1151 2747 1262 2812 Aeseh.
1291 2745 1384 2811 (thoe.
1411 2749 1452 2809 30

436 2866 620 2943 ἀγελάστοις
643 2865 824 2950 ξυμφοραῖο,
850 2875 879 2932 et
902 2869 967 2931 448
988 2866 1155 2947 ἑτοιμότερα
1174 2867 1311 2944 γέλωτος.
1344 2865 1452 2950 Ειιιίρ.

436 2984 512 3051 Tro.
538 2988 600 3050 635

620 3107 634 3171 ί
657 3106 682 3170 δ’
704 3107 873 3186 εὐτυχήσας
896 3109 926 3179 ἐς
950 3105 983 3172 τὸ
1007 3107 1152 3188 δυστυχὲς
1176 3107 1269 3171 πεσὼν

621 3227 723 3306 ψυχὴν
746 3226 861 3291 οίλὸιτοιι
884 3235 937 3302 τῆς
961 3225 1069 3305 walpur
1094 3224 1263 3307 εὐπραξίας.

489 3347 542 3408 95.
576 3342 750 3420 οίτιίλαμον.
786 3343 834 3408 Cf.
858 3343 908 3409 Ol.
933 3344 978 3410 ΙΙ.
1006 3347 1079 3410 105.

480 3465 542 3563 197.
581 3464 662 3541 μετὰ
691 3469 772 3544 τριῶν
794 3463 931 3545 τέταρτον
955 3463 1049 3529 τόνον.
1097 3464 1198 3527 Multa
1222 3463 1259 3527 de
1283 3462 1331 3526 his
1355 3462 1454 3526 verbis

440 3585 475 3647 in
507 3582 631 3647 scholiis
662 3583 831 3669 disputatio
863 3591 925 3662 est,
963 3606 1055 3669 quam
1080 3584 1200 3668 quidem
1226 3582 1368 3668 persequi
1392 3604 1454 3646 non
1550 3585 1553 3590 ’

441 3704 494 3767 hie
523 3702 645 3767 videtur
667 3703 880 3767 necessarium.
927 3702 1042 3767 Verum
1071 3702 1248 3767 Frederious
1274 3701 1452 3766 Heimsoeth

440 3824 474 3886 in
507 3821 656 3907 opusculo
686 3821 851 3906 diligenter
886 3846 919 3887 ae
956 3822 1045 3886 doete
1077 3824 1208 3908 scripto:
1242 3820 1394 3885 Addenda
1424 3827 1454 3883 et

440 3941 622 4026 corrigenda
652 3942 684 4005 in
715 3941 939 4005 commentariis
970 3940 1112 4004 Pindari:
1150 3964 1179 4027 p.
1216 3944 1253 4019 8,
1290 3939 1454 4004 ostendens

440 4058 524 4123 τόνον
547 4082 611 4123 esse
635 4060 856 4145 appositionem
883 4060 963 4123 voeis
987 4059 1068 4136 βίον,
1094 4060 1125 4123 in
1149 4066 1229 4140 τριῶν
1249 4059 1363 4145 pariter
1380 4060 1456 4122 vita·

439 4202 511 4243 rum
541 4180 792 4263 significationem
825 4202 889 4243 esse
921 4178 1091 4243 existimat:
1124 4180 1280 4265 quumque
1303 4179 1455 4243 Pindarus

440 4298 493 4362 Ol.
525 4298 559 4361 Π
591 4301 651 4362 123
685 4298 836 4384 triplicem
859 4298 954 4361 vitem
978 4305 1209 4377 commemoret,
1241 4305 1349 4383 quarto
1374 4299 1455 4362 vitae

438 4418 545 4482 labore
576 4427 723 4482 extremas
755 4439 915 4481 aerumnas
947 4416 1077 4480 Tantalo
1109 4418 1239 4483 inflictas
1271 4418 1453 4502 significari:

436 4538 505 4623 jam'
532 4536 615 4601 huno
647 4560 710 4601 esse
742 4538 832 4601 finem
864 4536 959 4599 totius
983 4535 1063 4599 vit-ae
1088 4535 1289 4621 laborumque
1312 4536 1452 4601 Tantalo.

1276 4670 1333 4730 18*
