3767 5534
840 448 905 507 498

612 648 764 725 Παλεμίαν
786 646 929 725 καμάτων
953 645 987 723 ἐξ
1008 646 1177 728 ἀμαχάνων

616 767 677 833 Διά
698 766 770 831 τεάν
792 765 913 843 δύναμιν
935 766 1061 844 drussi&
1083 766 1234 848 άσφαλές.

369 890 472 971 Atque
502 886 547 951 ibi
577 886 609 949 in
640 884 764 949 scholiis
796 884 943 968 legimus,
976 882 1132 969 Rheginos
1162 891 1192 948 et
1216 884 1387 949 Messenios

368 1005 447 1069 duce
470 1004 619 1068 Anaxilao
639 1025 730 1088 grave
749 1002 866 1067 bellum
887 1002 991 1067 Locris
1006 1003 1166 1082 intulisse,
1183 1012 1215 1068 et
1230 1003 1287 1068 hos
1302 1004 1387 1088 ipsos

368 1145 429 1188 uon
461 1145 547 1207 pares
578 1122 671 1187 fuisse
702 1129 790 1185 tanto
821 1122 996 1214 certamini,
1022 1122 1075 1186 sed
1099 1122 1214 1186 auxilio
1238 1122 1385 1186 Hieronis

367 1242 511 1307 liberatos
535 1240 680 1325 periculo,
717 1240 845 1303 Factum
868 1240 901 1304 id
921 1249 967 1303 est
984 1240 1076 1325 paulo
1092 1248 1165 1304 ante
1181 1239 1232 1305 Ol.
1249 1238 1388 1304 LXXVI

368 1382 395 1425 a.
426 1359 459 1424 I:
492 1361 571 1424 conl.
603 1360 728 1444 Heyne,
760 1357 875 1443 Opusc.
908 1358 943 1422 Π
975 1382 1004 1444 p.
1039 1361 1090 1422 56.
1138 1359 1184 1423 Eo
1216 1359 1388 1444 respexisse

367 1478 535 1542 Pindarum
552 1478 702 1542 existimo.
735 1476 856 1557 Quodsi
872 1487 975 1540 autem
993 1477 1196 1561 Agesidamus
1213 1476 1312 1541 victor
1328 1476 1388 1541 luit

368 1594 419 1660 Ol.
445 1594 601 1672 LXXIV,
626 1618 746 1659 carmen
771 1604 913 1658 autema
937 1594 1070 1658 Pindaro
1093 1596 1221 1659 missum
1245 1592 1386 1657 LXXVI

369 1714 416 1779 rel
447 1713 618 1790 LXXVII,
651 1714 734 1778 haud
765 1720 911 1777 remotam
938 1735 1010 1777 sane
1034 1714 1209 1777 memoriam
1234 1712 1332 1778 eladis
1355 1720 1388 1777 et

368 1831 497 1918 periculi
527 1855 610 1896 uuna
640 1830 791 1895 Pindarus
822 1830 1086 1895 commemorando
1117 1832 1258 1915 attingit:
1294 1838 1388 1915 atque

368 1951 412 2014 ita
434 1950 466 2014 in
490 1948 585 2013 altero
609 1948 726 2012 scholio
742 1948 885 2044 victoriae
901 1955 1023 2032 tempus
1039 1957 1120 2013 recte
1135 1948 1306 2012 indicatum
1323 1956 1387 2027 est,

369 2066 498 2130 alterum
533 2088 605 2130 vero
640 2067 766 2130 fortasse
800 2076 902 2131 ortum
934 2076 981 2130 est
1011 2089 1047 2130 ex
1080 2067 1213 2152 quadam
1243 2067 1388 2132 carminis

368 2186 453 2248 missi
476 2186 649 2248 notatione:
675 2207 833 2270 quumque
857 2185 891 2249 id
913 2191 1035 2270 tempus
1059 2187 1208 2250 incertum
1233 2195 1329 2263 esset,
1353 2194 1386 2251 et

345 2293 348 2302 ¹
368 2311 534 2387 poneretur
557 2300 607 2365 Ol.
631 2301 768 2366 LXXVI
793 2303 841 2365 vel
863 2301 1034 2379 LXXVII,
1059 2325 1097 2367 ex
1120 2325 1155 2367 eo
1179 2303 1247 2388 ipso
1269 2303 1386 2368 indicio

368 2442 422 2505 per
448 2422 595 2485 incuriam
620 2420 780 2484 confusum
807 2420 946 2483 scholion
969 2422 1042 2485 oriri
1066 2421 1169 2506 potuit
1191 2417 1272 2492 οὗτος
1296 2421 1387 2498 ἐνίκη-

368 2564 417 2603 σεν
444 2538 527 2613 ἕκτην
551 2539 600 2603 καὶ
625 2539 752 2617 ἑβδόμην
776 2538 981 2615 Ὀλυμπιάδα.

414 2656 575 2721 Cernimus
605 2664 706 2722 autem
740 2656 842 2720 denuo
873 2656 1059 2740 singularem
1089 2656 1203 2720 Poetae
1232 2655 1319 2720 illam
1350 2657 1383 2719 iu

368 2775 456 2840 malis
487 2776 654 2839 amicorum
685 2774 958 2839 commemorandis
989 2774 1231 2852 humanitatem,
1263 2773 1302 2837 de
1325 2795 1386 2857 qua

368 2894 475 2957 monui
499 2892 536 2956 ad
561 2889 610 2955 Ol.
635 2891 718 2955 VIII
743 2894 802 2969 16,
831 2895 888 2969 19,
916 2895 998 2969 102,
1023 2915 1092 2976 pag.
1118 2894 1181 2956 443
1200 2914 1291 2976 seqq,
1310 2894 1384 2957 aaa.

368 3011 478 3095 Neque
503 3013 582 3076 enim
606 3012 698 3077 verbo
721 3012 845 3097 quidem
869 3014 966 3097 ipsam
987 3011 1155 3075 Locrorum
1172 3011 1292 3075 cladem
1306 3034 1386 3076 com·

369 3137 535 3208 memorat,
568 3130 621 3193 sed
649 3131 694 3193 ita
716 3152 787 3193 cum
809 3130 967 3194 fortissimi
991 3129 1092 3193 herois
1115 3130 1189 3213 luga
1213 3136 1383 3214 comparat,

365 3257 400 3312 ut
432 3248 566 3312 dolorem
599 3247 766 3312 consolatio
799 3269 861 3311 non
892 3247 1030 3331 mitiget,
1056 3246 1111 3310 sed
1135 3253 1237 3310 arceat
1260 3247 1383 3311 omnino

366 3373 396 3429 et
420 3367 574 3451 opprimat
597 3367 723 3450 ejusque
746 3364 849 3428 locum
873 3372 1012 3449 occupet.
1060 3362 1126 3427 Nec
1142 3386 1304 3448 possumus
1321 3385 1384 3428 ora·

366 3485 482 3549 tionem
505 3484 662 3549 dilatando
686 3505 748 3547 non
768 3485 833 3569 ejus
850 3506 958 3547 nocere
974 3483 1192 3568 praestantiae:
1210 3482 1263 3546 sed
1280 3489 1381 3547 tamen

366 3599 588 3684 intelligentiae
620 3598 811 3683 adjuvandae
835 3620 926 3663 causa
949 3598 1097 3673 dicimus,
1123 3597 1305 3661 senteutiam
1329 3596 1383 3660 hu-

364 3716 500 3801 jusmodi
530 3717 666 3801 pleniore
697 3718 835 3780 oratione
858 3717 994 3801 potuisse
1018 3715 1199 3799 significari:
1225 3737 1315 3779 carus
1338 3721 1383 3779 est

367 3834 474 3899 Locris
505 3836 588 3900 Mars
620 3859 749 3901 aeneus:
783 3836 899 3900 cladem
923 3834 1049 3919 quidem
1071 3834 1152 3899 bello
1177 3835 1258 3920 passi
1281 3834 1381 3912 fuere,

368 3954 421 4018 sed
453 3961 555 4019 manet
585 3963 686 4019 tamen
720 3977 823 4019 eorum
851 3954 961 4018 bellica
984 3953 1099 4038 gloria,
1124 3952 1380 4037 quemadmodum

369 4070 533 4136 Herculem
552 4072 692 4157 plurimis
709 4072 852 4137 laudibus
869 4094 1025 4148 ornamus,
1043 4070 1115 4135 licet
1131 4094 1199 4134 eum
1217 4068 1381 4153 aliquando

369 4188 489 4274 Cycnea
513 4212 618 4277 pugna
639 4191 799 4276 fugaverit.
