3767 5534
913 757 977 817 485

638 961 718 1038 κείνῳ
742 965 903 1039 προοοορκῶν
927 955 973 1024 οὖν
996 960 1124 1035 ἐμονπὸν
1146 962 1259 1041 ὠφελῶ.

440 1079 556 1143 Ibidem
583 1078 717 1156 Chorus
748 1080 812 1140 496

751 1195 957 1273 Λοβδοοκίδοονς
981 1195 1124 1276 ἐπίκουρος

750 1315 863 1390 ἀδήλων
887 1314 1026 1378 ίοονοίτων.

436 1435 542 1519 thue
575 1435 617 1498 ibi
649 1440 812 1514 προσορκῶν
844 1441 873 1495 et
906 1435 1049 1513 ἐπίκουρος
1073 1433 1204 1497 ultorem
1228 1442 1258 1496 et
1280 1432 1450 1510 vindicem,

437 1556 480 1618 sio
504 1561 608 1617 oontra
633 1552 691 1615 hoo
714 1551 781 1615 looo
805 1551 938 1629 πνμοίοοος
964 1551 1134 1635 adjutorem
1160 1551 1319 1635 significat.
1355 1550 1449 1614 Plura

436 1673 570 1758 exempla
595 1679 684 1749 suut,
709 1671 794 1735 velut
816 1670 954 1755 Thucyd.
978 1669 1015 1734 L.
1040 1668 1087 1732 IV
1110 1668 1144 1733 O.
1171 1670 1189 1730 2
1214 1669 1448 1744 Πελοποννησίων

436 1802 498 1867 νῆες
521 1799 580 1862 ποῑς
604 1794 632 1855 ἐν
656 1794 696 1871 τῷ
719 1791 771 1871 ὅρον
795 1789 919 1868 πομωροί.
946 1787 1034 1851 Conf.
1059 1787 1169 1851 Aesoh.
1195 1787 1289 1851 Choe.
1315 1789 1399 1863 376,
1417 1794 1451 1851 et

435 1933 512 1996 quae
535 1910 579 1973 ibi
603 1908 825 1973 annotavimus.
872 1908 983 1985 Μίπροον
1007 1907 1129 1991 proprie
1153 1915 1226 1969 sunt
1248 1907 1364 1983 vittae,
1387 1906 1452 1991 qui·

436 2029 493 2092 bus
526 2049 653 2090 coronae
677 2025 913 2111 implicabantur
935 2024 983 2087 vel
1008 2023 1229 2107 alligabantur:
1255 2023 1305 2088 hio
1330 2032 1449 2099 autem,

437 2146 521 2211 velut
544 2146 611 2210 aliis
635 2146 710 2208 loois
734 2143 823 2208 ν’ίνίεοο
846 2144 894 2207 vel
918 2142 1076 2224 σπέΦοονοο,
1099 2149 1135 2206 ut
1152 2143 1239 2226 sigua
1254 2142 1450 2206 victoriarum

435 2266 521 2348 quasi
553 2285 607 2349 pro
639 2263 713 2348 ipsis
737 2269 895 2347 ponuntur
922 2261 1066 2324 victoriis.
1103 2260 1196 2344 ¹Ergo
1221 2260 1342 2345 adjutor
1366 2261 1451 2324 vittis

436 2382 519 2446 venit
542 2382 584 2458 io,
610 2381 663 2465 qui
687 2379 840 2444 laudando
864 2380 957 2443 decus
981 2379 1068 2442 affert
1092 2379 1234 2442 victoriis.

484 2500 556 2562 126.
592 2498 634 2563 ἔπ’
669 2498 858 2561 Adverbium
890 2497 1052 2560 relativum
1083 2497 1213 2560 refertur
1244 2495 1282 2559 ad
1314 2496 1449 2577 μίπροοος,

437 2638 533 2701 quum
556 2617 587 2680 iu
613 2638 648 2679 eo
672 2616 820 2679 vocabulo
844 2614 1123 2699 insit‚signifioatio
1140 2614 1335 2678 victoriarum
1351 2636 1450 2699 repor-

440 2740 592 2812 tatarum,
617 2732 761 2819 adjuncto
785 2734 962 2819 praesertim
986 2735 1051 2819 ejus
1074 2734 1215 2810 nomine,
1240 2733 1295 2816 qui
1318 2740 1450 2817 reporta-

436 2862 536 2917 verat:
573 2875 645 2937 ergo
679 2852 913 2933 Λοομπρομοίχον
947 2852 1047 2929 μίπροον
1083 2850 1131 2917 ὅτε
1166 2858 1240 2915 sunt
1271 2873 1400 2915 coronae
1432 2874 1450 2913 a

435 2964 677 3056 Lampromaoho
709 2978 881 3055 reportatae
913 2977 998 3047 tum,
1030 2992 1136 3052 quum.
1184 2969 1254 3032 Uno
1278 2976 1380 3033 autem
1404 2992 1451 3033 so-

438 3089 569 3174 demque
604 3089 653 3152 die
689 3089 726 3152 ab
762 3088 910 3151 ambobus
946 3095 1114 3172 reportatas
1146 3088 1288 3152 victorias
1325 3094 1449 3173 apparet

435 3208 539 3273 ambas
561 3209 655 3272 fuisse
679 3208 842 3285 Isthmiae,
867 3216 1028 3293 propterea
1043 3205 1126 3291 quod
1142 3205 1377 3291 Lampromaohi
1394 3207 1448 3270 vit-

434 3333 484 3390 tae
499 3325 623 3394 ,diserte
646 3326 706 3389 hoo
728 3326 852 3390 nomine
876 3325 1087 3411 appellantur:
1112 3347 1213 3411 neque
1237 3325 1331 3409 igitur
1354 3325 1450 3389 Poeta

434 3443 539 3508 eodem
572 3443 768 3528 Epharmosti
801 3445 959 3508 victoriam
987 3444 1160 3521 retulisset,
1185 3443 1246 3507 uisi
1268 3443 1382 3508 ibidem
1405 3466 1448 3507 re-

436 3568 558 3645 portata
581 3561 699 3624 luisset.

481 3681 555 3743 127.
590 3678 681 3757 ἔργον.
717 3679 895 3756 Certamen,
930 3688 965 3744 ut
996 3678 1046 3743 Ol.
1071 3678 1154 3742 VIII
1188 3681 1229 3741 24
1262 3685 1293 3741 et
1317 3679 1447 3764 saepius.

432 3794 538 3882 Ipsum
562 3805 663 3860 autem
687 3806 838 3861 certamen
862 3798 1012 3861 hocloco
1036 3797 1190 3881 objectum
1213 3803 1258 3859 est
1281 3795 1365 3860 verbi
1385 3797 1448 3860 vin·

434 3912 539 3977 caudi:
565 3914 644 3978 oonf.
670 3916 828 3979 annotatio
852 3916 891 3979 ad
915 3914 965 3979 Ol.
990 3914 1007 3978 I
1035 3917 1106 3978 142.

480 4034 554 4094 128.
589 4033 682 4097 ἄλλον
699 4034 728 4098 δὲ
744 4035 796 4099 δύ’.
834 4035 940 4098 Utrius
958 4036 1015 4098 hae
1032 4034 1162 4111 fuerint,
1180 4033 1316 4100 dubitari
1328 4039 1447 4117 potest,

434 4148 483 4212 vel
515 4150 607 4213 etiam
638 4174 677 4214 an
705 4152 800 4215 altera
824 4174 927 4215 earum
950 4151 1043 4216 fuerit
1067 4152 1202 4215 alterius.
1249 4150 1331 4213 Puto
1355 4150 1448 4214 fuisse

434 4289 484 4331 eas
507 4266 751 4352 Lampromachi.
788 4269 894 4333 Oratio
919 4269 1023 4353 aliquo
1047 4269 1138 4333 modo
1162 4269 1292 4353 abrupta
1316 4276 1377 4332 est:
1396 4268 1448 4332 sed

434 4386 539 4472 posuit
561 4385 795 4473 Lampromaohi
819 4411 930 4453 nomen
953 4398 983 4452 et
999 4389 1143 4452 Isthmias
1160 4387 1301 4450 victorias
1318 4409 1350 4449 vs
1370 4389 1446 4449 125:

435 4527 469 4571 vs
505 4506 566 4570 126
600 4505 628 4572 ei
659 4507 797 4593 adjunxit
827 4508 1084 4599 Epharmostum:
1117 4515 1148 4576 at
1180 4506 1302 4573 demum
1326 4486 1447 4573 velat
