<?xml version="1.0" encoding="UTF-8"?>
<!DOCTYPE html PUBLIC "-//W3C//DTD XHTML 1.0 Transitional//EN"
    "http://www.w3.org/TR/xhtml1/DTD/xhtml1-transitional.dtd">
<html xmlns="http://www.w3.org/1999/xhtml" xml:lang="en" lang="en">
 <head>
  <title>
</title>
<meta http-equiv="Content-Type" content="text/html;charset=utf-8" />
  <meta name='ocr-system' content='tesseract 3.04.00' />
  <meta name='ocr-capabilities' content='ocr_page ocr_carea ocr_par ocr_line ocrx_word'/>
</head>
<body>
  <div class='ocr_page' id='page_1' title='image "./pindaricarminao00pindgoog_0637.png"; bbox 0 0 3767 5534; ppageno 0'>
   <div class='ocr_carea' id='block_1_1' title="bbox 998 732 1060 791">
    <p class='ocr_par' dir='ltr' id='par_1_1' title="bbox 998 732 1060 791">
     <span class='ocr_line' id='line_1_1' title="bbox 998 732 1060 791; baseline -0.032 0"><span class='ocrx_word' id='word_1_1' title='bbox 998 732 1060 791; x_wconf 71' lang='lat'><strong>552</strong></span> 
     </span>
    </p>
   </div>
   <div class='ocr_carea' id='block_1_2' title="bbox 493 929 1536 2075">
    <p class='ocr_par' dir='ltr' id='par_1_2' title="bbox 493 929 1533 1838">
     <span class='ocr_line' id='line_1_2' title="bbox 493 929 1532 1014; baseline 0.001 -22"><span class='ocrx_word' id='word_1_2' title='bbox 493 959 497 966; x_wconf 93' lang='lat'>·</span> <span class='ocrx_word' id='word_1_3' title='bbox 518 931 681 1014; x_wconf 77' lang='lat' dir='ltr'><strong>pertineat:</strong></span> <span class='ocrx_word' id='word_1_4' title='bbox 705 930 788 994; x_wconf 89' lang='lat' dir='ltr'><strong>aliud</strong></span> <span class='ocrx_word' id='word_1_5' title='bbox 807 930 984 1014; x_wconf 86' lang='lat' dir='ltr'><strong>hujusmodi</strong></span> <span class='ocrx_word' id='word_1_6' title='bbox 1001 929 1173 1013; x_wconf 85' lang='lat' dir='ltr'><strong>exemplum</strong></span> <span class='ocrx_word' id='word_1_7' title='bbox 1190 930 1307 1014; x_wconf 88' lang='lat' dir='ltr'><strong>ignoro.</strong></span> <span class='ocrx_word' id='word_1_8' title='bbox 1343 930 1403 995; x_wconf 85' lang='lat' dir='ltr'><strong>Sed</strong></span> <span class='ocrx_word' id='word_1_9' title='bbox 1420 929 1532 1009; x_wconf 70' lang='grc' dir='ltr'><em>κούφα)</em></span> 
     </span>
     <span class='ocr_line' id='line_1_3' title="bbox 517 1044 1528 1132; baseline 0.001 -22"><span class='ocrx_word' id='word_1_10' title='bbox 517 1048 669 1132; x_wconf 89' lang='lat' dir='ltr'><strong>pertinere</strong></span> <span class='ocrx_word' id='word_1_11' title='bbox 693 1048 833 1111; x_wconf 83' lang='lat' dir='ltr'><strong>existimo</strong></span> <span class='ocrx_word' id='word_1_12' title='bbox 859 1047 896 1110; x_wconf 88' lang='lat' dir='ltr'><strong>ad</strong></span> <span class='ocrx_word' id='word_1_13' title='bbox 921 1046 1039 1112; x_wconf 64' lang='lat' dir='ltr'><strong>tharha.</strong></span> <span class='ocrx_word' id='word_1_14' title='bbox 1074 1046 1148 1126; x_wconf 83' lang='grc' dir='ltr'><em>Παρ’</em></span> <span class='ocrx_word' id='word_1_15' title='bbox 1172 1044 1261 1127; x_wconf 76' lang='grc' dir='ltr'><em>θ’ρκοο,</em></span> <span class='ocrx_word' id='word_1_16' title='bbox 1287 1056 1528 1120; x_wconf 65' lang='lat' dir='ltr'><strong>commentum,</strong></span> 
     </span>
     <span class='ocr_line' id='line_1_4' title="bbox 518 1164 1529 1251; baseline -0.003 -23"><span class='ocrx_word' id='word_1_17' title='bbox 518 1187 609 1248; x_wconf 88' lang='lat' dir='ltr'><strong>quem</strong></span> <span class='ocrx_word' id='word_1_18' title='bbox 636 1164 836 1250; x_wconf 87' lang='lat' dir='ltr'><strong>jurejurando</strong></span> <span class='ocrx_word' id='word_1_19' title='bbox 865 1166 930 1230; x_wconf 86' lang='lat' dir='ltr'><strong>fieri</strong></span> <span class='ocrx_word' id='word_1_20' title='bbox 960 1187 1021 1229; x_wconf 93' lang='lat' dir='ltr'><strong>non</strong></span> <span class='ocrx_word' id='word_1_21' title='bbox 1044 1188 1133 1251; x_wconf 86' lang='lat' dir='ltr'><strong>posse</strong></span> <span class='ocrx_word' id='word_1_22' title='bbox 1157 1165 1370 1230; x_wconf 84' lang='lat' dir='ltr'><strong>affirmaveris:</strong></span> <span class='ocrx_word' id='word_1_23' title='bbox 1395 1170 1465 1247; x_wconf 77' lang='grc' dir='ltr'><em>παρ’</em></span> <span class='ocrx_word' id='word_1_24' title='bbox 1483 1165 1529 1226; x_wconf 81' lang='grc' dir='ltr'><strong>ἕλ-</strong></span> 
     </span>
     <span class='ocr_line' id='line_1_5' title="bbox 518 1282 1531 1370; baseline -0.005 -22"><span class='ocrx_word' id='word_1_25' title='bbox 518 1284 590 1348; x_wconf 67' lang='lat' dir='ltr'><strong>ella</strong></span> <span class='ocrx_word' id='word_1_26' title='bbox 620 1285 752 1366; x_wconf 81' lang='grc' dir='ltr'><em>κούφαν,</em></span> <span class='ocrx_word' id='word_1_27' title='bbox 785 1306 875 1367; x_wconf 92' lang='lat' dir='ltr'><strong>quem</strong></span> <span class='ocrx_word' id='word_1_28' title='bbox 908 1308 947 1347; x_wconf 91' lang='lat' dir='ltr'><strong>ne</strong></span> <span class='ocrx_word' id='word_1_29' title='bbox 978 1284 1040 1347; x_wconf 47' lang='lat' dir='ltr'><strong>&gt;levi</strong></span> <span class='ocrx_word' id='word_1_30' title='bbox 1070 1284 1195 1369; x_wconf 86' lang='lat' dir='ltr'><strong>quidem</strong></span> <span class='ocrx_word' id='word_1_31' title='bbox 1219 1307 1272 1369; x_wconf 90' lang='lat' dir='ltr'><strong>spe</strong></span> <span class='ocrx_word' id='word_1_32' title='bbox 1295 1282 1531 1370; x_wconf 80' lang='lat' dir='ltr'><strong>exspectavisses</strong></span> 
     </span>
     <span class='ocr_line' id='line_1_6' title="bbox 518 1400 1533 1487; baseline -0.003 -21"><span class='ocrx_word' id='word_1_33' title='bbox 518 1403 583 1466; x_wconf 88' lang='lat' dir='ltr'><strong>fieri</strong></span> <span class='ocrx_word' id='word_1_34' title='bbox 606 1402 753 1487; x_wconf 89' lang='lat' dir='ltr'><strong>potuisse.</strong></span> <span class='ocrx_word' id='word_1_35' title='bbox 801 1402 903 1482; x_wconf 74' lang='lat' dir='ltr'><strong>Quam</strong></span> <span class='ocrx_word' id='word_1_36' title='bbox 927 1409 1031 1466; x_wconf 91' lang='lat' dir='ltr'><strong>autem</strong></span> <span class='ocrx_word' id='word_1_37' title='bbox 1056 1402 1087 1466; x_wconf 93' lang='lat' dir='ltr'><strong>in</strong></span> <span class='ocrx_word' id='word_1_38' title='bbox 1111 1404 1193 1467; x_wconf 91' lang='lat' dir='ltr'><strong>notis</strong></span> <span class='ocrx_word' id='word_1_39' title='bbox 1217 1404 1332 1467; x_wconf 87' lang='lat' dir='ltr'><strong>criticis</strong></span> <span class='ocrx_word' id='word_1_40' title='bbox 1357 1427 1392 1467; x_wconf 83' lang='lat' dir='ltr'><strong>ex</strong></span> <span class='ocrx_word' id='word_1_41' title='bbox 1415 1400 1533 1464; x_wconf 86' lang='lat' dir='ltr'><strong>Aldina</strong></span> 
     </span>
     <span class='ocr_line' id='line_1_7' title="bbox 518 1517 1532 1606; baseline -0.003 -22"><span class='ocrx_word' id='word_1_42' title='bbox 518 1522 699 1605; x_wconf 79' lang='lat' dir='ltr'><strong>scripturam</strong></span> <span class='ocrx_word' id='word_1_43' title='bbox 716 1522 898 1598; x_wconf 79' lang='lat' dir='ltr'>memoravi,</span> <span class='ocrx_word' id='word_1_44' title='bbox 916 1522 1045 1585; x_wconf 86' lang='lat' dir='ltr'><strong>fortasse</strong></span> <span class='ocrx_word' id='word_1_45' title='bbox 1066 1523 1130 1606; x_wconf 87' lang='lat' dir='ltr'><strong>ejus</strong></span> <span class='ocrx_word' id='word_1_46' title='bbox 1150 1522 1310 1606; x_wconf 85' lang='lat' dir='ltr'><strong>vestigium</strong></span> <span class='ocrx_word' id='word_1_47' title='bbox 1328 1521 1419 1585; x_wconf 89' lang='lat' dir='ltr'><strong>estin</strong></span> <span class='ocrx_word' id='word_1_48' title='bbox 1435 1517 1532 1582; x_wconf 91' lang='lat' dir='ltr'><strong>schol.</strong></span> 
     </span>
     <span class='ocr_line' id='line_1_8' title="bbox 518 1637 1533 1731; baseline 0 -31"><span class='ocrx_word' id='word_1_49' title='bbox 518 1647 636 1703; x_wconf 88' lang='lat' dir='ltr'><strong>vetere:</strong></span> <span class='ocrx_word' id='word_1_50' title='bbox 661 1638 833 1703; x_wconf 65' lang='lat' dir='ltr'><strong>tonarelli</strong></span> <span class='ocrx_word' id='word_1_51' title='bbox 855 1640 914 1709; x_wconf 82' lang='grc' dir='ltr'><em>θεὸς</em></span> <span class='ocrx_word' id='word_1_52' title='bbox 938 1640 1058 1704; x_wconf 76' lang='grc' dir='ltr'><em>τελέσαι</em></span> <span class='ocrx_word' id='word_1_53' title='bbox 1083 1640 1132 1703; x_wconf 75' lang='grc' dir='ltr'><strong>καὶ</strong></span> <span class='ocrx_word' id='word_1_54' title='bbox 1156 1640 1189 1704; x_wconf 82' lang='grc' dir='ltr'><strong>τὸ</strong></span> <span class='ocrx_word' id='word_1_55' title='bbox 1212 1642 1276 1718; x_wconf 78' lang='grc' dir='ltr'><em>μεθ’</em></span> <span class='ocrx_word' id='word_1_56' title='bbox 1289 1637 1374 1731; x_wconf 26' lang='grc' dir='ltr'><em>,ὅρκου</em></span> <span class='ocrx_word' id='word_1_57' title='bbox 1392 1637 1533 1702; x_wconf 75' lang='grc' dir='ltr'><em>οέδθοοοτοο</em></span> 
     </span>
     <span class='ocr_line' id='line_1_9' title="bbox 518 1752 1177 1838; baseline 0.005 -19"><span class='ocrx_word' id='word_1_58' title='bbox 518 1756 696 1836; x_wconf 78' lang='grc' dir='ltr'><em>οομοζθμεοοο</em></span> <span class='ocrx_word' id='word_1_59' title='bbox 719 1758 759 1827; x_wconf 80' lang='grc' dir='ltr'><strong>εἰς</strong></span> <span class='ocrx_word' id='word_1_60' title='bbox 784 1757 950 1836; x_wconf 59' lang='lat' dir='ltr'><strong>esttamen</strong></span> <span class='ocrx_word' id='word_1_61' title='bbox 974 1752 1027 1820; x_wconf 81' lang='grc' dir='ltr'><em>οἷον</em></span> <span class='ocrx_word' id='word_1_62' title='bbox 1051 1758 1177 1838; x_wconf 65' lang='grc' dir='ltr'><em>εὐχερές.</em></span> 
     </span>
    </p>

    <p class='ocr_par' dir='ltr' id='par_1_3' title="bbox 518 1872 1536 2075">
     <span class='ocr_line' id='line_1_10' title="bbox 566 1872 1536 1958; baseline -0.001 -23"><span class='ocrx_word' id='word_1_63' title='bbox 566 1876 639 1935; x_wconf 80' lang='lat'>123.</span> <span class='ocrx_word' id='word_1_64' title='bbox 675 1872 826 1937; x_wconf 79' lang='grc' dir='ltr'><em>Ἐνθπλοα.</em></span> <span class='ocrx_word' id='word_1_65' title='bbox 853 1872 911 1937; x_wconf 84' lang='lat' dir='ltr'><strong>Vel</strong></span> <span class='ocrx_word' id='word_1_66' title='bbox 935 1873 973 1936; x_wconf 87' lang='lat' dir='ltr'><strong>ad</strong></span> <span class='ocrx_word' id='word_1_67' title='bbox 998 1874 1164 1954; x_wconf 72' lang='grc' dir='ltr'><em>χαλκωθεὶς</em></span> <span class='ocrx_word' id='word_1_68' title='bbox 1189 1874 1342 1958; x_wconf 85' lang='lat' dir='ltr'><strong>pertinet:</strong></span> <span class='ocrx_word' id='word_1_69' title='bbox 1365 1872 1475 1935; x_wconf 89' lang='lat' dir='ltr'><strong>aeratis</strong></span> <span class='ocrx_word' id='word_1_70' title='bbox 1492 1893 1536 1934; x_wconf 91' lang='lat' dir='ltr'><strong>ar-</strong></span> 
     </span>
     <span class='ocr_line' id='line_1_11' title="bbox 518 1988 1534 2075; baseline -0.001 -23"><span class='ocrx_word' id='word_1_71' title='bbox 518 1990 577 2052; x_wconf 90' lang='lat' dir='ltr'><strong>mis</strong></span> <span class='ocrx_word' id='word_1_72' title='bbox 608 1988 754 2052; x_wconf 89' lang='lat' dir='ltr'><strong>indutus:</strong></span> <span class='ocrx_word' id='word_1_73' title='bbox 787 1989 835 2052; x_wconf 89' lang='lat' dir='ltr'><strong>vel</strong></span> <span class='ocrx_word' id='word_1_74' title='bbox 864 1989 902 2052; x_wconf 87' lang='lat' dir='ltr'><strong>ad</strong></span> <span class='ocrx_word' id='word_1_75' title='bbox 926 1988 1052 2071; x_wconf 77' lang='grc' dir='ltr'><em>ἔπαιζεν.</em></span> <span class='ocrx_word' id='word_1_76' title='bbox 1100 1990 1276 2073; x_wconf 87' lang='lat' dir='ltr'><strong>Utrumque</strong></span> <span class='ocrx_word' id='word_1_77' title='bbox 1301 1990 1478 2075; x_wconf 81' lang='lat' dir='ltr'><strong>agnoscitur</strong></span> <span class='ocrx_word' id='word_1_78' title='bbox 1501 1988 1534 2051; x_wconf 94' lang='lat' dir='ltr'><strong>in</strong></span> 
     </span>
    </p>
   </div>
   <div class='ocr_carea' id='block_1_3' title="bbox 519 2090 1536 2193">
    <p class='ocr_par' dir='ltr' id='par_1_4' title="bbox 519 2090 1536 2193">
     <span class='ocr_line' id='line_1_12' title="bbox 519 2090 1536 2193; baseline 0 -23"><span class='ocrx_word' id='word_1_79' title='bbox 519 2108 634 2170; x_wconf 89' lang='lat' dir='ltr'><strong>scholio</strong></span> <span class='ocrx_word' id='word_1_80' title='bbox 658 2090 775 2184; x_wconf 82' lang='lat' dir='ltr'><strong>vetere,</strong></span> <span class='ocrx_word' id='word_1_81' title='bbox 801 2113 893 2190; x_wconf 84' lang='lat' dir='ltr'><strong>atque</strong></span> <span class='ocrx_word' id='word_1_82' title='bbox 916 2107 975 2171; x_wconf 91' lang='lat' dir='ltr'><strong>hoc</strong></span> <span class='ocrx_word' id='word_1_83' title='bbox 999 2108 1090 2171; x_wconf 89' lang='lat' dir='ltr'><strong>etiam</strong></span> <span class='ocrx_word' id='word_1_84' title='bbox 1115 2108 1289 2193; x_wconf 83' lang='lat' dir='ltr'><strong>explicatur</strong></span> <span class='ocrx_word' id='word_1_85' title='bbox 1310 2106 1438 2171; x_wconf 77' lang='grc' dir='ltr'><em>ἐνθπλοον</em></span> <span class='ocrx_word' id='word_1_86' title='bbox 1451 2105 1536 2186; x_wconf 78' lang='grc' dir='ltr'><em>ὄρχο-</em></span> 
     </span>
    </p>
   </div>
   <div class='ocr_carea' id='block_1_4' title="bbox 503 2223 1546 4547">
    <p class='ocr_par' dir='ltr' id='par_1_5' title="bbox 520 2223 1538 2783">
     <span class='ocr_line' id='line_1_13' title="bbox 520 2223 1533 2311; baseline -0.002 -22"><span class='ocrx_word' id='word_1_87' title='bbox 520 2250 562 2289; x_wconf 84' lang='grc' dir='ltr'><strong>σοο</strong></span> <span class='ocrx_word' id='word_1_88' title='bbox 592 2227 721 2290; x_wconf 78' lang='grc' dir='ltr'><em>ἐποιεῖτο.</em></span> <span class='ocrx_word' id='word_1_89' title='bbox 767 2225 808 2288; x_wconf 79' lang='lat' dir='ltr'><strong>Et</strong></span> <span class='ocrx_word' id='word_1_90' title='bbox 838 2223 876 2288; x_wconf 87' lang='lat' dir='ltr'><strong>de</strong></span> <span class='ocrx_word' id='word_1_91' title='bbox 907 2224 1070 2289; x_wconf 78' lang='lat' dir='ltr'><strong>saltatione</strong></span> <span class='ocrx_word' id='word_1_92' title='bbox 1102 2224 1226 2309; x_wconf 89' lang='lat' dir='ltr'><strong>quidem</strong></span> <span class='ocrx_word' id='word_1_93' title='bbox 1257 2227 1304 2290; x_wconf 81' lang='lat' dir='ltr'><strong>vix</strong></span> <span class='ocrx_word' id='word_1_94' title='bbox 1332 2225 1533 2311; x_wconf 83' lang='lat' dir='ltr'><strong>cogitaveris:</strong></span> 
     </span>
     <span class='ocr_line' id='line_1_14' title="bbox 520 2341 1536 2427; baseline -0.003 -21"><span class='ocrx_word' id='word_1_95' title='bbox 520 2342 571 2406; x_wconf 90' lang='lat' dir='ltr'><strong>sed</strong></span> <span class='ocrx_word' id='word_1_96' title='bbox 597 2343 721 2406; x_wconf 92' lang='lat' dir='ltr'><strong>omnino</strong></span> <span class='ocrx_word' id='word_1_97' title='bbox 746 2341 821 2405; x_wconf 89' lang='lat' dir='ltr'><strong>mihi</strong></span> <span class='ocrx_word' id='word_1_98' title='bbox 845 2342 968 2406; x_wconf 88' lang='lat' dir='ltr'><strong>videtur</strong></span> <span class='ocrx_word' id='word_1_99' title='bbox 992 2343 1157 2427; x_wconf 84' lang='lat' dir='ltr'><strong>significari</strong></span> <span class='ocrx_word' id='word_1_100' title='bbox 1173 2344 1258 2408; x_wconf 87' lang='lat' dir='ltr'><strong>lusus</strong></span> <span class='ocrx_word' id='word_1_101' title='bbox 1275 2343 1309 2406; x_wconf 90' lang='lat' dir='ltr'><strong>in</strong></span> <span class='ocrx_word' id='word_1_102' title='bbox 1325 2342 1435 2418; x_wconf 87' lang='lat' dir='ltr'><strong>armis,</strong></span> <span class='ocrx_word' id='word_1_103' title='bbox 1454 2343 1536 2426; x_wconf 90' lang='lat' dir='ltr'><strong>ejus,</strong></span> 
     </span>
     <span class='ocr_line' id='line_1_15' title="bbox 521 2460 1538 2546; baseline 0 -23"><span class='ocrx_word' id='word_1_104' title='bbox 521 2461 573 2544; x_wconf 89' lang='lat' dir='ltr'><strong>qui</strong></span> <span class='ocrx_word' id='word_1_105' title='bbox 604 2461 703 2524; x_wconf 88' lang='lat' dir='ltr'><strong>multa</strong></span> <span class='ocrx_word' id='word_1_106' title='bbox 732 2484 840 2545; x_wconf 90' lang='lat' dir='ltr'><strong>passus</strong></span> <span class='ocrx_word' id='word_1_107' title='bbox 874 2462 975 2525; x_wconf 89' lang='lat' dir='ltr'><strong>fuerat</strong></span> <span class='ocrx_word' id='word_1_108' title='bbox 1005 2462 1118 2526; x_wconf 87' lang='lat' dir='ltr'><strong>frustra</strong></span> <span class='ocrx_word' id='word_1_109' title='bbox 1152 2484 1262 2546; x_wconf 91' lang='lat' dir='ltr'><strong>equum</strong></span> <span class='ocrx_word' id='word_1_110' title='bbox 1296 2460 1418 2525; x_wconf 88' lang='lat' dir='ltr'><strong>domare</strong></span> <span class='ocrx_word' id='word_1_111' title='bbox 1443 2482 1538 2545; x_wconf 90' lang='lat' dir='ltr'><strong>quum</strong></span> 
     </span>
     <span class='ocr_line' id='line_1_16' title="bbox 521 2578 1536 2664; baseline -0.002 -21"><span class='ocrx_word' id='word_1_112' title='bbox 521 2588 699 2656; x_wconf 87' lang='lat' dir='ltr'><strong>conaretur,</strong></span> <span class='ocrx_word' id='word_1_113' title='bbox 727 2586 758 2642; x_wconf 89' lang='lat' dir='ltr'><strong>et</strong></span> <span class='ocrx_word' id='word_1_114' title='bbox 782 2580 836 2663; x_wconf 89' lang='lat' dir='ltr'><strong>qui</strong></span> <span class='ocrx_word' id='word_1_115' title='bbox 857 2580 938 2664; x_wconf 88' lang='lat' dir='ltr'><strong>jam,</strong></span> <span class='ocrx_word' id='word_1_116' title='bbox 963 2601 996 2643; x_wconf 91' lang='lat' dir='ltr'><strong>re</strong></span> <span class='ocrx_word' id='word_1_117' title='bbox 1019 2580 1157 2643; x_wconf 88' lang='lat' dir='ltr'><strong>nondum</strong></span> <span class='ocrx_word' id='word_1_118' title='bbox 1180 2580 1330 2664; x_wconf 88' lang='lat' dir='ltr'><strong>perfecta,</strong></span> <span class='ocrx_word' id='word_1_119' title='bbox 1355 2578 1409 2641; x_wconf 91' lang='lat' dir='ltr'><strong>sed</strong></span> <span class='ocrx_word' id='word_1_120' title='bbox 1433 2585 1536 2641; x_wconf 91' lang='lat' dir='ltr'><strong>tamen</strong></span> 
     </span>
     <span class='ocr_line' id='line_1_17' title="bbox 520 2696 1533 2783; baseline -0.003 -23"><span class='ocrx_word' id='word_1_121' title='bbox 520 2720 573 2783; x_wconf 92' lang='lat' dir='ltr'><strong>spe</strong></span> <span class='ocrx_word' id='word_1_122' title='bbox 597 2698 738 2775; x_wconf 88' lang='lat' dir='ltr'><strong>inventa,</strong></span> <span class='ocrx_word' id='word_1_123' title='bbox 762 2697 860 2761; x_wconf 89' lang='lat' dir='ltr'><strong>laetus</strong></span> <span class='ocrx_word' id='word_1_124' title='bbox 884 2698 986 2761; x_wconf 92' lang='lat' dir='ltr'><strong>omnia</strong></span> <span class='ocrx_word' id='word_1_125' title='bbox 1010 2698 1072 2761; x_wconf 88' lang='lat' dir='ltr'><strong>vati</strong></span> <span class='ocrx_word' id='word_1_126' title='bbox 1096 2705 1126 2761; x_wconf 89' lang='lat' dir='ltr'><strong>et</strong></span> <span class='ocrx_word' id='word_1_127' title='bbox 1142 2696 1334 2761; x_wconf 88' lang='lat' dir='ltr'><strong>consiliatori</strong></span> <span class='ocrx_word' id='word_1_128' title='bbox 1349 2705 1533 2759; x_wconf 85' lang='lat' dir='ltr'><strong>narraverat.</strong></span> 
     </span>
    </p>

    <p class='ocr_par' dir='ltr' id='par_1_6' title="bbox 523 2812 1533 3019">
     <span class='ocr_line' id='line_1_18' title="bbox 570 2812 1533 2899; baseline -0.002 -21"><span class='ocrx_word' id='word_1_129' title='bbox 570 2818 641 2878; x_wconf 77' lang='lat'>125.</span> <span class='ocrx_word' id='word_1_130' title='bbox 666 2814 769 2895; x_wconf 76' lang='grc' dir='ltr'><em>αἰθέρος</em></span> <span class='ocrx_word' id='word_1_131' title='bbox 792 2819 924 2894; x_wconf 72' lang='grc' dir='ltr'><em>ψυχροῖς.</em></span> <span class='ocrx_word' id='word_1_132' title='bbox 965 2812 1015 2877; x_wconf 83' lang='lat' dir='ltr'><strong>Ad</strong></span> <span class='ocrx_word' id='word_1_133' title='bbox 1039 2814 1308 2899; x_wconf 89' lang='lat' dir='ltr'><strong>Hyperboreorum</strong></span> <span class='ocrx_word' id='word_1_134' title='bbox 1332 2813 1400 2878; x_wconf 89' lang='lat' dir='ltr'><strong>loca</strong></span> <span class='ocrx_word' id='word_1_135' title='bbox 1424 2813 1473 2878; x_wconf 83' lang='lat' dir='ltr'><strong>rel</strong></span> <span class='ocrx_word' id='word_1_136' title='bbox 1497 2813 1533 2877; x_wconf 86' lang='lat' dir='ltr'><strong>ad</strong></span> 
     </span>
     <span class='ocr_line' id='line_1_19' title="bbox 523 2933 1080 3019; baseline 0 -23"><span class='ocrx_word' id='word_1_137' title='bbox 523 2933 679 3019; x_wconf 84' lang='lat' dir='ltr'><strong>Scythiam</strong></span> <span class='ocrx_word' id='word_1_138' title='bbox 703 2935 872 2996; x_wconf 83' lang='lat' dir='ltr'><strong>Amazones</strong></span> <span class='ocrx_word' id='word_1_139' title='bbox 896 2933 1080 2997; x_wconf 78' lang='lat' dir='ltr'><strong>referuntur.</strong></span> 
     </span>
    </p>

    <p class='ocr_par' dir='ltr' id='par_1_7' title="bbox 525 3049 1538 3350">
     <span class='ocr_line' id='line_1_20' title="bbox 572 3049 1538 3137; baseline 0.001 -24"><span class='ocrx_word' id='word_1_140' title='bbox 572 3054 644 3114; x_wconf 81' lang='lat'><strong>126.</strong></span> <span class='ocrx_word' id='word_1_141' title='bbox 679 3052 793 3130; x_wconf 73' lang='grc' dir='ltr'><em>ἐρήμου.</em></span> <span class='ocrx_word' id='word_1_142' title='bbox 839 3049 911 3114; x_wconf 93' lang='lat' dir='ltr'><strong>Non</strong></span> <span class='ocrx_word' id='word_1_143' title='bbox 950 3071 1111 3115; x_wconf 86' lang='lat' dir='ltr'><strong>commune</strong></span> <span class='ocrx_word' id='word_1_144' title='bbox 1146 3052 1304 3137; x_wconf 90' lang='lat' dir='ltr'><strong>epitheton</strong></span> <span class='ocrx_word' id='word_1_145' title='bbox 1334 3073 1399 3114; x_wconf 86' lang='lat' dir='ltr'><strong>esse</strong></span> <span class='ocrx_word' id='word_1_146' title='bbox 1431 3050 1538 3129; x_wconf 88' lang='lat' dir='ltr'><strong>oredo,</strong></span> 
     </span>
     <span class='ocr_line' id='line_1_21' title="bbox 525 3168 1537 3253; baseline 0 -21"><span class='ocrx_word' id='word_1_147' title='bbox 525 3169 577 3233; x_wconf 90' lang='lat' dir='ltr'><strong>sed</strong></span> <span class='ocrx_word' id='word_1_148' title='bbox 610 3169 774 3253; x_wconf 83' lang='lat' dir='ltr'><strong>significari</strong></span> <span class='ocrx_word' id='word_1_149' title='bbox 797 3191 815 3231; x_wconf 89' lang='lat' dir='ltr'><strong>a</strong></span> <span class='ocrx_word' id='word_1_150' title='bbox 838 3177 918 3232; x_wconf 93' lang='lat' dir='ltr'><strong>terra</strong></span> <span class='ocrx_word' id='word_1_151' title='bbox 940 3169 1104 3233; x_wconf 88' lang='lat' dir='ltr'><strong>remotiora</strong></span> <span class='ocrx_word' id='word_1_152' title='bbox 1128 3176 1158 3232; x_wconf 91' lang='lat' dir='ltr'><strong>et</strong></span> <span class='ocrx_word' id='word_1_153' title='bbox 1182 3169 1266 3233; x_wconf 87' lang='lat' dir='ltr'><strong>coelo</strong></span> <span class='ocrx_word' id='word_1_154' title='bbox 1290 3169 1433 3253; x_wconf 88' lang='lat' dir='ltr'><strong>propiora</strong></span> <span class='ocrx_word' id='word_1_155' title='bbox 1456 3168 1537 3232; x_wconf 89' lang='lat' dir='ltr'><strong>loca:</strong></span> 
     </span>
     <span class='ocr_line' id='line_1_22' title="bbox 525 3285 913 3350; baseline -0.003 -1"><span class='ocrx_word' id='word_1_156' title='bbox 525 3285 615 3350; x_wconf 85' lang='lat' dir='ltr'><strong>ovid.</strong></span> <span class='ocrx_word' id='word_1_157' title='bbox 640 3286 721 3349; x_wconf 83' lang='lat' dir='ltr'><strong>Fast.</strong></span> <span class='ocrx_word' id='word_1_158' title='bbox 746 3285 782 3349; x_wconf 89' lang='lat' dir='ltr'><strong>L.</strong></span> <span class='ocrx_word' id='word_1_159' title='bbox 807 3286 824 3348; x_wconf 92' lang='lat' dir='ltr'>I</span> <span class='ocrx_word' id='word_1_160' title='bbox 847 3289 913 3348; x_wconf 77' lang='lat'><strong>494</strong></span> 
     </span>
    </p>

    <p class='ocr_par' dir='ltr' id='par_1_8' title="bbox 503 3403 1542 3842">
     <span class='ocr_line' id='line_1_23' title="bbox 683 3403 1385 3488; baseline 0 -23"><span class='ocrx_word' id='word_1_161' title='bbox 683 3403 809 3466; x_wconf 87' lang='lat' dir='ltr'><strong>Volucri</strong></span> <span class='ocrx_word' id='word_1_162' title='bbox 832 3425 929 3467; x_wconf 89' lang='lat' dir='ltr'><strong>vacuo</strong></span> <span class='ocrx_word' id='word_1_163' title='bbox 955 3403 1108 3487; x_wconf 88' lang='lat' dir='ltr'><strong>quidquid</strong></span> <span class='ocrx_word' id='word_1_164' title='bbox 1132 3406 1164 3468; x_wconf 90' lang='lat' dir='ltr'><strong>in</strong></span> <span class='ocrx_word' id='word_1_165' title='bbox 1188 3403 1261 3468; x_wconf 92' lang='lat' dir='ltr'><strong>orbe</strong></span> <span class='ocrx_word' id='word_1_166' title='bbox 1284 3410 1385 3488; x_wconf 88' lang='lat' dir='ltr'><strong>patet:</strong></span> 
     </span>
     <span class='ocr_line' id='line_1_24' title="bbox 525 3520 1541 3605; baseline -0.002 -20"><span class='ocrx_word' id='word_1_167' title='bbox 525 3521 616 3585; x_wconf 87' lang='lat' dir='ltr'><strong>Pind.</strong></span> <span class='ocrx_word' id='word_1_168' title='bbox 640 3520 690 3584; x_wconf 94' lang='lat' dir='ltr'><strong>Ol.</strong></span> <span class='ocrx_word' id='word_1_169' title='bbox 715 3521 731 3584; x_wconf 91' lang='grc' dir='ltr'>Ι</span> <span class='ocrx_word' id='word_1_170' title='bbox 759 3524 797 3585; x_wconf 87' lang='grc'><strong>10</strong></span> <span class='ocrx_word' id='word_1_171' title='bbox 822 3522 930 3601; x_wconf 57' lang='lat' dir='ltr'><strong>hilm</strong></span> <span class='ocrx_word' id='word_1_172' title='bbox 955 3523 989 3586; x_wconf 75' lang='grc' dir='ltr'><strong>δι’</strong></span> <span class='ocrx_word' id='word_1_173' title='bbox 1013 3521 1129 3603; x_wconf 79' lang='grc' dir='ltr'><em>αἰθέρος.</em></span> <span class='ocrx_word' id='word_1_174' title='bbox 1154 3521 1352 3603; x_wconf 79' lang='lat' dir='ltr'><strong>Significatur</strong></span> <span class='ocrx_word' id='word_1_175' title='bbox 1375 3543 1448 3605; x_wconf 89' lang='lat' dir='ltr'><strong>ergo</strong></span> <span class='ocrx_word' id='word_1_176' title='bbox 1472 3520 1541 3585; x_wconf 91' lang='lat' dir='ltr'><strong>Bel·</strong></span> 
     </span>
     <span class='ocr_line' id='line_1_25' title="bbox 503 3638 1542 3722; baseline -0.001 -20"><span class='ocrx_word' id='word_1_177' title='bbox 503 3639 721 3722; x_wconf 86' lang='lat' dir='ltr'><strong>lerophontes</strong></span> <span class='ocrx_word' id='word_1_178' title='bbox 757 3638 873 3722; x_wconf 87' lang='lat' dir='ltr'><strong>Pegaso</strong></span> <span class='ocrx_word' id='word_1_179' title='bbox 909 3646 1030 3702; x_wconf 86' lang='lat' dir='ltr'><strong>evectus</strong></span> <span class='ocrx_word' id='word_1_180' title='bbox 1074 3640 1167 3702; x_wconf 85' lang='lat' dir='ltr'><strong>fuisse</strong></span> <span class='ocrx_word' id='word_1_181' title='bbox 1206 3640 1238 3702; x_wconf 87' lang='lat' dir='ltr'><strong>in</strong></span> <span class='ocrx_word' id='word_1_182' title='bbox 1271 3639 1393 3702; x_wconf 87' lang='lat' dir='ltr'><strong>aethera</strong></span> <span class='ocrx_word' id='word_1_183' title='bbox 1422 3646 1542 3702; x_wconf 89' lang='lat' dir='ltr'><strong>vastum</strong></span> 
     </span>
     <span class='ocr_line' id='line_1_26' title="bbox 527 3757 1400 3842; baseline 0 -22"><span class='ocrx_word' id='word_1_184' title='bbox 527 3757 783 3842; x_wconf 86' lang='lat' dir='ltr'><strong>terrestribusque</strong></span> <span class='ocrx_word' id='word_1_185' title='bbox 806 3758 992 3841; x_wconf 89' lang='lat' dir='ltr'><strong>superiorem</strong></span> <span class='ocrx_word' id='word_1_186' title='bbox 1017 3757 1168 3841; x_wconf 89' lang='lat' dir='ltr'><strong>angustiis</strong></span> <span class='ocrx_word' id='word_1_187' title='bbox 1193 3778 1228 3819; x_wconf 92' lang='lat' dir='ltr'><strong>ac</strong></span> <span class='ocrx_word' id='word_1_188' title='bbox 1251 3757 1400 3820; x_wconf 89' lang='lat' dir='ltr'><strong>terminis.</strong></span> 
     </span>
    </p>

    <p class='ocr_par' dir='ltr' id='par_1_9' title="bbox 528 3873 1546 4192">
     <span class='ocr_line' id='line_1_27' title="bbox 577 3873 1545 3959; baseline -0.002 -21"><span class='ocrx_word' id='word_1_189' title='bbox 577 3878 648 3938; x_wconf 81' lang='lat'><strong>129.</strong></span> <span class='ocrx_word' id='word_1_190' title='bbox 684 3874 800 3958; x_wconf 86' lang='lat' dir='ltr'><strong>Solymi</strong></span> <span class='ocrx_word' id='word_1_191' title='bbox 822 3876 855 3937; x_wconf 94' lang='lat' dir='ltr'><strong>in</strong></span> <span class='ocrx_word' id='word_1_192' title='bbox 879 3875 1018 3938; x_wconf 88' lang='lat' dir='ltr'><strong>confiniis</strong></span> <span class='ocrx_word' id='word_1_193' title='bbox 1041 3882 1199 3958; x_wconf 92' lang='lat' dir='ltr'><strong>ponuntur</strong></span> <span class='ocrx_word' id='word_1_194' title='bbox 1220 3873 1331 3959; x_wconf 81' lang='lat' dir='ltr'><strong>Lyciae</strong></span> <span class='ocrx_word' id='word_1_195' title='bbox 1348 3880 1379 3937; x_wconf 89' lang='lat' dir='ltr'><strong>et</strong></span> <span class='ocrx_word' id='word_1_196' title='bbox 1394 3873 1545 3958; x_wconf 90' lang='lat' dir='ltr'><strong>Pamphy-</strong></span> 
     </span>
     <span class='ocr_line' id='line_1_28' title="bbox 528 3991 1546 4076; baseline -0.002 -21"><span class='ocrx_word' id='word_1_197' title='bbox 528 3993 595 4055; x_wconf 84' lang='lat' dir='ltr'><strong>liae.</strong></span> <span class='ocrx_word' id='word_1_198' title='bbox 633 3991 724 4076; x_wconf 86' lang='lat' dir='ltr'><strong>Apud</strong></span> <span class='ocrx_word' id='word_1_199' title='bbox 750 3991 918 4055; x_wconf 92' lang='lat' dir='ltr'><strong>Homerum</strong></span> <span class='ocrx_word' id='word_1_200' title='bbox 943 3998 1045 4055; x_wconf 88' lang='lat' dir='ltr'><strong>autem</strong></span> <span class='ocrx_word' id='word_1_201' title='bbox 1070 3991 1131 4055; x_wconf 84' lang='lat' dir='ltr'><strong>alio</strong></span> <span class='ocrx_word' id='word_1_202' title='bbox 1155 3991 1262 4055; x_wconf 89' lang='lat' dir='ltr'><strong>ordine</strong></span> <span class='ocrx_word' id='word_1_203' title='bbox 1285 3992 1453 4055; x_wconf 88' lang='lat' dir='ltr'><strong>certamina</strong></span> <span class='ocrx_word' id='word_1_204' title='bbox 1477 4013 1546 4054; x_wconf 87' lang='lat' dir='ltr'><strong>nar-</strong></span> 
     </span>
     <span class='ocr_line' id='line_1_29' title="bbox 529 4108 1396 4192; baseline -0.002 -20"><span class='ocrx_word' id='word_1_205' title='bbox 529 4117 653 4186; x_wconf 89' lang='lat' dir='ltr'><strong>rantur,</strong></span> <span class='ocrx_word' id='word_1_206' title='bbox 678 4108 872 4184; x_wconf 84' lang='lat' dir='ltr'><strong>Chimaerae,</strong></span> <span class='ocrx_word' id='word_1_207' title='bbox 897 4108 1109 4192; x_wconf 73' lang='lat' dir='ltr'><strong>solymorum,</strong></span> <span class='ocrx_word' id='word_1_208' title='bbox 1134 4110 1334 4172; x_wconf 81' lang='lat' dir='ltr'><strong>Amazonum.</strong></span> <span class='ocrx_word' id='word_1_209' title='bbox 1395 4182 1396 4186; x_wconf 6' lang='grc' dir='ltr'><strong>Ἰ</strong></span> 
     </span>
    </p>

    <p class='ocr_par' dir='ltr' id='par_1_10' title="bbox 530 4225 1545 4547">
     <span class='ocr_line' id='line_1_30' title="bbox 576 4225 1545 4311; baseline -0.001 -21"><span class='ocrx_word' id='word_1_210' title='bbox 576 4230 649 4291; x_wconf 82' lang='grc'><strong>130.</strong></span> <span class='ocrx_word' id='word_1_211' title='bbox 685 4228 918 4304; x_wconf 73' lang='grc' dir='ltr'><em>δοοοσαοοθσομαο.</em></span> <span class='ocrx_word' id='word_1_212' title='bbox 966 4226 1117 4289; x_wconf 89' lang='lat' dir='ltr'><strong>Novimus</strong></span> <span class='ocrx_word' id='word_1_213' title='bbox 1153 4227 1255 4290; x_wconf 89' lang='lat' dir='ltr'><strong>tristes</strong></span> <span class='ocrx_word' id='word_1_214' title='bbox 1286 4225 1545 4311; x_wconf 88' lang='lat' dir='ltr'><strong>Bellerophontae</strong></span> 
     </span>
     <span class='ocr_line' id='line_1_31' title="bbox 530 4342 1543 4429; baseline -0.003 -20"><span class='ocrx_word' id='word_1_215' title='bbox 530 4347 647 4421; x_wconf 74' lang='lat' dir='ltr'><strong>eritne,</strong></span> <span class='ocrx_word' id='word_1_216' title='bbox 671 4345 812 4408; x_wconf 89' lang='lat' dir='ltr'><strong>inventos</strong></span> <span class='ocrx_word' id='word_1_217' title='bbox 829 4345 989 4429; x_wconf 84' lang='lat' dir='ltr'><strong>superbia,</strong></span> <span class='ocrx_word' id='word_1_218' title='bbox 1007 4367 1103 4427; x_wconf 91' lang='lat' dir='ltr'><strong>quum</strong></span> <span class='ocrx_word' id='word_1_219' title='bbox 1120 4344 1238 4408; x_wconf 90' lang='lat' dir='ltr'><strong>coelum</strong></span> <span class='ocrx_word' id='word_1_220' title='bbox 1257 4351 1361 4427; x_wconf 88' lang='lat' dir='ltr'><strong>petere</strong></span> <span class='ocrx_word' id='word_1_221' title='bbox 1377 4342 1543 4408; x_wconf 88' lang='lat' dir='ltr'><strong>voluisset:</strong></span> 
     </span>
     <span class='ocr_line' id='line_1_32' title="bbox 530 4460 1374 4547; baseline -0.004 -22"><span class='ocrx_word' id='word_1_222' title='bbox 530 4483 661 4545; x_wconf 88' lang='lat' dir='ltr'><strong>quorum</strong></span> <span class='ocrx_word' id='word_1_223' title='bbox 685 4462 923 4547; x_wconf 87' lang='lat' dir='ltr'><strong>attigitpartim</strong></span> <span class='ocrx_word' id='word_1_224' title='bbox 947 4462 1119 4538; x_wconf 89' lang='lat' dir='ltr'><strong>Homerus,</strong></span> <span class='ocrx_word' id='word_1_225' title='bbox 1144 4460 1180 4524; x_wconf 88' lang='lat' dir='ltr'><strong>L.</strong></span> <span class='ocrx_word' id='word_1_226' title='bbox 1207 4460 1254 4523; x_wconf 88' lang='lat' dir='ltr'><strong>VI</strong></span> <span class='ocrx_word' id='word_1_227' title='bbox 1279 4463 1343 4523; x_wconf 75' lang='lat'><strong>200</strong></span> <span class='ocrx_word' id='word_1_228' title='bbox 1371 4475 1374 4480; x_wconf 82' lang='grc'><em>’</em></span> 
     </span>
    </p>
   </div>
   <div class='ocr_carea' id='block_1_5' title="bbox 0 0 1900 5534">
    <p class='ocr_par' dir='ltr' id='par_1_11' title="bbox 0 0 1900 5534">
     <span class='ocr_line' id='line_1_33' title="bbox 0 0 1900 5534; baseline 0 0"><span class='ocrx_word' id='word_1_229' title='bbox 0 0 1900 5534; x_wconf 95' lang='lat' dir='ltr'><strong> </strong></span> 
     </span>
    </p>
   </div>
  </div>
 </body>
</html>
