3767 5534
904 731 968 791 aba

438 954 578 995 amorem.
624 932 717 1011 Quod
747 933 801 997 illa
831 956 913 997 nunc
936 955 1041 997 recens
1066 933 1235 995 instaurata
1258 936 1356 1001 esset,
1381 924 1440 988 effi·

437 1072 503 1113 cere
524 1051 614 1115 etiarn
638 1052 756 1136 potuit,
781 1061 816 1117 ut
839 1052 1007 1136 impensius
1031 1048 1153 1133 singula
1175 1048 1243 1112 loca
1264 1044 1415 1109 laudaret.

482 1170 535 1233 28.
570 1170 702 1250 στοοοτίν.
737 1170 910 1255 Populum:
947 1170 985 1234 ef.
1021 1168 1071 1233 Ol.
1107 1167 1153 1231 IX
1193 1168 1253 1230 143
1288 1161 1440 1245 Ποορῤοοσίῳ

437 1294 565 1366 eccard:
590 1284 700 1354 dasch.
724 1288 814 1353 Eum.
840 1291 905 1351 889
926 1288 1009 1353 πόλει
1033 1294 1116 1364 μῆνίν
1140 1283 1297 1362 ἢβλοοβίον
1312 1282 1438 1363 στροτῷ.

482 1407 534 1468 29.
569 1404 742 1469 Memorant
763 1406 944 1469 scholiastae
970 1412 1084 1469 veteres
1101 1378 1131 1467 et
1146 1399 1346 1475 recentiores,
1364 1396 1440 1480 Hip·

437 1522 570 1607 paridem
594 1523 684 1587 undis
707 1524 863 1589 advexisse
886 1548 934 1601 ea,
960 1524 1074 1609 quibus
1097 1544 1174 1606 opus
1197 1526 1261 1584 erat
1276 1516 1315 1580 ad
1333 1515 1437 1579 urbem

437 1642 843 1714 aedificandamr.recentior
865 1643 958 1707 etiam
981 1642 1080 1719 addit,
1106 1640 1249 1706 habuisse
1271 1637 1361 1701 illum
1377 1635 1440 1698 fon-

436 1769 483 1824 tes
513 1762 546 1825 in
572 1770 677 1825 monte
705 1761 837 1845 quodam
868 1763 975 1827 multis
1006 1762 1097 1846 pleno
1129 1758 1305 1823 arboribus:
1338 1776 1439 1818 caesas

436 1878 508 1943 inde
541 1902 596 1963 per
628 1880 740 1944 flumen
770 1880 921 1945 advectas.
968 1878 1049 1945 Nam
1079 1878 1239 1942 domorum
1271 1881 1438 1939 erectarum

437 1997 524 2080 quasi
547 1998 640 2062 fnisse
664 1998 798 2081 sylvam,
822 1998 953 2084 ideoque
977 1997 1123 2083 appellari
1146 1996 1246 2064 οίλοοο.
1283 1993 1320 2057 lu
1338 2000 1437 2055 vetere

436 2137 506 2179 vero
530 2126 714 2181 memoratur
737 2118 828 2181 etiam
851 2118 1022 2181 Aristarchi
1045 2115 1212 2191 sententia,
1237 2112 1327 2180 οίλσος
1347 2110 1440 2174 fuisse

435 2233 531 2318 ipsam
559 2244 688 2300 terram:
712 2257 778 2299 eom
802 2231 904 2299 autem
929 2234 999 2300 urbi
1022 2235 1115 2300 fuisse
1139 2232 1274 2296 additam
1298 2228 1441 2314 Hippari-

435 2350 482 2415 dis
513 2352 640 2430 alluvie,
666 2354 821 2438 quomodo
844 2357 1005 2439 Aegyptus
1029 2363 1119 2417 aucta
1141 2353 1201 2420 fuit
1225 2350 1337 2414 alluvie
1362 2346 1437 2420 Nili.

435 2469 574 2554 Heynins
605 2493 676 2535 vero
704 2473 751 2536 his
780 2495 841 2536 non
872 2474 1055 2549 assentitur,
1089 2481 1119 2535 et
1150 2470 1233 2535 verbi
1260 2475 1354 2551 κολλᾷ
1377 2489 1437 2530 non

435 2580 567 2674 amplius
590 2589 792 2675 Hipparidem
815 2614 920 2655 verum
939 2592 1040 2676 ipsum
1055 2589 1249 2655 Pssumidem
1267 2587 1438 2672 subjectum

435 2729 500 2772 ease
523 2708 685 2773 existimat
721 2709 823 2795 Hujus
847 2733 991 2795 magnum
1008 2710 1142 2775 laborem
1158 2728 1344 2792 magnosque
1361 2727 1440 2768 sum·

435 2833 486 2889 tus
515 2827 548 2889 in
577 2827 652 2891 urbe
682 2828 883 2893 instauranda
910 2829 1023 2906 fuisse,
1057 2837 1093 2893 ut
1123 2850 1190 2892 vere
1219 2826 1280 2891 dici
1304 2824 1441 2910 potuerit

429 2944 583 3027 'populum
607 2968 623 3008 e
646 2944 826 3011 difficultate
857 2947 894 3010 ad
925 2948 1023 3012 lucem
1048 2945 1236 3032 perduxisse.
1280 2944 1345 3028 ligo
1370 2964 1439 3005 vero

434 3071 515 3127 certe
544 3064 634 3136 ἄλσος
665 3066 799 3142 ὑψίγυιον
822 3067 962 3144 lauduuo
986 3067 1023 3131 de
1046 3067 1141 3131 densa
1165 3067 1312 3132 domuum
1336 3064 1439 3129 multi·

434 3180 542 3245 tudine
572 3182 691 3247 dietum
721 3192 814 3268 puto:
846 3184 936 3257 οίλσος
969 3188 1060 3251 etiam
1093 3186 1131 3249 de
1161 3186 1229 3250 loco
1261 3206 1346 3249 sacro
1376 3205 1438 3247 non

434 3301 553 3364 consito
583 3302 643 3366 dici
674 3305 886 3369 annotavimus
918 3306 956 3370 ad
988 3304 1038 3369 Ol.
1069 3304 1122 3369 III
1152 3308 1212 3380 81,
1242 3302 1295 3367 sed
1317 3301 1438 3387 proprie

433 3418 617 3503 significasse
651 3444 759 3485 nemus
790 3422 905 3487 habens
937 3424 1074 3489 arbores:
1110 3423 1299 3507 Hesychius,
1331 3419 1436 3497 ἄλσος,

433 3537 590 3617 abavum
609 3538 709 3611 τίτοςε
726 3538 906 3605 Theocritus
921 3540 969 3606 Id.
987 3542 1004 3606 I
1022 3544 1084 3606 116
1101 3541 1260 3627 conjungit
1276 3538 1362 3621 ὅλοιν,
1379 3540 1440 3617 δρυ-

432 3656 518 3737 μοὺς,
542 3654 653 3721 daura:
684 3656 765 3741 Ergo
789 3658 936 3724 domuum
955 3626 1191 3725 multitudinem
1214 3682 1284 3724 cum
1307 3659 1437 3725 nemoris

432 3773 589 3839 arboribus
623 3775 718 3840 Poeta
748 3782 919 3863 comparat,
953 3779 1102 3865 adjiciens.
1126 3780 1262 3865 apprime
1292 3778 1436 3842 idoneum

431 3892 612 3976 adjectivum
628 3895 770 3976 ὑψίγυιον,
787 3896 993 3962 aedificiorum
1010 3900 1223 3984 proceritatem
1236 3895 1436 3982 significando

430 4010 517 4074 celsis
541 4010 700 4075 arboribus
723 4014 861 4079 similem.
887 4014 1032 4095 Θοίλοομος
1056 4017 1094 4080 de
1116 4018 1182 4101 ipsa
1199 4017 1246 4081 vel
1262 4024 1328 4079 tota
1343 4014 1434 4079 domo

431 4127 543 4192 dicitnr
573 4130 664 4194 etiam
693 4130 743 4194 Ol.
767 4131 815 4195 VI
838 4136 874 4211 2,
906 4134 960 4198 ubi
983 4135 1070 4220 quasi
1094 4136 1177 4200 idem
1200 4136 1249 4199 est
1269 4142 1362 4220 atque
1385 4132 1435 4207 μί-

430 4270 535 4325 γοορον,
570 4248 652 4330 quod
683 4250 714 4311 in
748 4250 850 4314 eadem
882 4254 1033 4317 sententia
1064 4253 1189 4317 dicitur.
1238 4253 1432 4337 Adjectivum

432 4365 555 4429 σταδίων
585 4375 666 4430 recte
689 4368 858 4452 explicatur
881 4393 899 4433 a
922 4372 1087 4435 scholiasta
1109 4381 1209 4436 vetere
1232 4370 1264 4437 εὖ
1286 4372 1433 4446 ἑστώτων,

432 4483 559 4563 ἓδρσίον,
590 4506 774 4571 quamquam
804 4509 897 4551 causa
927 4512 989 4556 nou
1018 4499 1100 4559 recte
1131 4492 1313 4580 apponitur,
1339 4511 1435 4580 quum
