3767 5534
972 719 1037 780 att·

497 943 531 983 ea
555 928 663 1007 cuncta
688 920 755 983 loca
778 920 968 1004 comparanti
991 920 1067 982 mihi
1095 919 1278 1003 significatio
1304 919 1366 982 visa
1383 929 1429 984 est
1446 943 1514 985 csse

494 1040 616 1116 cadom,
642 1063 733 1123 quarn
758 1039 848 1103 modo
873 1039 954 1114 dixi,
979 1047 1030 1103 τοῦ
1058 1039 1330 1117 καταλαμποσθαι,
1355 1040 1510 1103 radiatum

493 1183 570 1237 esso,
593 1161 702 1222 lucere.
732 1159 833 1243 Igitur
853 1160 890 1223 ab
912 1160 970 1222 hoc
988 1160 1112 1222 Pindari
1132 1160 1198 1221 loco
1216 1159 1289 1223 hacc
1306 1160 1404 1223 aliena
1421 1176 1506 1224 sunt.

536 1277 643 1340 Restat
675 1285 710 1341 ut
741 1278 778 1341 dc
811 1277 901 1341 vcrbo
933 1282 1064 1354 μενοινῶν
1097 1277 1271 1341 videamus:
1308 1278 1391 1363 quod
1426 1288 1511 1342 certe

491 1386 735 1481 saepissimam
767 1398 876 1482 agendi
908 1397 1010 1461 studio
1043 1399 1187 1481 ponitur:
1222 1399 1275 1461 sed
1303 1409 1404 1461 tamon
1431 1399 1511 1462 aliae

490 1519 726 1602 significationes
752 1541 812 1581 non
837 1518 1061 1595 excluduntur,
1088 1542 1185 1603 quum
1209 1519 1333 1581 omnino
1355 1519 1510 1602 significet

491 1638 584 1700 animi
610 1660 722 1701 curam
758 1645 788 1700 ct
819 1639 964 1722 majorem
996 1639 1234 1722 cogitationem,
1271 1661 1348 1722 quae
1380 1648 1443 1702 tam
1476 1639 1509 1701 in

489 1768 572 1838 metu
600 1757 725 1841 periculi
750 1780 841 1840 [pram
864 1758 896 1820 in
914 1758 1044 1821 actionis
1064 1759 1183 1841 impetu
1200 1781 1264 1820 esse
1281 1766 1396 1841 potest:
1422 1757 1510 1820 velut

492 1876 581 1939 Hom.
609 1877 645 1939 ll.
671 1876 748 1938 XIV
774 1879 838 1938 264

553 1997 663 2076 Ὕπνε,
687 1998 733 2073 τίν
754 1997 783 2059 δὲ
806 1997 842 2060 σὺ
865 2002 965 2061 ταῦτα
989 1997 1069 2072 (arrd
1093 1997 1178 2078 Φρεσὶ
1200 2007 1265 2076 σῇσι
1289 2003 1437 2080 μενοινᾷς;

489 2115 678 2199 significatur
709 2117 855 2199 cogitatio
887 2116 1077 2179 difficultatis
1111 2118 1192 2201 ejus,
1226 2138 1287 2198 qua
1318 2114 1450 2178 Somnus
1474 2138 1509 2178 sc

489 2233 633 2297 deterreri
661 2233 796 2313 dixerat,
829 2235 994 2317 quominus
1018 2234 1037 2297 J
1041 2235 1135 2299 ononi
1159 2235 1398 2318 obtemperaret:
1433 2257 1509 2317 ergo

490 2376 594 2437 reapse
618 2354 709 2416 timor
732 2354 843 2437 aliquis
866 2354 911 2417 ibi
935 2376 970 2417 eo
995 2354 1086 2417 verbo
1111 2354 1301 2438 exprimitur.

534 2472 622 2552 Quae
646 2494 740 2556 quum
764 2474 809 2536 ita
832 2475 908 2550 sint,
934 2473 992 2535 hoc
1018 2473 1144 2536 Pindari
1160 2473 1228 2536 loco
1245 2472 1409 2557 significari
1427 2473 1509 2538 arbi·

488 2600 552 2655 tror
588 2599 764 2677 perpetuam
803 2593 1041 2657 sollicitudinem
1075 2593 1197 2657 Tantali
1229 2616 1263 2655 ac
1294 2602 1428 2669 metum,
1466 2616 1507 2655 ne

488 2734 594 2774 saxum
619 2711 697 2775 illud
722 2713 753 2775 in
778 2736 869 2776 suum
893 2721 986 2797 caput
1010 2721 1087 2776 ruat.

533 2830 634 2894 lltiam
657 2832 689 2894 in
713 2832 829 2895 scholio
855 2840 954 2895 vetera
979 2833 1052 2895 haec
1076 2832 1292 2916 interpretatio
1309 2832 1503 2915 agnoscitur,

486 2949 569 3032 quod
599 2957 645 3013 cst
677 2950 872 3035 hujusmodi:
908 2958 993 3017 τοῦτο
1028 2957 1160 3030 μενοινῶν
1193 2956 1241 3015 καὶ
1265 2952 1347 3016 κατα
1369 2953 1421 3026 τὴν
1445 2958 1505 3031 ψυ-

486 3069 545 3149 χὴν
568 3068 661 3147 ἔχων,
685 3072 722 3141 ῶς
746 3071 888 3134 ἐπιπεσὼν
912 3069 925 3134 ὃ
945 3071 1019 3142 λίθος
1040 3069 1311 3150 accusatorum,
1333 3076 1384 3142 τῆς
1401 3072 1507 3151 εὐφρο·

486 3188 570 3261 σύννι
586 3189 714 3269 οὶλῶπαι,
735 3191 892 3268 προσδοκῶν
907 3189 954 3253 αεὶ
971 3191 1022 3265 τὴν
1043 3190 1179 3269 κεφαλῶν
1192 3191 1281 3254 αὐτοῦ
1293 3188 1503 3267 βληθήσεσθαι.

486 3305 526 3367 Et
550 3315 650 3370 tamen
676 3309 707 3371 in
732 3309 827 3372 altero
852 3308 948 3372 altera
970 3309 1187 3393 interpretatio
1211 3308 1274 3370 asi:
1299 3304 1395 3371 ὅντινα
1418 3308 1504 3387 ἐπηρ-

484 3425 605 3503 τημένον
627 3430 702 3491 λίθον
722 3429 863 3505 ἐπιθυμῶν
886 3427 946 3490 απὸ
970 3437 1022 3503 τῆς
1046 3430 1135 3492 αὑτοῦ
1156 3433 1293 3509 κεφαλῆς
1313 3427 1501 3491 οὶπῶσασθνιι.

530 3544 683 3620 Homerus
715 3546 753 3609 de
787 3547 909 3611 Tantali
940 3569 1039 3632 poena
1070 3547 1158 3611 aliter
1181 3552 1415 3623 commemorat,
1440 3543 1502 3607 Od.

488 3664 534 3727 Xl
561 3669 624 3727 582

594 3784 711 3850 ἑσταότ’
734 3787 762 3849 ἐν
786 3787 883 3867 λίμνῃ·
908 3790 924 3863 ἡ
947 3786 975 3850 δὲ
999 3785 1184 3867 προσέπλαζε
1207 3785 1327 3865 γενείῳ,

596 3909 700 3968 στεῦτο
723 3904 752 3967 δὲ
774 3904 901 3987 διψάων,
927 3904 1015 3970 πιέειν
1038 3906 1062 3968 δ’
1085 3907 1136 3969 οὐκ
1158 3900 1239 3986 εἶχεν
1262 3904 1408 3979 ἕλε’σθαι,·

484 4030 516 4083 et
539 4030 693 4105 praeterea
713 4022 751 4086 de
768 4024 867 4107 pomis
883 4023 1042 4103 arborum,
1064 4046 1172 4087 manus
1189 4025 1255 4109 ejus
1272 4022 1500 4107 effugientibus.

484 4138 679 4226 Quamquam
714 4164 766 4206 cos
800 4165 905 4206 versus
942 4142 981 4207 ab
1016 4143 1194 4206 Aristarcho
1226 4142 1345 4226 spurios
1379 4142 1502 4207 habitos

482 4258 576 4322 fuisse
600 4258 771 4324 Scholiasta
794 4260 833 4323 ad
858 4261 940 4325 hunc
957 4260 1083 4325 Pindari
1101 4261 1203 4325 locum
1220 4260 1305 4326 dicit.
1338 4260 1378 4324 Et
1395 4269 1499 4325 tamen

482 4378 604 4443 Tantali
625 4380 706 4458 sitis,
726 4381 885 4446 Taraciam
903 4381 993 4462 alcu,
1016 4405 1069 4467 pro
1083 4382 1242 4467 proverbio
1257 4381 1325 4445 luit.
1351 4381 1499 4459 Alcman,

484 4499 615 4565 Alcaeus
639 4507 669 4563 ct
693 4500 897 4565 Archilochus
921 4500 1012 4564 ctiam
1037 4501 1168 4585 lapidem
1194 4500 1325 4565 Tantalo
1348 4501 1499 4586 superim-
