<?xml version="1.0" encoding="UTF-8"?>
<!DOCTYPE html PUBLIC "-//W3C//DTD XHTML 1.0 Transitional//EN"
    "http://www.w3.org/TR/xhtml1/DTD/xhtml1-transitional.dtd">
<html xmlns="http://www.w3.org/1999/xhtml" xml:lang="en" lang="en">
 <head>
  <title>
</title>
<meta http-equiv="Content-Type" content="text/html;charset=utf-8" />
  <meta name='ocr-system' content='tesseract 3.04.00' />
  <meta name='ocr-capabilities' content='ocr_page ocr_carea ocr_par ocr_line ocrx_word'/>
</head>
<body>
  <div class='ocr_page' id='page_1' title='image "./pindaricarminao00pindgoog_0469.png"; bbox 0 0 3767 5534; ppageno 0'>
   <div class='ocr_carea' id='block_1_1' title="bbox 993 748 1056 810">
    <p class='ocr_par' dir='ltr' id='par_1_1' title="bbox 993 748 1056 810">
     <span class='ocr_line' id='line_1_1' title="bbox 993 748 1056 810; baseline -0.032 0"><span class='ocrx_word' id='word_1_1' title='bbox 993 748 1056 810; x_wconf 82' lang='lat'><strong>388</strong></span> 
     </span>
    </p>
   </div>
   <div class='ocr_carea' id='block_1_2' title="bbox 454 943 1534 4660">
    <p class='ocr_par' dir='ltr' id='par_1_2' title="bbox 738 943 1314 1027">
     <span class='ocr_line' id='line_1_2' title="bbox 738 943 1314 1027; baseline -0.005 -14"><span class='ocrx_word' id='word_1_2' title='bbox 738 948 800 1013; x_wconf 80' lang='grc' dir='ltr'><em>ἐπεῖ</em></span> <span class='ocrx_word' id='word_1_3' title='bbox 824 945 1012 1027; x_wconf 75' lang='grc' dir='ltr'><em>σπλάγχνων</em></span> <span class='ocrx_word' id='word_1_4' title='bbox 1035 943 1090 1011; x_wconf 79' lang='grc' dir='ltr'><strong>ὕπο</strong></span> <span class='ocrx_word' id='word_1_5' title='bbox 1113 945 1237 1025; x_wconf 85' lang='grc' dir='ltr'><em>ματέρος</em></span> <span class='ocrx_word' id='word_1_6' title='bbox 1262 949 1314 1011; x_wconf 82' lang='grc' dir='ltr'><em>αθ-</em></span> 
     </span>
    </p>

    <p class='ocr_par' dir='ltr' id='par_1_3' title="bbox 693 1062 1085 1141">
     <span class='ocr_line' id='line_1_3' title="bbox 693 1062 1085 1141; baseline -0.01 -10"><span class='ocrx_word' id='word_1_7' title='bbox 693 1067 763 1132; x_wconf 81' lang='grc' dir='ltr'><em>τῖκα</em></span> <span class='ocrx_word' id='word_1_8' title='bbox 786 1066 897 1139; x_wconf 78' lang='grc' dir='ltr'><em>θαητοῖν</em></span> <span class='ocrx_word' id='word_1_9' title='bbox 919 1066 949 1136; x_wconf 81' lang='grc' dir='ltr'><strong>ἐς</strong></span> <span class='ocrx_word' id='word_1_10' title='bbox 972 1062 1085 1141; x_wconf 69' lang='grc' dir='ltr'><em>αἴγλαν</em></span> 
     </span>
    </p>

    <p class='ocr_par' dir='ltr' id='par_1_4' title="bbox 693 1179 1242 1264">
     <span class='ocr_line' id='line_1_4' title="bbox 693 1179 1242 1264; baseline -0.004 -16"><span class='ocrx_word' id='word_1_11' title='bbox 693 1191 766 1255; x_wconf 87' lang='grc' dir='ltr'><em>παῖς</em></span> <span class='ocrx_word' id='word_1_12' title='bbox 790 1184 858 1254; x_wconf 76' lang='grc' dir='ltr'><strong>Διὸς</strong></span> <span class='ocrx_word' id='word_1_13' title='bbox 881 1183 967 1247; x_wconf 84' lang='grc' dir='ltr'><em>ὠδῖνα</em></span> <span class='ocrx_word' id='word_1_14' title='bbox 990 1180 1110 1264; x_wconf 71' lang='grc' dir='ltr'><em>φεύγων</em></span> <span class='ocrx_word' id='word_1_15' title='bbox 1135 1179 1242 1261; x_wconf 78' lang='grc' dir='ltr'><em>διδύμῳ</em></span> 
     </span>
    </p>

    <p class='ocr_par' dir='ltr' id='par_1_5' title="bbox 513 1297 1534 2326">
     <span class='ocr_line' id='line_1_5' title="bbox 691 1297 1059 1381; baseline -0.003 -16"><span class='ocrx_word' id='word_1_16' title='bbox 691 1302 743 1365; x_wconf 81' lang='grc' dir='ltr'><strong>σὺν</strong></span> <span class='ocrx_word' id='word_1_17' title='bbox 767 1301 936 1381; x_wconf 72' lang='grc' dir='ltr'><em>κασιγνήτῳ</em></span> <span class='ocrx_word' id='word_1_18' title='bbox 958 1297 1059 1378; x_wconf 90' lang='grc' dir='ltr'><em>μθλεν.</em></span> 
     </span>
     <span class='ocr_line' id='line_1_6' title="bbox 513 1416 1532 1505; baseline -0.005 -22"><span class='ocrx_word' id='word_1_19' title='bbox 513 1419 555 1483; x_wconf 80' lang='lat' dir='ltr'><strong>Et</strong></span> <span class='ocrx_word' id='word_1_20' title='bbox 580 1418 629 1482; x_wconf 93' lang='lat' dir='ltr'><strong>his</strong></span> <span class='ocrx_word' id='word_1_21' title='bbox 652 1418 777 1503; x_wconf 88' lang='lat' dir='ltr'><strong>quidem</strong></span> <span class='ocrx_word' id='word_1_22' title='bbox 802 1418 924 1484; x_wconf 86' lang='lat' dir='ltr'><strong>duobus</strong></span> <span class='ocrx_word' id='word_1_23' title='bbox 948 1418 1075 1505; x_wconf 83' lang='lat' dir='ltr'><strong>Pindari</strong></span> <span class='ocrx_word' id='word_1_24' title='bbox 1097 1417 1173 1481; x_wconf 89' lang='lat' dir='ltr'><strong>locis</strong></span> <span class='ocrx_word' id='word_1_25' title='bbox 1197 1416 1259 1488; x_wconf 77' lang='grc' dir='ltr'><em>ιθδῖς</em></span> <span class='ocrx_word' id='word_1_26' title='bbox 1282 1418 1383 1501; x_wconf 89' lang='lat' dir='ltr'><strong>ipsum</strong></span> <span class='ocrx_word' id='word_1_27' title='bbox 1406 1421 1532 1479; x_wconf 90' lang='lat' dir='ltr'><strong>uterum</strong></span> 
     </span>
     <span class='ocr_line' id='line_1_7' title="bbox 514 1525 1534 1623; baseline -0.001 -21"><span class='ocrx_word' id='word_1_28' title='bbox 514 1537 683 1622; x_wconf 87' lang='lat' dir='ltr'><strong>significat,</strong></span> <span class='ocrx_word' id='word_1_29' title='bbox 715 1538 871 1623; x_wconf 86' lang='lat' dir='ltr'><strong>quomodo</strong></span> <span class='ocrx_word' id='word_1_30' title='bbox 902 1539 994 1603; x_wconf 90' lang='lat' dir='ltr'><strong>etiam</strong></span> <span class='ocrx_word' id='word_1_31' title='bbox 1025 1536 1107 1623; x_wconf 87' lang='lat' dir='ltr'><strong>apud</strong></span> <span class='ocrx_word' id='word_1_32' title='bbox 1135 1535 1336 1622; x_wconf 81' lang='lat' dir='ltr'><strong>Sophoclem,</strong></span> <span class='ocrx_word' id='word_1_33' title='bbox 1362 1525 1440 1599; x_wconf 80' lang='lat' dir='ltr'><strong>O&#39;ed.</strong></span> <span class='ocrx_word' id='word_1_34' title='bbox 1465 1531 1534 1601; x_wconf 86' lang='lat' dir='ltr'><strong>Col.</strong></span> 
     </span>
     <span class='ocr_line' id='line_1_8' title="bbox 516 1652 1534 1738; baseline -0.002 -23"><span class='ocrx_word' id='word_1_35' title='bbox 516 1655 578 1717; x_wconf 80' lang='lat'><strong>533</strong></span> <span class='ocrx_word' id='word_1_36' title='bbox 610 1654 718 1727; x_wconf 86' lang='grc' dir='ltr'><em>παῖδες</em></span> <span class='ocrx_word' id='word_1_37' title='bbox 749 1656 859 1737; x_wconf 85' lang='grc' dir='ltr'><em>μαπρθς</em></span> <span class='ocrx_word' id='word_1_38' title='bbox 883 1660 978 1729; x_wconf 82' lang='grc' dir='ltr'><em>κοινοῖς</em></span> <span class='ocrx_word' id='word_1_39' title='bbox 1002 1654 1196 1733; x_wconf 79' lang='grc' dir='ltr'><em>οῖπέβλαστον</em></span> <span class='ocrx_word' id='word_1_40' title='bbox 1220 1655 1323 1726; x_wconf 81' lang='grc' dir='ltr'><em>α’·δῖνος.</em></span> <span class='ocrx_word' id='word_1_41' title='bbox 1371 1652 1534 1738; x_wconf 89' lang='lat' dir='ltr'><strong>Adjectivo</strong></span> 
     </span>
     <span class='ocr_line' id='line_1_9' title="bbox 513 1770 1531 1858; baseline 0.001 -25"><span class='ocrx_word' id='word_1_42' title='bbox 513 1770 620 1850; x_wconf 80' lang='grc' dir='ltr'><em>ἐρατοῖς</em></span> <span class='ocrx_word' id='word_1_43' title='bbox 656 1772 795 1836; x_wconf 83' lang='lat' dir='ltr'><strong>eximiam</strong></span> <span class='ocrx_word' id='word_1_44' title='bbox 832 1773 988 1858; x_wconf 86' lang='lat' dir='ltr'><strong>quandam</strong></span> <span class='ocrx_word' id='word_1_45' title='bbox 1021 1771 1162 1837; x_wconf 79' lang='lat' dir='ltr'><strong>Euadnes</strong></span> <span class='ocrx_word' id='word_1_46' title='bbox 1193 1771 1307 1835; x_wconf 84' lang='lat' dir='ltr'><strong>formae</strong></span> <span class='ocrx_word' id='word_1_47' title='bbox 1338 1776 1531 1835; x_wconf 77' lang='lat' dir='ltr'><strong>venustatem</strong></span> 
     </span>
     <span class='ocr_line' id='line_1_10' title="bbox 514 1887 1531 1972; baseline -0.001 -21"><span class='ocrx_word' id='word_1_48' title='bbox 514 1893 606 1971; x_wconf 86' lang='lat' dir='ltr'><strong>atque</strong></span> <span class='ocrx_word' id='word_1_49' title='bbox 637 1889 728 1953; x_wconf 87' lang='lat' dir='ltr'><strong>etiam</strong></span> <span class='ocrx_word' id='word_1_50' title='bbox 760 1890 792 1953; x_wconf 90' lang='lat' dir='ltr'><strong>in</strong></span> <span class='ocrx_word' id='word_1_51' title='bbox 824 1912 926 1955; x_wconf 92' lang='lat' dir='ltr'><strong>amore</strong></span> <span class='ocrx_word' id='word_1_52' title='bbox 958 1889 1089 1955; x_wconf 88' lang='lat' dir='ltr'><strong>fruendo</strong></span> <span class='ocrx_word' id='word_1_53' title='bbox 1121 1888 1340 1953; x_wconf 79' lang='lat' dir='ltr'><strong>amabilitatem</strong></span> <span class='ocrx_word' id='word_1_54' title='bbox 1364 1887 1531 1972; x_wconf 85' lang='lat' dir='ltr'><strong>significari</strong></span> 
     </span>
     <span class='ocr_line' id='line_1_11' title="bbox 514 2005 1529 2092; baseline -0.002 -23"><span class='ocrx_word' id='word_1_55' title='bbox 514 2005 672 2070; x_wconf 85' lang='lat' dir='ltr'><strong>existimo:</strong></span> <span class='ocrx_word' id='word_1_56' title='bbox 705 2008 859 2092; x_wconf 88' lang='lat' dir='ltr'><strong>qnomodo</strong></span> <span class='ocrx_word' id='word_1_57' title='bbox 881 2009 914 2072; x_wconf 91' lang='lat' dir='ltr'><strong>in</strong></span> <span class='ocrx_word' id='word_1_58' title='bbox 938 2007 996 2072; x_wconf 88' lang='lat' dir='ltr'><strong>hac</strong></span> <span class='ocrx_word' id='word_1_59' title='bbox 1019 2015 1084 2072; x_wconf 91' lang='lat' dir='ltr'><strong>tota</strong></span> <span class='ocrx_word' id='word_1_60' title='bbox 1106 2008 1280 2071; x_wconf 83' lang='lat' dir='ltr'><strong>narratione</strong></span> <span class='ocrx_word' id='word_1_61' title='bbox 1303 2005 1375 2069; x_wconf 90' lang='lat' dir='ltr'><strong>inde</strong></span> <span class='ocrx_word' id='word_1_62' title='bbox 1399 2026 1529 2069; x_wconf 82' lang='lat' dir='ltr'><strong>eversu</strong></span> 
     </span>
     <span class='ocr_line' id='line_1_12' title="bbox 515 2120 1529 2210; baseline -0.001 -24"><span class='ocrx_word' id='word_1_63' title='bbox 515 2125 556 2187; x_wconf 79' lang='lat'><strong>50</strong></span> <span class='ocrx_word' id='word_1_64' title='bbox 588 2124 752 2203; x_wconf 66' lang='lat' dir='ltr'><strong>singularis</strong></span> <span class='ocrx_word' id='word_1_65' title='bbox 785 2125 966 2210; x_wconf 82' lang='lat' dir='ltr'><strong>exprimitur</strong></span> <span class='ocrx_word' id='word_1_66' title='bbox 996 2126 1104 2209; x_wconf 87' lang='lat' dir='ltr'><strong>gratia.</strong></span> <span class='ocrx_word' id='word_1_67' title='bbox 1141 2123 1235 2209; x_wconf 89' lang='lat' dir='ltr'><strong>Apud</strong></span> <span class='ocrx_word' id='word_1_68' title='bbox 1265 2122 1373 2207; x_wconf 82' lang='lat' dir='ltr'><strong>Ilurip.</strong></span> <span class='ocrx_word' id='word_1_69' title='bbox 1398 2120 1469 2207; x_wconf 90' lang='lat' dir='ltr'><strong>Iph.</strong></span> <span class='ocrx_word' id='word_1_70' title='bbox 1493 2120 1529 2185; x_wconf 84' lang='grc' dir='ltr'><strong>Τ.</strong></span> 
     </span>
     <span class='ocr_line' id='line_1_13' title="bbox 517 2240 1529 2326; baseline -0.002 -22"><span class='ocrx_word' id='word_1_71' title='bbox 517 2243 601 2307; x_wconf 87' lang='grc'><strong>1071</strong></span> <span class='ocrx_word' id='word_1_72' title='bbox 626 2248 745 2315; x_wconf 81' lang='grc' dir='ltr'><em>Λατοῦς</em></span> <span class='ocrx_word' id='word_1_73' title='bbox 768 2242 854 2308; x_wconf 77' lang='grc' dir='ltr'><em>ὠδῖνα</em></span> <span class='ocrx_word' id='word_1_74' title='bbox 875 2244 970 2325; x_wconf 77' lang='grc' dir='ltr'><em>φίλαν</em></span> <span class='ocrx_word' id='word_1_75' title='bbox 996 2242 1056 2307; x_wconf 88' lang='lat' dir='ltr'><strong>alio</strong></span> <span class='ocrx_word' id='word_1_76' title='bbox 1081 2241 1214 2326; x_wconf 87' lang='lat' dir='ltr'><strong>quodam</strong></span> <span class='ocrx_word' id='word_1_77' title='bbox 1229 2241 1321 2305; x_wconf 91' lang='lat' dir='ltr'><strong>modo</strong></span> <span class='ocrx_word' id='word_1_78' title='bbox 1337 2240 1456 2304; x_wconf 88' lang='lat' dir='ltr'><strong>dictum</strong></span> <span class='ocrx_word' id='word_1_79' title='bbox 1473 2245 1529 2303; x_wconf 88' lang='lat' dir='ltr'><strong>est.</strong></span> 
     </span>
    </p>

    <p class='ocr_par' dir='ltr' id='par_1_6' title="bbox 454 2356 1533 3259">
     <span class='ocr_line' id='line_1_14' title="bbox 561 2356 1529 2441; baseline -0.003 -18"><span class='ocrx_word' id='word_1_80' title='bbox 561 2360 612 2423; x_wconf 79' lang='lat'><strong>75.</strong></span> <span class='ocrx_word' id='word_1_81' title='bbox 648 2357 808 2439; x_wconf 78' lang='grc' dir='ltr'><em>κνιζομένα.</em></span> <span class='ocrx_word' id='word_1_82' title='bbox 843 2359 937 2424; x_wconf 87' lang='lat' dir='ltr'><strong>Recte</strong></span> <span class='ocrx_word' id='word_1_83' title='bbox 973 2360 1138 2424; x_wconf 81' lang='lat' dir='ltr'><strong>scholiasta</strong></span> <span class='ocrx_word' id='word_1_84' title='bbox 1172 2359 1247 2436; x_wconf 90' lang='lat' dir='ltr'><strong>hoc,</strong></span> <span class='ocrx_word' id='word_1_85' title='bbox 1280 2358 1306 2421; x_wconf 89' lang='lat' dir='ltr'><strong>si</strong></span> <span class='ocrx_word' id='word_1_86' title='bbox 1337 2356 1375 2422; x_wconf 88' lang='lat' dir='ltr'><strong>ad</strong></span> <span class='ocrx_word' id='word_1_87' title='bbox 1407 2364 1529 2441; x_wconf 89' lang='lat' dir='ltr'><strong>partum</strong></span> 
     </span>
     <span class='ocr_line' id='line_1_15' title="bbox 514 2472 1533 2559; baseline -0.002 -22"><span class='ocrx_word' id='word_1_88' title='bbox 514 2482 649 2559; x_wconf 86' lang='lat' dir='ltr'><strong>spectat,</strong></span> <span class='ocrx_word' id='word_1_89' title='bbox 678 2475 866 2540; x_wconf 89' lang='lat' dir='ltr'><strong>contrarium</strong></span> <span class='ocrx_word' id='word_1_90' title='bbox 889 2475 986 2540; x_wconf 86' lang='lat' dir='ltr'><strong>videri</strong></span> <span class='ocrx_word' id='word_1_91' title='bbox 1010 2476 1085 2540; x_wconf 87' lang='lat' dir='ltr'><strong>dicit</strong></span> <span class='ocrx_word' id='word_1_92' title='bbox 1108 2474 1255 2558; x_wconf 89' lang='lat' dir='ltr'><strong>benevolo</strong></span> <span class='ocrx_word' id='word_1_93' title='bbox 1279 2473 1423 2558; x_wconf 84' lang='lat' dir='ltr'><strong>Ilithyiae</strong></span> <span class='ocrx_word' id='word_1_94' title='bbox 1448 2472 1533 2536; x_wconf 80' lang='lat' dir='ltr'><strong>auxi-</strong></span> 
     </span>
     <span class='ocr_line' id='line_1_16' title="bbox 454 2588 1531 2674; baseline -0.004 -19"><span class='ocrx_word' id='word_1_95' title='bbox 454 2597 456 2600; x_wconf 80' lang='grc'><strong>’</strong></span> <span class='ocrx_word' id='word_1_96' title='bbox 512 2591 570 2669; x_wconf 93' lang='lat' dir='ltr'><strong>lio,</strong></span> <span class='ocrx_word' id='word_1_97' title='bbox 594 2592 656 2656; x_wconf 91' lang='lat' dir='ltr'><strong>nisi</strong></span> <span class='ocrx_word' id='word_1_98' title='bbox 678 2592 756 2657; x_wconf 83' lang='lat' dir='ltr'><strong>forte</strong></span> <span class='ocrx_word' id='word_1_99' title='bbox 779 2595 897 2671; x_wconf 77' lang='grc' dir='ltr'><em>κνισμὸν</em></span> <span class='ocrx_word' id='word_1_100' title='bbox 919 2595 1016 2658; x_wconf 86' lang='lat' dir='ltr'><strong>levem</strong></span> <span class='ocrx_word' id='word_1_101' title='bbox 1041 2592 1155 2658; x_wconf 90' lang='lat' dir='ltr'><strong>doloris</strong></span> <span class='ocrx_word' id='word_1_102' title='bbox 1175 2614 1298 2657; x_wconf 89' lang='lat' dir='ltr'><strong>sensum</strong></span> <span class='ocrx_word' id='word_1_103' title='bbox 1314 2590 1410 2655; x_wconf 89' lang='lat' dir='ltr'><strong>Poeta</strong></span> <span class='ocrx_word' id='word_1_104' title='bbox 1426 2588 1531 2674; x_wconf 89' lang='lat' dir='ltr'><strong>appel-</strong></span> 
     </span>
     <span class='ocr_line' id='line_1_17' title="bbox 513 2704 1527 2796; baseline -0.002 -23"><span class='ocrx_word' id='word_1_105' title='bbox 513 2709 637 2773; x_wconf 84' lang='lat' dir='ltr'><strong>laverit:</strong></span> <span class='ocrx_word' id='word_1_106' title='bbox 670 2710 723 2774; x_wconf 89' lang='lat' dir='ltr'><strong>sed</strong></span> <span class='ocrx_word' id='word_1_107' title='bbox 755 2733 844 2795; x_wconf 89' lang='lat' dir='ltr'><strong>posse</strong></span> <span class='ocrx_word' id='word_1_108' title='bbox 875 2712 1041 2796; x_wconf 83' lang='lat' dir='ltr'><strong>significari</strong></span> <span class='ocrx_word' id='word_1_109' title='bbox 1072 2712 1208 2776; x_wconf 91' lang='lat' dir='ltr'><strong>dolorem</strong></span> <span class='ocrx_word' id='word_1_110' title='bbox 1239 2709 1295 2774; x_wconf 91' lang='lat' dir='ltr'><strong>filii</strong></span> <span class='ocrx_word' id='word_1_111' title='bbox 1321 2704 1527 2791; x_wconf 88' lang='lat' dir='ltr'><strong>relinquendi.</strong></span> 
     </span>
     <span class='ocr_line' id='line_1_18' title="bbox 512 2826 1010 2894; baseline 0.008 -4"><span class='ocrx_word' id='word_1_112' title='bbox 512 2826 669 2891; x_wconf 88' lang='lat' dir='ltr'><strong>Posterius</strong></span> <span class='ocrx_word' id='word_1_113' title='bbox 692 2850 797 2893; x_wconf 88' lang='lat' dir='ltr'><strong>verum</strong></span> <span class='ocrx_word' id='word_1_114' title='bbox 821 2851 886 2893; x_wconf 85' lang='lat' dir='ltr'><strong>esse</strong></span> <span class='ocrx_word' id='word_1_115' title='bbox 909 2830 1010 2894; x_wconf 89' lang='lat' dir='ltr'><strong>credo.</strong></span> 
     </span>
     <span class='ocr_line' id='line_1_19' title="bbox 559 2938 1526 3025; baseline -0.007 -15"><span class='ocrx_word' id='word_1_116' title='bbox 559 2946 611 3010; x_wconf 87' lang='grc'><strong>76.</strong></span> <span class='ocrx_word' id='word_1_117' title='bbox 637 2944 693 3010; x_wconf 75' lang='grc' dir='ltr'><em>,δύο</em></span> <span class='ocrx_word' id='word_1_118' title='bbox 715 2944 744 3009; x_wconf 77' lang='grc' dir='ltr'><strong>δὲ</strong></span> <span class='ocrx_word' id='word_1_119' title='bbox 766 2953 955 3022; x_wconf 78' lang='grc' dir='ltr'><em>γλαυκῶπες.</em></span> <span class='ocrx_word' id='word_1_120' title='bbox 990 2946 1138 3011; x_wconf 84' lang='lat' dir='ltr'><strong>Similiter</strong></span> <span class='ocrx_word' id='word_1_121' title='bbox 1161 2946 1199 3011; x_wconf 88' lang='lat' dir='ltr'><strong>de</strong></span> <span class='ocrx_word' id='word_1_122' title='bbox 1221 2942 1426 3009; x_wconf 79' lang='lat' dir='ltr'><strong>Erichthonio</strong></span> <span class='ocrx_word' id='word_1_123' title='bbox 1441 2938 1526 3025; x_wconf 88' lang='lat' dir='ltr'><strong>apud</strong></span> 
     </span>
     <span class='ocr_line' id='line_1_20' title="bbox 513 3058 782 3145; baseline 0.007 -22"><span class='ocrx_word' id='word_1_124' title='bbox 513 3058 620 3145; x_wconf 84' lang='lat' dir='ltr'><strong>Ilurip.</strong></span> <span class='ocrx_word' id='word_1_125' title='bbox 643 3059 715 3126; x_wconf 81' lang='lat' dir='ltr'><strong>Ion.</strong></span> <span class='ocrx_word' id='word_1_126' title='bbox 740 3063 782 3125; x_wconf 85' lang='lat' dir='ltr'><strong>al</strong></span> 
     </span>
     <span class='ocr_line' id='line_1_21' title="bbox 780 3178 1165 3259; baseline 0.008 -15"><span class='ocrx_word' id='word_1_127' title='bbox 780 3178 860 3258; x_wconf 83' lang='grc' dir='ltr'><em>κεθνςο</em></span> <span class='ocrx_word' id='word_1_128' title='bbox 882 3180 941 3259; x_wconf 72' lang='grc' dir='ltr'><strong>γὰρ</strong></span> <span class='ocrx_word' id='word_1_129' title='bbox 965 3184 983 3255; x_wconf 78' lang='grc' dir='ltr'><em>ἡ</em></span> <span class='ocrx_word' id='word_1_130' title='bbox 1006 3180 1074 3253; x_wconf 81' lang='grc' dir='ltr'><em>Διὸς</em></span> <span class='ocrx_word' id='word_1_131' title='bbox 1099 3180 1165 3259; x_wconf 88' lang='grc' dir='ltr'><em>κθρη</em></span> 
     </span>
    </p>

    <p class='ocr_par' dir='ltr' id='par_1_7' title="bbox 690 3292 1336 3375">
     <span class='ocr_line' id='line_1_22' title="bbox 690 3292 1336 3375; baseline -0.006 -15"><span class='ocrx_word' id='word_1_132' title='bbox 690 3296 800 3375; x_wconf 68' lang='lat' dir='ltr'><strong>cpont</strong></span> <span class='ocrx_word' id='word_1_133' title='bbox 822 3292 1038 3375; x_wconf 74' lang='grc' dir='ltr'><em>παραζεύξασα</em></span> <span class='ocrx_word' id='word_1_134' title='bbox 1059 3294 1178 3375; x_wconf 80' lang='grc' dir='ltr'><em>φύλακε</em></span> <span class='ocrx_word' id='word_1_135' title='bbox 1201 3293 1336 3370; x_wconf 80' lang='grc' dir='ltr'><em>σώματος</em></span> 
     </span>
    </p>

    <p class='ocr_par' dir='ltr' id='par_1_8' title="bbox 692 3408 1302 3491">
     <span class='ocr_line' id='line_1_23' title="bbox 692 3408 1302 3491; baseline -0.002 -17"><span class='ocrx_word' id='word_1_136' title='bbox 692 3409 777 3474; x_wconf 81' lang='grc' dir='ltr'><em>δισσὼ</em></span> <span class='ocrx_word' id='word_1_137' title='bbox 800 3409 936 3489; x_wconf 66' lang='grc' dir='ltr'><em>δράκοντε</em></span> <span class='ocrx_word' id='word_1_138' title='bbox 958 3410 1103 3491; x_wconf 75' lang='grc' dir='ltr'><em>παρθένοις</em></span> <span class='ocrx_word' id='word_1_139' title='bbox 1127 3408 1302 3490; x_wconf 60' lang='lat' dir='ltr'><strong>’hypatius</strong></span> 
     </span>
    </p>

    <p class='ocr_par' dir='ltr' id='par_1_9' title="bbox 509 3525 1527 4312">
     <span class='ocr_line' id='line_1_24' title="bbox 690 3525 912 3607; baseline 0.018 -18"><span class='ocrx_word' id='word_1_140' title='bbox 690 3525 784 3590; x_wconf 73' lang='grc' dir='ltr'><em>δίδωσι</em></span> <span class='ocrx_word' id='word_1_141' title='bbox 805 3526 912 3607; x_wconf 78' lang='grc' dir='ltr'><em>σώζειν.</em></span> 
     </span>
     <span class='ocr_line' id='line_1_25' title="bbox 512 3634 1527 3728; baseline -0.008 -23"><span class='ocrx_word' id='word_1_142' title='bbox 512 3640 668 3706; x_wconf 87' lang='lat' dir='ltr'><strong>Dracones</strong></span> <span class='ocrx_word' id='word_1_143' title='bbox 692 3642 730 3705; x_wconf 89' lang='lat' dir='ltr'><strong>ad</strong></span> <span class='ocrx_word' id='word_1_144' title='bbox 754 3644 935 3709; x_wconf 88' lang='lat' dir='ltr'><strong>vaticinium</strong></span> <span class='ocrx_word' id='word_1_145' title='bbox 959 3642 1078 3728; x_wconf 85' lang='lat' dir='ltr'><strong>aliquid</strong></span> <span class='ocrx_word' id='word_1_146' title='bbox 1102 3642 1235 3707; x_wconf 86' lang='lat' dir='ltr'><strong>effecisse</strong></span> <span class='ocrx_word' id='word_1_147' title='bbox 1258 3644 1425 3725; x_wconf 87' lang='lat' dir='ltr'><strong>putantur:</strong></span> <span class='ocrx_word' id='word_1_148' title='bbox 1440 3634 1527 3699; x_wconf 89' lang='lat' dir='ltr'><strong>scho-</strong></span> 
     </span>
     <span class='ocr_line' id='line_1_26' title="bbox 510 3752 1524 3845; baseline -0.007 -23"><span class='ocrx_word' id='word_1_149' title='bbox 510 3758 600 3824; x_wconf 86' lang='lat' dir='ltr'><strong>liasta</strong></span> <span class='ocrx_word' id='word_1_150' title='bbox 630 3759 670 3824; x_wconf 86' lang='lat' dir='ltr'><strong>ad</strong></span> <span class='ocrx_word' id='word_1_151' title='bbox 700 3759 754 3845; x_wconf 87' lang='lat' dir='ltr'><strong>Py.</strong></span> <span class='ocrx_word' id='word_1_152' title='bbox 779 3760 863 3824; x_wconf 86' lang='lat' dir='ltr'>VIII</span> <span class='ocrx_word' id='word_1_153' title='bbox 887 3764 930 3825; x_wconf 80' lang='lat'><strong>64</strong></span> <span class='ocrx_word' id='word_1_154' title='bbox 954 3760 1170 3825; x_wconf 86' lang='lat' dir='ltr'><strong>Alcmaeonem</strong></span> <span class='ocrx_word' id='word_1_155' title='bbox 1193 3759 1226 3822; x_wconf 91' lang='lat' dir='ltr'><strong>in</strong></span> <span class='ocrx_word' id='word_1_156' title='bbox 1249 3757 1356 3841; x_wconf 88' lang='lat' dir='ltr'><strong>clypeo</strong></span> <span class='ocrx_word' id='word_1_157' title='bbox 1378 3752 1524 3817; x_wconf 84' lang='lat' dir='ltr'><strong>habuisse</strong></span> 
     </span>
     <span class='ocr_line' id='line_1_27' title="bbox 510 3868 1525 3961; baseline -0.008 -21"><span class='ocrx_word' id='word_1_158' title='bbox 510 3877 631 3961; x_wconf 84' lang='lat' dir='ltr'><strong>signum</strong></span> <span class='ocrx_word' id='word_1_159' title='bbox 662 3875 803 3942; x_wconf 73' lang='lat' dir='ltr'><strong>draconis</strong></span> <span class='ocrx_word' id='word_1_160' title='bbox 834 3876 941 3955; x_wconf 89' lang='lat' dir='ltr'><strong>docet,</strong></span> <span class='ocrx_word' id='word_1_161' title='bbox 973 3884 1010 3942; x_wconf 92' lang='lat' dir='ltr'><strong>ut</strong></span> <span class='ocrx_word' id='word_1_162' title='bbox 1040 3883 1174 3941; x_wconf 87' lang='lat' dir='ltr'><strong>servaret</strong></span> <span class='ocrx_word' id='word_1_163' title='bbox 1197 3875 1320 3960; x_wconf 83' lang='lat' dir='ltr'><strong>signum</strong></span> <span class='ocrx_word' id='word_1_164' title='bbox 1342 3872 1407 3956; x_wconf 88' lang='lat' dir='ltr'><strong>ejus</strong></span> <span class='ocrx_word' id='word_1_165' title='bbox 1431 3868 1525 3945; x_wconf 68' lang='lat' dir='ltr'><strong>onis,</strong></span> 
     </span>
     <span class='ocr_line' id='line_1_28' title="bbox 511 3986 1527 4080; baseline -0.01 -21"><span class='ocrx_word' id='word_1_166' title='bbox 511 4017 571 4078; x_wconf 90' lang='lat' dir='ltr'><strong>qua</strong></span> <span class='ocrx_word' id='word_1_167' title='bbox 599 4002 686 4080; x_wconf 86' lang='lat' dir='ltr'><strong>pater</strong></span> <span class='ocrx_word' id='word_1_168' title='bbox 707 3996 805 4079; x_wconf 88' lang='lat' dir='ltr'><strong>ipsius</strong></span> <span class='ocrx_word' id='word_1_169' title='bbox 829 3994 1036 4079; x_wconf 84' lang='lat' dir='ltr'><strong>Amphiaraus</strong></span> <span class='ocrx_word' id='word_1_170' title='bbox 1059 3994 1271 4079; x_wconf 83' lang='lat' dir='ltr'><strong>praestitisset.</strong></span> <span class='ocrx_word' id='word_1_171' title='bbox 1319 3986 1437 4052; x_wconf 82' lang='lat' dir='ltr'><strong>Eodem</strong></span> <span class='ocrx_word' id='word_1_172' title='bbox 1459 4006 1527 4070; x_wconf 88' lang='lat' dir='ltr'><strong>por·</strong></span> 
     </span>
     <span class='ocr_line' id='line_1_29' title="bbox 509 4102 1524 4195; baseline -0.008 -22"><span class='ocrx_word' id='word_1_173' title='bbox 509 4110 607 4174; x_wconf 89' lang='lat' dir='ltr'><strong>tinere</strong></span> <span class='ocrx_word' id='word_1_174' title='bbox 629 4111 759 4175; x_wconf 89' lang='lat' dir='ltr'><strong>credunt</strong></span> <span class='ocrx_word' id='word_1_175' title='bbox 781 4112 859 4176; x_wconf 89' lang='lat' dir='ltr'><strong>mel:</strong></span> <span class='ocrx_word' id='word_1_176' title='bbox 883 4112 916 4175; x_wconf 92' lang='lat' dir='ltr'><strong>in</strong></span> <span class='ocrx_word' id='word_1_177' title='bbox 940 4109 1066 4195; x_wconf 84' lang='lat' dir='ltr'><strong>Hymno</strong></span> <span class='ocrx_word' id='word_1_178' title='bbox 1089 4108 1254 4174; x_wconf 91' lang='lat' dir='ltr'><strong>Homerico</strong></span> <span class='ocrx_word' id='word_1_179' title='bbox 1276 4107 1310 4170; x_wconf 90' lang='lat' dir='ltr'><strong>in</strong></span> <span class='ocrx_word' id='word_1_180' title='bbox 1332 4102 1524 4168; x_wconf 85' lang='lat' dir='ltr'><strong>Mercurium</strong></span> 
     </span>
     <span class='ocr_line' id='line_1_30' title="bbox 511 4226 1355 4312; baseline -0.005 -23"><span class='ocrx_word' id='word_1_181' title='bbox 511 4228 575 4289; x_wconf 76' lang='lat'><strong>552</strong></span> <span class='ocrx_word' id='word_1_182' title='bbox 599 4234 698 4292; x_wconf 86' lang='lat' dir='ltr'><strong>certae</strong></span> <span class='ocrx_word' id='word_1_183' title='bbox 721 4228 871 4312; x_wconf 87' lang='lat' dir='ltr'><strong>quaedam</strong></span> <span class='ocrx_word' id='word_1_184' title='bbox 893 4226 1007 4292; x_wconf 88' lang='lat' dir='ltr'><strong>Parcae</strong></span> <span class='ocrx_word' id='word_1_185' title='bbox 1029 4231 1254 4302; x_wconf 85' lang='lat' dir='ltr'><strong>memorantur,</strong></span> <span class='ocrx_word' id='word_1_186' title='bbox 1278 4242 1355 4306; x_wconf 84' lang='lat' dir='ltr'><strong>quae</strong></span> 
     </span>
    </p>

    <p class='ocr_par' dir='ltr' id='par_1_10' title="bbox 610 4344 1377 4660">
     <span class='ocr_line' id='line_1_31' title="bbox 643 4344 924 4425; baseline 0 -16"><span class='ocrx_word' id='word_1_187' title='bbox 643 4345 728 4425; x_wconf 81' lang='grc' dir='ltr'><em>κηρία</em></span> <span class='ocrx_word' id='word_1_188' title='bbox 749 4344 924 4422; x_wconf 79' lang='grc' dir='ltr'><em>βόσκονται·</em></span> 
     </span>
     <span class='ocr_line' id='line_1_32' title="bbox 610 4453 1377 4537; baseline -0.009 -12"><span class='ocrx_word' id='word_1_189' title='bbox 610 4474 613 4477; x_wconf 84' lang='grc'><strong>’</strong></span> <span class='ocrx_word' id='word_1_190' title='bbox 644 4461 677 4525; x_wconf 81' lang='lat' dir='ltr'><strong>al</strong></span> <span class='ocrx_word' id='word_1_191' title='bbox 699 4460 726 4525; x_wconf 68' lang='grc' dir='ltr'><strong>δ’</strong></span> <span class='ocrx_word' id='word_1_192' title='bbox 747 4458 795 4527; x_wconf 73' lang='grc' dir='ltr'><strong>ὅτε</strong></span> <span class='ocrx_word' id='word_1_193' title='bbox 818 4462 851 4537; x_wconf 75' lang='grc' dir='ltr'><strong>δη</strong></span> <span class='ocrx_word' id='word_1_194' title='bbox 873 4461 984 4528; x_wconf 76' lang='grc' dir='ltr'><em>θυΐωσιν</em></span> <span class='ocrx_word' id='word_1_195' title='bbox 1008 4461 1132 4534; x_wconf 75' lang='grc' dir='ltr'><em>ἐδηδυῖαι</em></span> <span class='ocrx_word' id='word_1_196' title='bbox 1155 4457 1224 4537; x_wconf 77' lang='grc' dir='ltr'><em>μέλι</em></span> <span class='ocrx_word' id='word_1_197' title='bbox 1247 4453 1377 4537; x_wconf 75' lang='grc' dir='ltr'><em>χλωρὸν,</em></span> 
     </span>
     <span class='ocr_line' id='line_1_33' title="bbox 644 4571 1318 4660; baseline -0.007 -19"><span class='ocrx_word' id='word_1_198' title='bbox 644 4580 819 4660; x_wconf 77' lang='grc' dir='ltr'><em>προφρονέως</em></span> <span class='ocrx_word' id='word_1_199' title='bbox 841 4578 983 4645; x_wconf 75' lang='grc' dir='ltr'><em>ἐθέλουσιν</em></span> <span class='ocrx_word' id='word_1_200' title='bbox 1004 4576 1139 4653; x_wconf 77' lang='grc' dir='ltr'><em>οῖληθεθην</em></span> <span class='ocrx_word' id='word_1_201' title='bbox 1160 4571 1318 4655; x_wconf 79' lang='grc' dir='ltr'><em>θνοριθιιν.</em></span> 
     </span>
    </p>
   </div>
   <div class='ocr_carea' id='block_1_3' title="bbox 0 0 1888 5534">
    <p class='ocr_par' dir='ltr' id='par_1_11' title="bbox 0 0 1888 5534">
     <span class='ocr_line' id='line_1_34' title="bbox 0 0 1888 5534; baseline 0 4"><span class='ocrx_word' id='word_1_202' title='bbox 0 0 1888 5534; x_wconf 95' lang='lat' dir='ltr'><strong> </strong></span> 
     </span>
    </p>
   </div>
  </div>
 </body>
</html>
