3767 5534
1025 723 1090 782 442

549 932 614 987 νιις,
639 908 667 971 εἴ
687 916 717 975 τί
738 937 780 977 σοι
803 917 950 991 θελήσουσι
975 923 1037 1001 περὶ
1058 930 1114 986 τῶν
1130 926 1244 999 ἀδήλων
1263 929 1416 1008 ἀνθρώποις
1435 932 1567 1008 συμβου-

547 1025 652 1091 λεύειν.
676 1027 723 1093 Of.
750 1034 848 1097 duab.
873 1034 909 1098 L.
935 1036 981 1100 VI
1006 1038 1040 1102 C.
1066 1040 1112 1102 IV
1137 1046 1190 1107 33.

594 1148 623 1208 8.
658 1149 774 1226 νὶρετνὶν.
811 1152 969 1236 Significat
992 1157 1087 1222 Poeta
1107 1160 1203 1245 ipsam
1223 1163 1367 1227 victoriae
1384 1165 1567 1252 Olympicus

545 1260 687 1343 laudem,
717 1289 810 1351 quam
842 1273 984 1359 deinceps
1018 1286 1104 1341 vocat
1136 1279 1276 1346 laborum
1307 1285 1559 1370 respirationem:

546 1380 686 1446 similiter
717 1385 801 1465 laus,
833 1391 942 1475 ιὶρετόι,
968 1402 999 1457 et
1022 1395 1107 1460 labor
1131 1400 1363 1485 conjunguntur
1386 1402 1437 1467 Ol.
1463 1403 1492 1465 V
1515 1409 1561 1469 34

545 1505 574 1562 et
599 1499 645 1563 vr
674 1504 723 1567 n.
803 1488 808 1501 '

591 1622 620 1683 8.
655 1622 744 1703 θυμῷ.
781 1624 911 1712 Copiose
935 1631 993 1696 hoc
1018 1634 1158 1700 additum
1184 1645 1230 1701 est
1259 1641 1422 1726 participio
1444 1646 1567 1721 μνινμὲ·

546 1762 607 1804 νων.
654 1740 844 1825 Frequenter
867 1748 910 1812 sic
934 1760 1042 1833 poetae
1066 1756 1202 1839 antiqui,
1219 1760 1353 1823 maxime
1370 1762 1465 1846 epici,
1482 1763 1566 1827 velut

545 1856 672 1924 Hesiod.
697 1861 812 1949 Theog.
838 1869 901 1933 443
927 1871 1063 1937 ἐθέλουσά
1087 1900 1125 1951 γε
1148 1878 1245 1959 θυμῷ,
1271 1885 1301 1941 et
1326 1878 1441 1945 ibidem
1466 1884 1543 1945 446.

596 1977 645 2040 10.
680 1980 792 2047 ἄνεται.
829 1984 967 2053 Verbum
997 1991 1131 2056 medium
1160 1994 1190 2058 b.
1215 1995 1235 2059 l.
1260 2018 1325 2060 esse
1349 1998 1491 2063 existimo
1516 2022 1563 2064 ac

546 2094 609 2157 tiva
632 2096 872 2181 significatione,
897 2109 1156 2200 quemadmodum
1178 2111 1223 2197 Py
1247 2112 1282 2177 ΙΙ
1307 2116 1347 2178 89

912 2226 985 2300 Θεὸς
1008 2226 1090 2293 ἅπνιν
1113 2230 1160 2294 ἐπὶ
1185 2232 1317 2298 ἐλπίδων

996 2372 1023 2412 σι
1047 2347 1159 2428 τέκμαρ
1183 2350 1313 2415 ἀνύεται.

543 2463 682 2529 ’Άνεσθιιι
711 2472 807 2537 atrata
839 2488 911 2549 ergo
943 2471 991 2529 est
1022 2468 1164 2550 perficere
1193 2469 1353 2553 precibus,
1386 2492 1496 2554 nempe
1528 2469 1559 2533 id

546 2583 628 2666 quod
652 2606 706 2667 per
729 2606 778 2647 eas
801 2583 934 2669 petitur:
958 2571 991 2648 id
1016 2591 1118 2648 autem
1142 2593 1189 2650 est
1212 2586 1384 2651 satisfacere
1408 2587 1558 2672 precibus.

594 2702 643 2763 10.
680 2700 747 2782 πρὸς
770 2702 857 2783 χάριν
880 2702 1045 2779 εὐσεβείας.
1080 2703 1228 2769 Similiter
1250 2705 1435 2791 Sophocles,
1456 2705 1558 2789 Antig.

547 2822 629 2897 900,
653 2821 726 2892 τινος
750 2821 836 2898 νόμον
858 2823 925 2902 πρὸς
949 2820 1055 2902 χάριν,
1079 2825 1167 2908 cujus
1190 2823 1267 2903 legis
1283 2823 1390 2909 gratia
1416 2822 1558 2890 Ceterum

545 2945 629 3001 totus
659 2938 709 3003 hic
740 2939 778 3002 de
809 2940 968 3024 extispicio
999 2939 1159 3025 Olympiae
1183 2942 1269 3005 locus
1293 2942 1427 3026 aliquam
1451 2940 1559 3013 habere

546 3057 665 3122 videtur
680 3058 908 3123 difficultatem:
926 3059 1078 3123 Kreusius
1094 3059 1236 3144 quidem,
1254 3059 1397 3145 Olympia
1414 3082 1484 3144 pag.
1498 3063 1556 3136 94,

544 3197 603 3239 non
637 3183 726 3261 putat
755 3176 1009 3241 consuetudinem
1033 3177 1125 3241 fuisse
1149 3177 1308 3262 extispicia
1331 3178 1371 3242 ob
1395 3184 1557 3245 certamus

542 3294 739 3375 consulendi,
763 3301 924 3380 propterea
946 3294 1028 3379 quod
1052 3294 1173 3359 nullum
1196 3295 1369 3387 exemplum
1385 3303 1485 3359 exstet
1499 3317 1557 3362 cer·

540 3415 665 3479 taminis
695 3423 820 3499 propter
850 3413 976 3477 adversa
1006 3413 1164 3498 extispicia
1195 3413 1352 3478 destituti:
1385 3414 1484 3497 igitur
1506 3420 1558 3476 aut

541 3533 622 3597 facta
644 3540 763 3618 praeter
783 3533 1036 3597 consuetudinem
1056 3533 1216 3618 extispicia
1228 3532 1286 3595 hoc
1297 3531 1365 3596 loco
1374 3530 1556 3616 significari,

543 3662 597 3717 aut
631 3654 733 3738 potius
764 3651 881 3736 aliquid
913 3651 1093 3736 significari,
1126 3650 1208 3735 quod
1240 3650 1416 3715 universum
1449 3650 1555 3713 fuerit:

543 3768 627 3845 vult,
659 3758 718 3832 uisi
747 3767 854 3845 fallor,
886 3768 1046 3852 extispicia
1072 3767 1152 3831 facta
1175 3790 1239 3831 esse
1263 3766 1300 3831 de
1323 3773 1390 3830 toto
1414 3765 1556 3830 ludorum

543 3896 662 3952 eventu.
698 3885 813 3950 Verum
837 3886 949 3950 diserte
972 3885 1124 3950 Pindarus
1148 3884 1241 3962 dicit,
1267 3883 1456 3948 voluntatem
1475 3882 1555 3948 Joris

541 4004 690 4089 explorari
713 4004 750 4067 de
773 4003 950 4068 hominibus
972 4003 1096 4068 laudem
1119 4002 1355 4088 quaerentibus:
1382 4001 1492 4065 horum
1507 4022 1556 4063 au·

541 4132 604 4187 tem
627 4144 700 4186 cura
722 4145 784 4187 non
808 4122 972 4187 eratineo
989 4122 1182 4207 potissimum
1199 4120 1317 4205 posita,
1334 4120 1475 4183 forentne
1490 4117 1555 4182 ludi

541 4240 607 4305 sine
637 4240 723 4303 clade
753 4249 783 4304 et
809 4240 934 4305 Graecis
960 4260 1136 4324 prosperum
1160 4246 1303 4302 eventum
1326 4237 1479 4313 habituri,
1502 4234 1553 4304 sed

543 4381 580 4421 au
604 4358 663 4444 ipsi
687 4367 787 4422 essent
811 4360 979 4443 praemium
999 4358 1152 4422 babituri:
1169 4379 1243 4433 uec,
1261 4377 1339 4440 quae
1354 4363 1553 4430 memoratur,

544 4499 649 4541 eorum
668 4477 781 4561 pictas,
799 4475 859 4539 alia
873 4475 967 4541 fuisse
983 4476 1103 4541 videtur
1118 4475 1177 4540 nisi
1193 4474 1420 4538 sacrificiorum.
1444 4472 1555 4554 Quem-
