3767 5534
876 700 914 760 ll

382 907 495 970 lectam
519 904 556 969 de
579 903 647 966 Diis
671 900 906 982 absolutamque
930 898 1122 962 sententiam.
1150 896 1399 973 Meminerimus,

382 1047 441 1089 nos
470 1047 533 1089 non
557 1023 595 1087 de
618 1022 738 1107 placitis
762 1018 955 1105 philosophi,
980 1017 1033 1082 sed
1057 1017 1095 1081 de
1119 1024 1226 1101 po'e'tae
1250 1014 1400 1100 sapientia

382 1144 525 1208 seribere.
572 1142 660 1222 Quae
684 1140 806 1224 quidem
832 1140 982 1224 sapientia
1005 1138 1037 1201 in
1061 1138 1144 1201 omni
1169 1158 1292 1220 quoque
1316 1143 1401 1199 vetu-

383 1270 502 1326 starum
532 1260 707 1325 fabularum
737 1257 949 1343 cognoscenda
979 1265 1009 1321 et
1038 1254 1220 1320 celebranda
1243 1253 1403 1318 constabat

383 1380 520 1444 materie.
548 1378 651 1459 Quam
667 1379 709 1455 si,
728 1377 837 1463 partim
854 1374 1062 1451 emendando,
1080 1373 1192 1458 partim
1208 1371 1341 1448 silenda,
1358 1372 1403 1435 ita

383 1498 542 1590 traetavit,
579 1506 616 1561 ut
646 1497 714 1561 Diis
737 1496 856 1581 placere
880 1494 1051 1570 studuerit,
1076 1493 1211 1578 profecto
1235 1489 1402 1576 sapientiae

275 1675 278 1678 .
385 1616 573 1701 principium
588 1616 621 1679 in
637 1622 722 1679 metu
739 1614 874 1678 Deorum
891 1635 1004 1697 ponere
1020 1611 1154 1675 voluisse
1171 1608 1328 1696 putandus
1346 1617 1401 1672 est.

860 1853 929 1935 sa.

710 2092 757 2154 De
780 2091 908 2153 Deorum
932 2088 1085 2151 amoribus.

434 2328 594 2406 Vidimus,
627 2329 708 2392 Deos
740 2327 821 2411 apud
851 2327 1021 2391 Pindarum
1045 2349 1108 2390 non
1129 2326 1240 2411 jurgiis
1264 2324 1404 2407 odiisque

384 2448 565 2512 hominihus
589 2470 653 2513 esse
669 2447 793 2512 similos
829 2446 916 2511 Idem
931 2470 1003 2511 vero
1020 2469 1137 2510 amores
1154 2468 1260 2510 eorum
1276 2443 1403 2521 cecinit,

386 2574 424 2629 ut
447 2568 504 2630 hae
527 2568 558 2630 in
582 2589 615 2630 re
636 2588 698 2631 non
723 2589 740 2630 a
763 2575 875 2630 natura
897 2566 1034 2629 humana
1053 2565 1146 2629 alieni
1162 2587 1228 2629 esse
1244 2564 1405 2628 videantur

385 2696 419 2750 et
441 2687 618 2751 mortalium
643 2686 733 2750 etiam
757 2708 874 2749 amores
899 2693 1055 2771 appetant.
1091 2685 1327 2749 Memoravimus
1340 2685 1404 2769 jam

385 2805 572 2891 Neptunum
600 2806 723 2891 Pelopis
747 2828 849 2870 amore
873 2813 1008 2891 captum.
1056 2807 1162 2889 Atque
1187 2806 1278 2869 etiam
1300 2813 1406 2890 postea

385 2924 499 3009 Pelops
524 2924 634 2988 amoris
659 2925 707 2988 sui
730 2926 859 3009 gratiam
884 2933 913 2988 et
938 2925 1089 3008 quaesivit
1113 2948 1130 2987 a
1153 2924 1219 2988 Deo
1244 2930 1274 2987 et
1296 2930 1406 2987 nactus

386 3051 445 3106 est.
493 3041 573 3106 Nam
597 3065 694 3127 quum
717 3042 956 3129 Hippodamiam
982 3066 1110 3108 uxorem
1133 3043 1244 3107 ducere
1263 3049 1405 3128 cuperet,

386 3184 516 3246 eamque
538 3162 598 3226 nisi
621 3170 707 3247 patre
731 3163 797 3248 ejus
821 3161 979 3227 Oenomao
1004 3164 1085 3227 vieto
1110 3162 1170 3227 sibi
1185 3185 1329 3246 quaerere
1345 3184 1406 3225 non

386 3290 509 3368 posset,
534 3282 618 3346 solus
642 3283 681 3346 ad
703 3305 786 3346 mare
810 3283 986 3347 caeruleum
1010 3291 1104 3347 noctu
1128 3282 1255 3347 accessit
1278 3290 1308 3346 et
1323 3279 1408 3366 Nep-

385 3409 500 3465 tunum
524 3402 658 3465 vocavit:
683 3402 733 3466 hio
760 3425 832 3466 mox
856 3404 885 3467 ei
899 3404 1059 3489 apparuit:
1077 3404 1127 3467 eui
1142 3402 1211 3466 ille:
1238 3401 1405 3480 „amabilia

387 3520 472 3584 dona
502 3519 660 3606 Cypridis,
692 3544 764 3605 age,
798 3523 824 3585 si
855 3544 933 3606 qua,
967 3521 1131 3607 Neptune,
1156 3521 1292 3606 gratiosa
1315 3525 1405 3596 sunt,

390 3639 507 3703 vincito
530 3639 648 3724 hastam
672 3639 821 3705 Oenomai
845 3664 987 3719 aeneam,
1011 3664 1060 3706 me
1081 3663 1151 3704 vero
1168 3640 1332 3704 celerrimis
1349 3639 1410 3703 duo

392 3759 533 3823 curribus
564 3760 597 3823 in
625 3758 745 3822 lllidem
769 3768 800 3824 et
824 3760 925 3824 adduc
949 3759 988 3823 ad
1011 3760 1180 3824 victoriam.
1227 3759 1294 3843 Ego
1318 3764 1412 3822 certa-

391 3900 464 3941 men
487 3877 613 3942 subibo:
638 3886 674 3941 tu
698 3901 769 3943 vero
791 3878 910 3943 felicem
934 3901 1110 3943 successum
1133 3878 1203 3943 da.”
1239 3878 1288 3941 Sic
1313 3877 1409 3954 dixit,

392 4019 494 4081 neque
515 3997 633 4061 irritam
657 3998 825 4061 orationem
849 4021 1010 4083 aggressus
1034 4004 1089 4062 est.
1137 3997 1232 4061 Illum
1257 3997 1410 4060 honorans

393 4115 480 4179 Deus
511 4115 596 4180 dedit
620 4117 648 4180 ei
671 4139 795 4180 currum
820 4139 947 4180 aureum
972 4125 1002 4180 et
1024 4116 1193 4180 indefessos
1217 4116 1273 4179 alis
1298 4138 1409 4199 equos,

392 4235 476 4321 cepit
498 4233 688 4300 Oenomaum
713 4236 823 4299 fortem
848 4237 1059 4321 virginemque
1082 4236 1254 4320 conjugem.
1270 4236 1293 4319 1)
1324 4233 1410 4299 Haeo

391 4404 580 4415 —————-—

427 4496 454 4555 1)
473 4494 511 4545 01.
528 4496 551 4544 Ι.
570 4495 709 4545 lla-143.
