3767 5534
933 694 974 755 79

566 895 686 975 Jupiter
707 893 811 957 uades
836 898 879 955 est
900 891 1065 974 supplicum
1089 892 1298 976 hospitumque.
1314 891 1338 973 ¹)

433 1010 590 1075 Ceterum
610 1010 662 1075 Dii
683 1010 827 1095 pleraque
843 1010 976 1073 humana
991 1009 1200 1073 committunt:
1218 1009 1377 1072 hominum
1393 1006 1463 1070 ode-

432 1136 517 1193 runt
540 1129 651 1207 alium,
669 1128 762 1193 alium
779 1128 945 1205 honorant,
963 1129 1117 1192 intersunt
1132 1126 1256 1212 proeliis
1271 1126 1462 1202 mortalium,

435 1253 538 1331 atque
561 1248 642 1310 inter
665 1269 697 1309 se
720 1246 905 1310 altercantur
928 1267 1028 1330 neque
1051 1244 1137 1308 abest
1155 1246 1198 1307 vis
1215 1252 1246 1307 et
1262 1244 1462 1307 vehementia.
1516 1255 1518 1259 ’

485 1363 562 1427 Hoc
591 1365 687 1448 igitur
714 1371 746 1428 et
770 1364 846 1427 vidit
868 1362 1021 1427 Pindarus
1046 1373 1077 1427 et
1101 1364 1245 1441 sustulit,
1271 1370 1392 1448 tamque
1416 1385 1464 1425 co·
1523 1396 1528 1405 ·

429 1483 553 1568 piosus
576 1482 635 1545 fuit
658 1484 691 1546 in
713 1482 858 1546 laudibus
881 1481 1020 1544 Deorum
1044 1480 1232 1545 celebrandis
1249 1503 1340 1565 quam
1357 1486 1464 1543 cautus

438 1602 477 1664 in
512 1599 639 1664 vitanda
670 1600 843 1664 narratione
867 1621 971 1662 earum
994 1622 1111 1676 rerum,
1137 1622 1212 1684 quas
1235 1598 1359 1662 illorum
1382 1620 1465 1683 prae·

438 1719 564 1782 stantia
589 1718 742 1803 judicaret
771 1716 962 1801 indignant)
997 1716 1165 1801 Imperium
1195 1739 1265 1781 vero
1290 1739 1395 1780 eorum
1419 1724 1465 1779 est

437 1836 615 1923 ejusmodi,
648 1844 685 1899 ut
714 1858 777 1899 uon
808 1842 930 1899 tantum
961 1835 1088 1899 arbitrio
1120 1858 1174 1899 suo
1207 1842 1317 1920 regant
1345 1834 1465 1911 omnia,

439 1956 668 2019 verumetiam
692 1976 785 2040 quam
807 1954 937 2017 maxime
961 1955 1070 2038 pietati
1094 1961 1124 2018 et
1149 1954 1316 2018 virtutibus
1339 1953 1466 2038 reliquis

441 2074 582 2160 praemia
604 2073 759 2149 tribuant,
785 2072 898 2135 fastum
914 2094 984 2135 vero
1009 2080 1039 2135 et
1063 2072 1328 2157 intemperantiam
1345 2071 1466 2135 oderint

442 2191 669 2276 suppliciisque
692 2198 923 2275 persequantur.
936 2191 961 2275 8)
996 2189 1156 2269 Quantum
1171 2213 1242 2255 vero
1258 2198 1363 2255 nostra
1379 2190 1467 2275 fragi-

441 2310 520 2373 litas
544 2310 581 2374 ab
603 2309 726 2373 illorum
750 2309 888 2392 potentia
911 2317 942 2373 et
965 2310 1143 2374 aeternitate
1167 2309 1275 2386 distet,
1293 2310 1466 2394 praecipere

445 2429 572 2513 copiose
595 2428 681 2491 solet.
695 2430 719 2511 ⁴)
753 2427 870 2490 Verum
893 2450 989 2512 quum
1009 2428 1136 2491 Homeri
1151 2428 1300 2492 rationem
1317 2426 1467 2490 Pindarus

445 2547 495 2609 ita
524 2545 744 2621 emendaverit,
774 2555 809 2608 ut
832 2545 990 2630 proprium
1014 2544 1188 2608 ostenderet
1212 2566 1362 2628 suumque
1385 2544 1469 2607 meli·

446 2685 504 2726 ora
527 2662 563 2726 de
586 2662 654 2726 Diis
678 2660 799 2725 dicendi
823 2661 978 2738 studium,
1004 2661 1226 2727 attendendum
1249 2669 1310 2740 est,
1335 2684 1405 2725 eum
1425 2663 1469 2725 ita

446 2779 577 2843 meliora
608 2779 707 2844 dicere
738 2778 892 2842 studuisse
921 2787 957 2843 ut
980 2779 1131 2843 deteriora
1153 2782 1272 2844 vitaret.
1319 2778 1467 2856 Sustulit,

447 2919 528 2981 qnae
559 2896 756 2982 displicerent
788 2896 865 2973 sibi,
893 2897 926 2960 in
951 2919 1046 2982 eoque
1069 2897 1129 2960 luit
1151 2897 1334 2961 verecundia
1357 2896 1468 2960 ductus

448 3023 482 3077 et
504 3013 671 3091 modestia,
690 3021 852 3097 reputans,
870 3035 962 3097 quam
979 3014 1073 3076 simus
1090 3013 1157 3076 Diis
1173 3014 1347 3091 inferiores,
1366 3035 1469 3098 quam·

449 3153 510 3214 qne
527 3130 632 3195 deceat
648 3153 750 3195 cavere
766 3152 822 3193 nos
839 3131 923 3193 omni
939 3152 1047 3215 opera,
1065 3154 1104 3194 ne
1117 3132 1283 3215 jactatione
1294 3132 1470 3216 importuna

450 3257 482 3313 et
505 3249 611 3313 odiosa
633 3249 798 3334 sapientiae
822 3248 1013 3312 affectatione
1037 3249 1278 3327 committamus,
1295 3256 1332 3313 ut
1347 3250 1385 3313 de
1401 3250 1469 3313 Diis

450 3368 588 3431 dicamus
605 3389 682 3453 quae
698 3366 882 3452 displiceant
897 3368 982 3451 ipsis.
1018 3367 1077 3431 Sed
1094 3369 1233 3452 quamvis
1250 3368 1470 3432 sublimitatem

451 3484 609 3549 admireris
640 3484 860 3549 sententiarum
892 3507 1011 3563 earum,
1045 3509 1121 3571 quas
1152 3486 1190 3550 de
1222 3486 1288 3550 Diis
1321 3486 1468 3571 protulit,

450 3611 553 3667 tamen
576 3604 712 3667 retinent
734 3604 787 3666 Dii
809 3611 971 3682 naturam,
997 3626 1074 3689 quae
1098 3604 1191 3669 ducta
1210 3607 1251 3669 sit
1267 3628 1303 3669 ex
1319 3606 1470 3668 hnmanae

450 3728 579 3785 naturae
603 3721 814 3785 similitudine.
850 3723 880 3785 A
903 3744 964 3805 qna
987 3745 1083 3807 quum
1105 3725 1288 3807 pravitatem
1311 3726 1472 3788 secreverit

449 3862 590 3918 omnem,
606 3837 838 3926 ‘addideritque
870 3842 897 3904 ei
928 3843 1100 3926 potentiam
1132 3849 1163 3906 et
1186 3843 1414 3923 aeternitatem,
1438 3846 1470 3908 in

451 3959 549 4022 altero
580 3959 694 4044 priores
725 3966 831 4044 poetas
862 3960 1052 4038 emendavit,
1084 3963 1117 4024 in
1145 3961 1241 4026 altero
1252 3979 1263 4040 ,⁴
1286 3963 1369 4046 quod
1392 3986 1472 4027 com-

450 4076 670 4141 mendaverant
705 4079 797 4142 etiam
830 4078 896 4156 illi,
930 4086 1034 4143 tamen
1070 4101 1121 4144 eos
1155 4081 1200 4143 ita
1232 4082 1403 4165 superavit,
1436 4090 1472 4146 ut

493 4396 517 4457 1)
536 4396 617 4461 Odpes.
635 4398 682 4449 IX.
698 4397 755 4448 270.
822 4398 846 4458 2)
864 4397 920 4447 vid.
936 4414 988 4462 cop.
1007 4401 1029 4449 I.
1046 4402 1057 4461 ς
1075 4399 1097 4448 l.
1166 4399 1191 4459 3)
1210 4398 1263 4448 Vid.
1278 4414 1329 4462 cap.
1342 4401 1435 4462 I.§§3,
1448 4400 1471 4452 7.

490 4494 517 4553 4)
534 4491 591 4541 vit.
607 4507 659 4555 cap.
677 4494 701 4542 Ι.
718 4495 730 4554 5
748 4491 775 4551 7,
793 4508 845 4557 cap.
863 4495 902 4544 ΙΙ.
918 4497 930 4556 ς
948 4496 971 4543 5.
