<?xml version="1.0" encoding="UTF-8"?>
<!DOCTYPE html PUBLIC "-//W3C//DTD XHTML 1.0 Transitional//EN"
    "http://www.w3.org/TR/xhtml1/DTD/xhtml1-transitional.dtd">
<html xmlns="http://www.w3.org/1999/xhtml" xml:lang="en" lang="en">
 <head>
  <title>
</title>
<meta http-equiv="Content-Type" content="text/html;charset=utf-8" />
  <meta name='ocr-system' content='tesseract 3.04.00' />
  <meta name='ocr-capabilities' content='ocr_page ocr_carea ocr_par ocr_line ocrx_word'/>
</head>
<body>
  <div class='ocr_page' id='page_1' title='image "./pindaricarminao00pindgoog_0361.png"; bbox 0 0 3767 5534; ppageno 0'>
   <div class='ocr_carea' id='block_1_1' title="bbox 983 710 1047 770">
    <p class='ocr_par' dir='ltr' id='par_1_1' title="bbox 983 710 1047 770">
     <span class='ocr_line' id='line_1_1' title="bbox 983 710 1047 770; baseline 0 0"><span class='ocrx_word' id='word_1_1' title='bbox 983 710 1047 770; x_wconf 79' lang='lat'>288</span> 
     </span>
    </p>
   </div>
   <div class='ocr_carea' id='block_1_2' title="bbox 495 910 1526 3748">
    <p class='ocr_par' dir='ltr' id='par_1_2' title="bbox 500 910 1526 2193">
     <span class='ocr_line' id='line_1_2' title="bbox 550 910 1526 995; baseline 0.004 -21"><span class='ocrx_word' id='word_1_2' title='bbox 550 913 623 976; x_wconf 98' lang='grc'><strong>178.</strong></span> <span class='ocrx_word' id='word_1_3' title='bbox 658 912 753 978; x_wconf 77' lang='grc' dir='ltr'><strong>ἐλθὼν.</strong></span> <span class='ocrx_word' id='word_1_4' title='bbox 788 910 867 974; x_wconf 84' lang='lat' dir='ltr'>Sunt</span> <span class='ocrx_word' id='word_1_5' title='bbox 891 911 946 995; x_wconf 89' lang='lat' dir='ltr'>qui</span> <span class='ocrx_word' id='word_1_6' title='bbox 970 910 1106 995; x_wconf 80' lang='lat' dir='ltr'>polliceri</span> <span class='ocrx_word' id='word_1_7' title='bbox 1127 911 1253 975; x_wconf 89' lang='lat' dir='ltr'>Poetam</span> <span class='ocrx_word' id='word_1_8' title='bbox 1274 912 1469 992; x_wconf 79' lang='lat' dir='ltr'><strong>existiment,</strong></span> <span class='ocrx_word' id='word_1_9' title='bbox 1491 936 1526 978; x_wconf 89' lang='grc'>11</span> 
     </span>
     <span class='ocr_line' id='line_1_3' title="bbox 502 1029 1522 1118; baseline 0.006 -27"><span class='ocrx_word' id='word_1_10' title='bbox 502 1030 602 1115; x_wconf 88' lang='lat' dir='ltr'>ipsum</span> <span class='ocrx_word' id='word_1_11' title='bbox 626 1038 796 1116; x_wconf 89' lang='lat' dir='ltr'>spectatum</span> <span class='ocrx_word' id='word_1_12' title='bbox 820 1038 984 1095; x_wconf 91' lang='lat' dir='ltr'>venturum</span> <span class='ocrx_word' id='word_1_13' title='bbox 1006 1029 1195 1116; x_wconf 81' lang='lat' dir='ltr'>Olympiam:</span> <span class='ocrx_word' id='word_1_14' title='bbox 1219 1054 1323 1095; x_wconf 89' lang='lat' dir='ltr'>verum</span> <span class='ocrx_word' id='word_1_15' title='bbox 1339 1032 1522 1118; x_wconf 90' lang='lat' dir='ltr'>hujusmodi</span> 
     </span>
     <span class='ocr_line' id='line_1_4' title="bbox 503 1150 1521 1237; baseline 0.004 -24"><span class='ocrx_word' id='word_1_16' title='bbox 503 1152 654 1215; x_wconf 91' lang='lat' dir='ltr'>sententia</span> <span class='ocrx_word' id='word_1_17' title='bbox 688 1151 813 1215; x_wconf 91' lang='lat' dir='ltr'>omnino</span> <span class='ocrx_word' id='word_1_18' title='bbox 848 1150 922 1215; x_wconf 92' lang='lat' dir='ltr'>mihi</span> <span class='ocrx_word' id='word_1_19' title='bbox 960 1151 1081 1215; x_wconf 87' lang='lat' dir='ltr'>videtur</span> <span class='ocrx_word' id='word_1_20' title='bbox 1112 1152 1250 1236; x_wconf 81' lang='lat' dir='ltr'>argutior</span> <span class='ocrx_word' id='word_1_21' title='bbox 1283 1174 1377 1237; x_wconf 89' lang='lat' dir='ltr'>quam</span> <span class='ocrx_word' id='word_1_22' title='bbox 1410 1154 1521 1217; x_wconf 89' lang='lat' dir='ltr'>verior.</span> 
     </span>
     <span class='ocr_line' id='line_1_5' title="bbox 504 1269 1523 1355; baseline 0.006 -24"><span class='ocrx_word' id='word_1_23' title='bbox 504 1269 671 1335; x_wconf 84' lang='lat' dir='ltr'>Victoriam</span> <span class='ocrx_word' id='word_1_24' title='bbox 700 1277 786 1355; x_wconf 90' lang='lat' dir='ltr'>optat</span> <span class='ocrx_word' id='word_1_25' title='bbox 814 1270 926 1349; x_wconf 88' lang='lat' dir='ltr'>Poeta,</span> <span class='ocrx_word' id='word_1_26' title='bbox 957 1293 1078 1335; x_wconf 90' lang='lat' dir='ltr'>carmen</span> <span class='ocrx_word' id='word_1_27' title='bbox 1102 1294 1193 1335; x_wconf 92' lang='lat' dir='ltr'>suum</span> <span class='ocrx_word' id='word_1_28' title='bbox 1218 1271 1246 1335; x_wconf 90' lang='lat' dir='ltr'>ei</span> <span class='ocrx_word' id='word_1_29' title='bbox 1270 1271 1436 1355; x_wconf 87' lang='lat' dir='ltr'>pollicetur</span> <span class='ocrx_word' id='word_1_30' title='bbox 1460 1273 1523 1337; x_wconf 91' lang='lat' dir='ltr'>vic·</span> 
     </span>
     <span class='ocr_line' id='line_1_6' title="bbox 501 1388 1522 1476; baseline 0.004 -24"><span class='ocrx_word' id='word_1_31' title='bbox 501 1389 614 1454; x_wconf 91' lang='lat' dir='ltr'>toriae:</span> <span class='ocrx_word' id='word_1_32' title='bbox 656 1390 752 1475; x_wconf 89' lang='lat' dir='ltr'>igitur</span> <span class='ocrx_word' id='word_1_33' title='bbox 794 1388 852 1454; x_wconf 90' lang='lat' dir='ltr'>sibi</span> <span class='ocrx_word' id='word_1_34' title='bbox 893 1397 1080 1475; x_wconf 81' lang='lat' dir='ltr'>representat</span> <span class='ocrx_word' id='word_1_35' title='bbox 1122 1396 1154 1454; x_wconf 93' lang='lat' dir='ltr'>et</span> <span class='ocrx_word' id='word_1_36' title='bbox 1196 1390 1302 1456; x_wconf 90' lang='lat' dir='ltr'>laudat</span> <span class='ocrx_word' id='word_1_37' title='bbox 1335 1390 1439 1476; x_wconf 83' lang='lat' dir='ltr'>ipsum</span> <span class='ocrx_word' id='word_1_38' title='bbox 1474 1392 1522 1456; x_wconf 92' lang='lat' dir='ltr'>lo-</span> 
     </span>
     <span class='ocr_line' id='line_1_7' title="bbox 502 1508 1519 1586; baseline 0.004 -15"><span class='ocrx_word' id='word_1_39' title='bbox 502 1530 589 1586; x_wconf 92' lang='lat' dir='ltr'>cum,</span> <span class='ocrx_word' id='word_1_40' title='bbox 624 1508 679 1573; x_wconf 90' lang='lat' dir='ltr'>ubi</span> <span class='ocrx_word' id='word_1_41' title='bbox 706 1509 847 1573; x_wconf 85' lang='lat' dir='ltr'>carminis</span> <span class='ocrx_word' id='word_1_42' title='bbox 883 1509 931 1572; x_wconf 86' lang='lat' dir='ltr'>via</span> <span class='ocrx_word' id='word_1_43' title='bbox 966 1509 1150 1573; x_wconf 89' lang='lat' dir='ltr'>invenienda</span> <span class='ocrx_word' id='word_1_44' title='bbox 1179 1510 1229 1574; x_wconf 90' lang='lat' dir='ltr'>sit.</span> <span class='ocrx_word' id='word_1_45' title='bbox 1276 1508 1395 1573; x_wconf 85' lang='lat' dir='ltr'>Similia</span> <span class='ocrx_word' id='word_1_46' title='bbox 1417 1510 1519 1575; x_wconf 89' lang='lat' dir='ltr'>multa</span> 
     </span>
     <span class='ocr_line' id='line_1_8' title="bbox 500 1626 1519 1713; baseline 0.003 -23"><span class='ocrx_word' id='word_1_47' title='bbox 500 1628 533 1691; x_wconf 92' lang='lat' dir='ltr'>in</span> <span class='ocrx_word' id='word_1_48' title='bbox 563 1626 715 1691; x_wconf 87' lang='lat' dir='ltr'>Pindaro:</span> <span class='ocrx_word' id='word_1_49' title='bbox 748 1627 831 1691; x_wconf 91' lang='lat' dir='ltr'>velut</span> <span class='ocrx_word' id='word_1_50' title='bbox 862 1627 955 1713; x_wconf 90' lang='lat' dir='ltr'>hujus</span> <span class='ocrx_word' id='word_1_51' title='bbox 987 1628 1130 1692; x_wconf 89' lang='lat' dir='ltr'>carminis</span> <span class='ocrx_word' id='word_1_52' title='bbox 1163 1652 1196 1692; x_wconf 87' lang='lat' dir='ltr'>vs</span> <span class='ocrx_word' id='word_1_53' title='bbox 1223 1631 1281 1708; x_wconf 84' lang='grc'>16,</span> <span class='ocrx_word' id='word_1_54' title='bbox 1312 1628 1363 1693; x_wconf 90' lang='lat' dir='ltr'>Ol.</span> <span class='ocrx_word' id='word_1_55' title='bbox 1388 1628 1435 1693; x_wconf 86' lang='lat' dir='ltr'>VI</span> <span class='ocrx_word' id='word_1_56' title='bbox 1463 1632 1519 1694; x_wconf 86' lang='grc'><strong>87.</strong></span> 
     </span>
     <span class='ocr_line' id='line_1_9' title="bbox 500 1746 1520 1832; baseline 0.004 -23"><span class='ocrx_word' id='word_1_57' title='bbox 500 1746 647 1811; x_wconf 85' lang='lat' dir='ltr'>Cronium</span> <span class='ocrx_word' id='word_1_58' title='bbox 671 1769 765 1832; x_wconf 90' lang='lat' dir='ltr'>prope</span> <span class='ocrx_word' id='word_1_59' title='bbox 789 1747 876 1811; x_wconf 86' lang='lat' dir='ltr'>Altin</span> <span class='ocrx_word' id='word_1_60' title='bbox 899 1748 974 1825; x_wconf 86' lang='lat' dir='ltr'>fuit,</span> <span class='ocrx_word' id='word_1_61' title='bbox 1000 1755 1036 1812; x_wconf 92' lang='lat' dir='ltr'>ut</span> <span class='ocrx_word' id='word_1_62' title='bbox 1055 1755 1204 1813; x_wconf 87' lang='lat' dir='ltr'>memorat</span> <span class='ocrx_word' id='word_1_63' title='bbox 1224 1747 1392 1813; x_wconf 84' lang='lat' dir='ltr'>Pausanias</span> <span class='ocrx_word' id='word_1_64' title='bbox 1412 1748 1450 1813; x_wconf 88' lang='lat' dir='ltr'>L.</span> <span class='ocrx_word' id='word_1_65' title='bbox 1471 1748 1520 1814; x_wconf 86' lang='lat' dir='ltr'>VI</span> 
     </span>
     <span class='ocr_line' id='line_1_10' title="bbox 500 1854 1519 1948; baseline 0.004 -19"><span class='ocrx_word' id='word_1_66' title='bbox 500 1866 535 1931; x_wconf 83' lang='lat' dir='ltr'>o,</span> <span class='ocrx_word' id='word_1_67' title='bbox 563 1866 641 1932; x_wconf 76' lang='lat' dir='ltr'>xix</span> <span class='ocrx_word' id='word_1_68' title='bbox 672 1854 767 1946; x_wconf 86' lang='lat' dir='ltr'>r,o.</span> <span class='ocrx_word' id='word_1_69' title='bbox 792 1867 854 1931; x_wconf 81' lang='lat' dir='ltr'>xx</span> <span class='ocrx_word' id='word_1_70' title='bbox 881 1871 909 1932; x_wconf 89' lang='grc'>1.</span> <span class='ocrx_word' id='word_1_71' title='bbox 957 1868 1045 1933; x_wconf 80' lang='lat' dir='ltr'>oonf.</span> <span class='ocrx_word' id='word_1_72' title='bbox 1075 1867 1125 1933; x_wconf 88' lang='lat'>01.</span> <span class='ocrx_word' id='word_1_73' title='bbox 1150 1868 1180 1930; x_wconf 80' lang='lat' dir='ltr'><strong>v</strong></span> <span class='ocrx_word' id='word_1_74' title='bbox 1204 1872 1264 1947; x_wconf 75' lang='lat' dir='ltr'>ao,</span> <span class='ocrx_word' id='word_1_75' title='bbox 1288 1868 1335 1933; x_wconf 82' lang='grc'>11</span> <span class='ocrx_word' id='word_1_76' title='bbox 1363 1872 1444 1948; x_wconf 85' lang='lat' dir='ltr'>uo,</span> <span class='ocrx_word' id='word_1_77' title='bbox 1469 1868 1519 1933; x_wconf 83' lang='lat' dir='ltr'>rx</span> 
     </span>
     <span class='ocr_line' id='line_1_11' title="bbox 500 1987 1519 2074; baseline 0.002 -24"><span class='ocrx_word' id='word_1_78' title='bbox 500 1991 538 2065; x_wconf 78' lang='lat'>4,</span> <span class='ocrx_word' id='word_1_79' title='bbox 571 1994 601 2052; x_wconf 96' lang='grc'>11</span> <span class='ocrx_word' id='word_1_80' title='bbox 624 1987 653 2050; x_wconf 90' lang='lat' dir='ltr'>X</span> <span class='ocrx_word' id='word_1_81' title='bbox 680 1990 739 2066; x_wconf 83' lang='lat'>59,</span> <span class='ocrx_word' id='word_1_82' title='bbox 769 1987 823 2052; x_wconf 92' lang='lat' dir='ltr'>ubi</span> <span class='ocrx_word' id='word_1_83' title='bbox 846 1988 996 2053; x_wconf 84' lang='lat' dir='ltr'>Hercules</span> <span class='ocrx_word' id='word_1_84' title='bbox 1020 1997 1162 2053; x_wconf 89' lang='lat' dir='ltr'>narratur</span> <span class='ocrx_word' id='word_1_85' title='bbox 1187 1996 1323 2053; x_wconf 85' lang='lat' dir='ltr'>montem</span> <span class='ocrx_word' id='word_1_86' title='bbox 1348 1987 1443 2053; x_wconf 85' lang='lat' dir='ltr'>Oroni</span> <span class='ocrx_word' id='word_1_87' title='bbox 1467 2011 1519 2074; x_wconf 89' lang='lat' dir='ltr'>ap·</span> 
     </span>
     <span class='ocr_line' id='line_1_12' title="bbox 500 2107 1451 2193; baseline 0.002 -22"><span class='ocrx_word' id='word_1_88' title='bbox 500 2107 645 2191; x_wconf 91' lang='lat' dir='ltr'>pellasse,</span> <span class='ocrx_word' id='word_1_89' title='bbox 670 2107 755 2193; x_wconf 92' lang='lat' dir='ltr'>prius</span> <span class='ocrx_word' id='word_1_90' title='bbox 779 2131 874 2193; x_wconf 93' lang='lat' dir='ltr'>quum</span> <span class='ocrx_word' id='word_1_91' title='bbox 898 2110 1022 2174; x_wconf 87' lang='lat' dir='ltr'>nomine</span> <span class='ocrx_word' id='word_1_92' title='bbox 1046 2109 1194 2173; x_wconf 82' lang='lat' dir='ltr'>caruisset</span> <span class='ocrx_word' id='word_1_93' title='bbox 1217 2109 1288 2172; x_wconf 89' lang='lat' dir='ltr'>nive</span> <span class='ocrx_word' id='word_1_94' title='bbox 1311 2107 1451 2173; x_wconf 78' lang='lat' dir='ltr'>obrutus</span> 
     </span>
    </p>

    <p class='ocr_par' dir='ltr' id='par_1_3' title="bbox 496 2227 1518 2670">
     <span class='ocr_line' id='line_1_13' title="bbox 546 2227 1517 2313; baseline 0.001 -22"><span class='ocrx_word' id='word_1_95' title='bbox 546 2230 620 2293; x_wconf 85' lang='grc'><strong>179.</strong></span> <span class='ocrx_word' id='word_1_96' title='bbox 655 2227 753 2305; x_wconf 76' lang='grc' dir='ltr'><strong>βέλος.</strong></span> <span class='ocrx_word' id='word_1_97' title='bbox 789 2227 971 2313; x_wconf 84' lang='lat' dir='ltr'>Saepissime</span> <span class='ocrx_word' id='word_1_98' title='bbox 991 2228 1048 2292; x_wconf 87' lang='lat' dir='ltr'>hoc</span> <span class='ocrx_word' id='word_1_99' title='bbox 1067 2228 1218 2293; x_wconf 89' lang='lat' dir='ltr'>vocabulo</span> <span class='ocrx_word' id='word_1_100' title='bbox 1239 2228 1393 2293; x_wconf 90' lang='lat' dir='ltr'>Pindarus</span> <span class='ocrx_word' id='word_1_101' title='bbox 1413 2228 1517 2293; x_wconf 90' lang='lat' dir='ltr'>utitur</span> 
     </span>
     <span class='ocr_line' id='line_1_14' title="bbox 499 2345 1517 2431; baseline 0.001 -22"><span class='ocrx_word' id='word_1_102' title='bbox 499 2346 531 2411; x_wconf 92' lang='lat' dir='ltr'>in</span> <span class='ocrx_word' id='word_1_103' title='bbox 566 2346 765 2431; x_wconf 86' lang='lat' dir='ltr'>significanda</span> <span class='ocrx_word' id='word_1_104' title='bbox 799 2348 901 2431; x_wconf 91' lang='lat' dir='ltr'>poesi,</span> <span class='ocrx_word' id='word_1_105' title='bbox 936 2347 1023 2411; x_wconf 87' lang='lat' dir='ltr'>velut</span> <span class='ocrx_word' id='word_1_106' title='bbox 1057 2345 1108 2411; x_wconf 90' lang='lat' dir='ltr'>Ol.</span> <span class='ocrx_word' id='word_1_107' title='bbox 1140 2346 1176 2411; x_wconf 86' lang='grc' dir='ltr'>ΙΙ</span> <span class='ocrx_word' id='word_1_108' title='bbox 1210 2349 1289 2427; x_wconf 88' lang='lat'>150,</span> <span class='ocrx_word' id='word_1_109' title='bbox 1325 2348 1406 2430; x_wconf 81' lang='lat'>160,</span> <span class='ocrx_word' id='word_1_110' title='bbox 1442 2348 1517 2410; x_wconf 87' lang='lat'><strong>163.</strong></span> 
     </span>
     <span class='ocr_line' id='line_1_15' title="bbox 498 2464 1518 2551; baseline -0.002 -20"><span class='ocrx_word' id='word_1_111' title='bbox 498 2465 596 2549; x_wconf 74' lang='grc' dir='ltr'>Ἀλκᾷ</span> <span class='ocrx_word' id='word_1_112' title='bbox 621 2488 691 2530; x_wconf 90' lang='lat' dir='ltr'>cum</span> <span class='ocrx_word' id='word_1_113' title='bbox 715 2465 805 2530; x_wconf 90' lang='lat' dir='ltr'>verbo</span> <span class='ocrx_word' id='word_1_114' title='bbox 827 2466 948 2549; x_wconf 73' lang='grc' dir='ltr'>τρέφει,</span> <span class='ocrx_word' id='word_1_115' title='bbox 980 2488 1136 2530; x_wconf 83' lang='lat' dir='ltr'>noricum</span> <span class='ocrx_word' id='word_1_116' title='bbox 1162 2465 1312 2551; x_wconf 89' lang='lat' dir='ltr'>adjectivo</span> <span class='ocrx_word' id='word_1_117' title='bbox 1335 2464 1518 2546; x_wconf 73' lang='lat' dir='ltr'>auprcpdra·</span> 
     </span>
     <span class='ocr_line' id='line_1_16' title="bbox 496 2586 863 2670; baseline -0.003 -19"><span class='ocrx_word' id='word_1_118' title='bbox 496 2586 707 2670; x_wconf 70' lang='lat' dir='ltr'>conjunctum</span> <span class='ocrx_word' id='word_1_119' title='bbox 731 2586 863 2650; x_wconf 87' lang='lat' dir='ltr'>videtur.</span> 
     </span>
    </p>

    <p class='ocr_par' dir='ltr' id='par_1_4' title="bbox 495 2679 1518 3511">
     <span class='ocr_line' id='line_1_17' title="bbox 544 2679 1518 2789; baseline -0.001 -23"><span class='ocrx_word' id='word_1_120' title='bbox 544 2706 618 2768; x_wconf 75' lang='lat'>182.</span> <span class='ocrx_word' id='word_1_121' title='bbox 654 2705 768 2783; x_wconf 74' lang='grc' dir='ltr'><strong>μηκέτι.</strong></span> <span class='ocrx_word' id='word_1_122' title='bbox 803 2679 933 2768; x_wconf 89' lang='lat' dir='ltr'>Minime</span> <span class='ocrx_word' id='word_1_123' title='bbox 957 2703 1081 2789; x_wconf 89' lang='lat' dir='ltr'>quidem</span> <span class='ocrx_word' id='word_1_124' title='bbox 1099 2708 1239 2788; x_wconf 88' lang='lat' dir='ltr'>apparet,</span> <span class='ocrx_word' id='word_1_125' title='bbox 1256 2701 1426 2766; x_wconf 86' lang='lat' dir='ltr'>Pindarum</span> <span class='ocrx_word' id='word_1_126' title='bbox 1442 2698 1518 2765; x_wconf 83' lang='lat' dir='ltr'>Hie·</span> 
     </span>
     <span class='ocr_line' id='line_1_18' title="bbox 497 2819 1516 2909; baseline -0.006 -21"><span class='ocrx_word' id='word_1_127' title='bbox 497 2846 603 2888; x_wconf 90' lang='lat' dir='ltr'>ronem</span> <span class='ocrx_word' id='word_1_128' title='bbox 634 2824 767 2888; x_wconf 87' lang='lat' dir='ltr'>voluisse</span> <span class='ocrx_word' id='word_1_129' title='bbox 797 2823 836 2888; x_wconf 95' lang='lat' dir='ltr'>ob</span> <span class='ocrx_word' id='word_1_130' title='bbox 868 2824 1002 2909; x_wconf 89' lang='lat' dir='ltr'>aliquam</span> <span class='ocrx_word' id='word_1_131' title='bbox 1035 2821 1210 2907; x_wconf 88' lang='lat' dir='ltr'>superbiam</span> <span class='ocrx_word' id='word_1_132' title='bbox 1238 2819 1459 2905; x_wconf 88' lang='lat' dir='ltr'>reprehendere</span> <span class='ocrx_word' id='word_1_133' title='bbox 1485 2825 1516 2882; x_wconf 90' lang='grc'>11</span> 
     </span>
     <span class='ocr_line' id='line_1_19' title="bbox 499 2936 1516 3027; baseline -0.006 -19"><span class='ocrx_word' id='word_1_134' title='bbox 499 2942 536 3008; x_wconf 93' lang='lat' dir='ltr'>ab</span> <span class='ocrx_word' id='word_1_135' title='bbox 567 2966 603 3007; x_wconf 91' lang='lat' dir='ltr'>ea</span> <span class='ocrx_word' id='word_1_136' title='bbox 625 2965 781 3008; x_wconf 84' lang='lat' dir='ltr'>revocare:</span> <span class='ocrx_word' id='word_1_137' title='bbox 814 2943 845 3006; x_wconf 90' lang='lat' dir='ltr'>id</span> <span class='ocrx_word' id='word_1_138' title='bbox 870 2942 952 3027; x_wconf 92' lang='lat' dir='ltr'>quod</span> <span class='ocrx_word' id='word_1_139' title='bbox 977 2940 1120 3007; x_wconf 92' lang='lat' dir='ltr'>nonnulli</span> <span class='ocrx_word' id='word_1_140' title='bbox 1143 2946 1263 3025; x_wconf 89' lang='lat' dir='ltr'>putant.</span> <span class='ocrx_word' id='word_1_141' title='bbox 1310 2936 1516 3003; x_wconf 78' lang='grc'><strong>0111111111-</strong></span> 
     </span>
     <span class='ocr_line' id='line_1_20' title="bbox 498 3058 1515 3140; baseline -0.008 -12"><span class='ocrx_word' id='word_1_142' title='bbox 498 3064 599 3128; x_wconf 91' lang='lat' dir='ltr'>dando</span> <span class='ocrx_word' id='word_1_143' title='bbox 634 3064 721 3128; x_wconf 86' lang='lat' dir='ltr'>effert</span> <span class='ocrx_word' id='word_1_144' title='bbox 756 3064 909 3127; x_wconf 84' lang='lat' dir='ltr'>fortunam</span> <span class='ocrx_word' id='word_1_145' title='bbox 944 3062 1127 3140; x_wconf 88' lang='lat' dir='ltr'>humanam,</span> <span class='ocrx_word' id='word_1_146' title='bbox 1165 3059 1219 3123; x_wconf 88' lang='lat' dir='ltr'>sed</span> <span class='ocrx_word' id='word_1_147' title='bbox 1249 3058 1310 3136; x_wconf 89' lang='lat' dir='ltr'>ita,</span> <span class='ocrx_word' id='word_1_148' title='bbox 1342 3064 1379 3123; x_wconf 92' lang='lat' dir='ltr'>ut</span> <span class='ocrx_word' id='word_1_149' title='bbox 1410 3062 1515 3121; x_wconf 87' lang='lat' dir='ltr'>tamen</span> 
     </span>
     <span class='ocr_line' id='line_1_21' title="bbox 498 3183 1515 3270; baseline -0.007 -21"><span class='ocrx_word' id='word_1_150' title='bbox 498 3185 616 3270; x_wconf 88' lang='lat' dir='ltr'>aliquid</span> <span class='ocrx_word' id='word_1_151' title='bbox 647 3185 728 3250; x_wconf 89' lang='lat' dir='ltr'>dicat</span> <span class='ocrx_word' id='word_1_152' title='bbox 760 3208 824 3249; x_wconf 90' lang='grc'><strong>1111</strong></span> <span class='ocrx_word' id='word_1_153' title='bbox 855 3190 1044 3249; x_wconf 83' lang='lat' dir='ltr'>extremum:</span> <span class='ocrx_word' id='word_1_154' title='bbox 1073 3183 1132 3246; x_wconf 89' lang='lat' dir='ltr'>hoc</span> <span class='ocrx_word' id='word_1_155' title='bbox 1158 3188 1260 3245; x_wconf 91' lang='lat' dir='ltr'>autem</span> <span class='ocrx_word' id='word_1_156' title='bbox 1285 3202 1381 3264; x_wconf 90' lang='lat' dir='ltr'>quum</span> <span class='ocrx_word' id='word_1_157' title='bbox 1405 3200 1515 3264; x_wconf 88' lang='lat' dir='ltr'>regum</span> 
     </span>
     <span class='ocr_line' id='line_1_22' title="bbox 497 3301 1515 3391; baseline -0.008 -22"><span class='ocrx_word' id='word_1_158' title='bbox 497 3306 550 3384; x_wconf 90' lang='lat' dir='ltr'>sit,</span> <span class='ocrx_word' id='word_1_159' title='bbox 575 3306 739 3391; x_wconf 84' lang='lat' dir='ltr'>contigisse</span> <span class='ocrx_word' id='word_1_160' title='bbox 763 3305 794 3369; x_wconf 91' lang='lat' dir='ltr'>id</span> <span class='ocrx_word' id='word_1_161' title='bbox 817 3304 962 3383; x_wconf 90' lang='lat' dir='ltr'>Hieroni,</span> <span class='ocrx_word' id='word_1_162' title='bbox 987 3326 1043 3367; x_wconf 90' lang='lat' dir='ltr'>nec</span> <span class='ocrx_word' id='word_1_163' title='bbox 1067 3302 1237 3388; x_wconf 89' lang='lat' dir='ltr'>quidquam</span> <span class='ocrx_word' id='word_1_164' title='bbox 1254 3301 1318 3385; x_wconf 89' lang='lat' dir='ltr'>jam</span> <span class='ocrx_word' id='word_1_165' title='bbox 1338 3321 1433 3385; x_wconf 89' lang='lat' dir='ltr'>supra</span> <span class='ocrx_word' id='word_1_166' title='bbox 1448 3320 1515 3363; x_wconf 89' lang='grc'><strong>1111</strong></span> 
     </span>
     <span class='ocr_line' id='line_1_23' title="bbox 495 3425 848 3511; baseline 0.003 -23"><span class='ocrx_word' id='word_1_167' title='bbox 495 3446 557 3508; x_wconf 93' lang='lat' dir='ltr'>quo</span> <span class='ocrx_word' id='word_1_168' title='bbox 581 3431 716 3511; x_wconf 89' lang='lat' dir='ltr'>spectare</span> <span class='ocrx_word' id='word_1_169' title='bbox 740 3425 848 3510; x_wconf 88' lang='lat' dir='ltr'>possit.</span> 
     </span>
    </p>

    <p class='ocr_par' dir='ltr' id='par_1_5' title="bbox 495 3534 1514 3748">
     <span class='ocr_line' id='line_1_24' title="bbox 542 3534 1512 3625; baseline -0.01 -17"><span class='ocrx_word' id='word_1_170' title='bbox 542 3546 616 3608; x_wconf 78' lang='grc'><strong>181.</strong></span> <span class='ocrx_word' id='word_1_171' title='bbox 651 3550 751 3609; x_wconf 76' lang='grc' dir='ltr'><em>τοῦτον</em></span> <span class='ocrx_word' id='word_1_172' title='bbox 772 3542 882 3624; x_wconf 80' lang='grc' dir='ltr'><strong>χρόνον.</strong></span> <span class='ocrx_word' id='word_1_173' title='bbox 914 3541 983 3605; x_wconf 93' lang='lat' dir='ltr'>Hoc</span> <span class='ocrx_word' id='word_1_174' title='bbox 1002 3548 1124 3625; x_wconf 86' lang='lat' dir='ltr'>tempus</span> <span class='ocrx_word' id='word_1_175' title='bbox 1146 3538 1314 3623; x_wconf 89' lang='lat' dir='ltr'>significat,</span> <span class='ocrx_word' id='word_1_176' title='bbox 1331 3534 1415 3620; x_wconf 91' lang='lat' dir='ltr'>quod</span> <span class='ocrx_word' id='word_1_177' title='bbox 1431 3535 1512 3600; x_wconf 87' lang='lat' dir='ltr'>foret</span> 
     </span>
     <span class='ocr_line' id='line_1_25' title="bbox 495 3653 1514 3748; baseline -0.01 -21"><span class='ocrx_word' id='word_1_178' title='bbox 495 3663 650 3748; x_wconf 91' lang='lat' dir='ltr'>reliquum</span> <span class='ocrx_word' id='word_1_179' title='bbox 675 3663 773 3741; x_wconf 87' lang='lat' dir='ltr'>vitae,</span> <span class='ocrx_word' id='word_1_180' title='bbox 802 3662 852 3726; x_wconf 90' lang='lat' dir='ltr'>eui</span> <span class='ocrx_word' id='word_1_181' title='bbox 876 3661 1002 3724; x_wconf 87' lang='lat' dir='ltr'>victoria</span> <span class='ocrx_word' id='word_1_182' title='bbox 1022 3660 1084 3745; x_wconf 88' lang='lat' dir='ltr'>jam</span> <span class='ocrx_word' id='word_1_183' title='bbox 1109 3664 1288 3743; x_wconf 85' lang='lat' dir='ltr'>perpetuam</span> <span class='ocrx_word' id='word_1_184' title='bbox 1315 3653 1438 3718; x_wconf 87' lang='lat' dir='ltr'>laudem</span> <span class='ocrx_word' id='word_1_185' title='bbox 1462 3653 1514 3718; x_wconf 88' lang='lat' dir='ltr'>ad·</span> 
     </span>
    </p>
   </div>
   <div class='ocr_carea' id='block_1_3' title="bbox 496 3783 626 3849">
    <p class='ocr_par' dir='ltr' id='par_1_6' title="bbox 496 3783 626 3849">
     <span class='ocr_line' id='line_1_26' title="bbox 496 3783 626 3849; baseline 0.015 -2"><span class='ocrx_word' id='word_1_186' title='bbox 496 3783 626 3849; x_wconf 89' lang='lat' dir='ltr'>diderat.</span> 
     </span>
    </p>
   </div>
   <div class='ocr_carea' id='block_1_4' title="bbox 491 3892 1511 4349">
    <p class='ocr_par' dir='ltr' id='par_1_7' title="bbox 491 3892 1511 4349">
     <span class='ocr_line' id='line_1_27' title="bbox 542 3892 1510 3985; baseline -0.011 -16"><span class='ocrx_word' id='word_1_187' title='bbox 542 3907 616 3969; x_wconf 85' lang='grc'><strong>186.</strong></span> <span class='ocrx_word' id='word_1_188' title='bbox 640 3902 774 3970; x_wconf 68' lang='grc' dir='ltr'><strong>τοσσάδε.</strong></span> <span class='ocrx_word' id='word_1_189' title='bbox 798 3901 870 3966; x_wconf 90' lang='lat' dir='ltr'>Non</span> <span class='ocrx_word' id='word_1_190' title='bbox 888 3901 932 3964; x_wconf 91' lang='lat' dir='ltr'>ita</span> <span class='ocrx_word' id='word_1_191' title='bbox 948 3898 1058 3985; x_wconf 84' lang='lat' dir='ltr'>respici</span> <span class='ocrx_word' id='word_1_192' title='bbox 1075 3896 1196 3961; x_wconf 91' lang='lat' dir='ltr'>videtur</span> <span class='ocrx_word' id='word_1_193' title='bbox 1213 3895 1252 3959; x_wconf 89' lang='lat' dir='ltr'>ad</span> <span class='ocrx_word' id='word_1_194' title='bbox 1272 3900 1373 3961; x_wconf 81' lang='grc' dir='ltr'><em>τοῦτον</em></span> <span class='ocrx_word' id='word_1_195' title='bbox 1392 3892 1510 3977; x_wconf 76' lang='grc' dir='ltr'>χρόνον,</span> 
     </span>
     <span class='ocr_line' id='line_1_28' title="bbox 497 4010 1511 4105; baseline -0.016 -15"><span class='ocrx_word' id='word_1_196' title='bbox 497 4032 531 4089; x_wconf 92' lang='lat' dir='ltr'>ut</span> <span class='ocrx_word' id='word_1_197' title='bbox 560 4025 656 4089; x_wconf 92' lang='lat' dir='ltr'>Poeta</span> <span class='ocrx_word' id='word_1_198' title='bbox 687 4023 746 4088; x_wconf 91' lang='lat' dir='ltr'>sibi</span> <span class='ocrx_word' id='word_1_199' title='bbox 778 4043 873 4105; x_wconf 90' lang='lat' dir='ltr'>acque</span> <span class='ocrx_word' id='word_1_200' title='bbox 905 4020 1084 4083; x_wconf 90' lang='lat' dir='ltr'>diuturnam</span> <span class='ocrx_word' id='word_1_201' title='bbox 1111 4016 1239 4102; x_wconf 83' lang='lat' dir='ltr'>gloriam</span> <span class='ocrx_word' id='word_1_202' title='bbox 1263 4020 1367 4099; x_wconf 90' lang='lat' dir='ltr'>optet,</span> <span class='ocrx_word' id='word_1_203' title='bbox 1392 4010 1446 4076; x_wconf 86' lang='lat' dir='ltr'>sed</span> <span class='ocrx_word' id='word_1_204' title='bbox 1471 4010 1511 4075; x_wconf 87' lang='lat' dir='ltr'>ad</span> 
     </span>
     <span class='ocr_line' id='line_1_29' title="bbox 494 4130 1510 4227; baseline -0.017 -16"><span class='ocrx_word' id='word_1_205' title='bbox 494 4146 567 4226; x_wconf 78' lang='grc' dir='ltr'>ὑψοῦ</span> <span class='ocrx_word' id='word_1_206' title='bbox 601 4150 724 4209; x_wconf 69' lang='lat' dir='ltr'>aurata:</span> <span class='ocrx_word' id='word_1_207' title='bbox 760 4141 873 4227; x_wconf 88' lang='lat' dir='ltr'>pariter</span> <span class='ocrx_word' id='word_1_208' title='bbox 907 4148 1000 4223; x_wconf 88' lang='lat' dir='ltr'>atque</span> <span class='ocrx_word' id='word_1_209' title='bbox 1033 4137 1161 4201; x_wconf 92' lang='lat' dir='ltr'>Hieroni</span> <span class='ocrx_word' id='word_1_210' title='bbox 1194 4155 1344 4199; x_wconf 84' lang='lat' dir='ltr'>summam</span> <span class='ocrx_word' id='word_1_211' title='bbox 1375 4130 1510 4217; x_wconf 87' lang='lat' dir='ltr'>regiam,</span> 
     </span>
     <span class='ocr_line' id='line_1_30' title="bbox 491 4250 1511 4349; baseline -0.014 -22"><span class='ocrx_word' id='word_1_212' title='bbox 491 4264 549 4329; x_wconf 90' lang='lat' dir='ltr'>sibi</span> <span class='ocrx_word' id='word_1_213' title='bbox 565 4264 716 4349; x_wconf 88' lang='lat' dir='ltr'>poeticam</span> <span class='ocrx_word' id='word_1_214' title='bbox 732 4261 860 4347; x_wconf 88' lang='lat' dir='ltr'>gloriam</span> <span class='ocrx_word' id='word_1_215' title='bbox 877 4280 1052 4323; x_wconf 86' lang='lat' dir='ltr'>mansuram</span> <span class='ocrx_word' id='word_1_216' title='bbox 1069 4262 1174 4341; x_wconf 90' lang='lat' dir='ltr'>optat,</span> <span class='ocrx_word' id='word_1_217' title='bbox 1199 4252 1361 4318; x_wconf 91' lang='lat' dir='ltr'>oriundam</span> <span class='ocrx_word' id='word_1_218' title='bbox 1377 4250 1511 4314; x_wconf 85' lang='lat' dir='ltr'>maxime</span> 
     </span>
    </p>
   </div>
   <div class='ocr_carea' id='block_1_5' title="bbox 491 4370 1512 4588">
    <p class='ocr_par' dir='ltr' id='par_1_8' title="bbox 491 4370 1512 4588">
     <span class='ocr_line' id='line_1_31' title="bbox 491 4370 1511 4462; baseline -0.013 -14"><span class='ocrx_word' id='word_1_219' title='bbox 491 4408 508 4449; x_wconf 93' lang='lat' dir='ltr'>e</span> <span class='ocrx_word' id='word_1_220' title='bbox 539 4383 737 4447; x_wconf 89' lang='lat' dir='ltr'>dilectissimo</span> <span class='ocrx_word' id='word_1_221' title='bbox 769 4379 828 4446; x_wconf 88' lang='lat' dir='ltr'>sibi</span> <span class='ocrx_word' id='word_1_222' title='bbox 859 4379 1028 4444; x_wconf 88' lang='lat' dir='ltr'>carminum</span> <span class='ocrx_word' id='word_1_223' title='bbox 1055 4398 1181 4462; x_wconf 89' lang='lat' dir='ltr'>genere,</span> <span class='ocrx_word' id='word_1_224' title='bbox 1207 4372 1291 4458; x_wconf 90' lang='lat' dir='ltr'>quod</span> <span class='ocrx_word' id='word_1_225' title='bbox 1316 4370 1355 4436; x_wconf 93' lang='lat' dir='ltr'>ad</span> <span class='ocrx_word' id='word_1_226' title='bbox 1378 4370 1511 4435; x_wconf 83' lang='lat' dir='ltr'>victores</span> 
     </span>
     <span class='ocr_line' id='line_1_32' title="bbox 493 4486 1512 4588; baseline -0.016 -22"><span class='ocrx_word' id='word_1_227' title='bbox 493 4502 643 4567; x_wconf 88' lang='lat' dir='ltr'>ornandos</span> <span class='ocrx_word' id='word_1_228' title='bbox 678 4502 838 4588; x_wconf 84' lang='lat' dir='ltr'>pertineat.</span> <span class='ocrx_word' id='word_1_229' title='bbox 893 4496 993 4581; x_wconf 64' lang='grc' dir='ltr'><em>Σοφία</em></span> <span class='ocrx_word' id='word_1_230' title='bbox 1032 4498 1093 4561; x_wconf 85' lang='lat' dir='ltr'>fere</span> <span class='ocrx_word' id='word_1_231' title='bbox 1128 4495 1165 4559; x_wconf 90' lang='lat' dir='ltr'>de</span> <span class='ocrx_word' id='word_1_232' title='bbox 1200 4492 1286 4579; x_wconf 85' lang='lat' dir='ltr'>poesi</span> <span class='ocrx_word' id='word_1_233' title='bbox 1323 4514 1340 4554; x_wconf 92' lang='lat' dir='ltr'>a</span> <span class='ocrx_word' id='word_1_234' title='bbox 1376 4486 1512 4553; x_wconf 88' lang='lat' dir='ltr'>Pindaro</span> 
     </span>
    </p>
   </div>
   <div class='ocr_carea' id='block_1_6' title="bbox 0 0 1888 5534">
    <p class='ocr_par' dir='ltr' id='par_1_9' title="bbox 0 0 1888 5534">
     <span class='ocr_line' id='line_1_33' title="bbox 0 0 1888 5534; baseline 0 2"><span class='ocrx_word' id='word_1_235' title='bbox 0 0 1888 5534; x_wconf 95' lang='lat' dir='ltr'> </span> 
     </span>
    </p>
   </div>
  </div>
 </body>
</html>
