3767 5534
902 753 967 813 405
1095 794 1098 799 -

431 951 481 1016 acl
503 951 699 1031 1010111110ῦο.
735 952 840 1037 Pelop.
865 954 918 1016 34.
957 949 1098 1031 Quorum
1118 952 1312 1035 singulorum
1328 960 1444 1015 statuas

431 1068 593 1154 Olympiae
623 1068 791 1133 Pausanias
822 1068 909 1133 vidit.
958 1069 1062 1154 Atque
1093 1069 1181 1132 illurn
1206 1067 1366 1153 Olympiae
1389 1091 1444 1154 per

432 1186 662 1252 multitudinem
686 1210 703 1251 a
725 1187 797 1251 filiis
821 1186 989 1251 victoribus
1012 1193 1165 1271 portatum
1192 1192 1222 1250 et
1248 1187 1286 1249 ab
1302 1188 1444 1251 universo

431 1305 578 1369 Graeciae
600 1313 690 1370 coetu
713 1305 841 1370 floribus
864 1306 1009 1390 conjectis
1033 1305 1254 1389 persalutatum
1280 1327 1343 1367 esse
1363 1306 1443 1368 lama

432 1431 488 1487 est.
535 1423 577 1487 Et
607 1424 734 1488 accessit
757 1424 795 1487 ad
819 1424 908 1488 illum
931 1423 1014 1488 Laco
1039 1430 1069 1487 et
1092 1423 1283 1508 gratulatus:
1310 1445 1444 1502 morere,

433 1542 554 1627 inquit,
586 1542 738 1626 Diagora,
770 1564 832 1605 non
860 1543 942 1606 enim
971 1542 1003 1605 in
1034 1541 1153 1605 eoelum
1178 1540 1380 1605 adscensurus
1405 1564 1445 1604 es.

434 1660 537 1724 Schol.
566 1659 604 1723 ad
628 1660 659 1724 h.
684 1660 705 1724 1.
729 1658 793 1724 oie.
818 1659 909 1723 Tusc.
933 1659 951 1724 I
976 1662 1035 1738 10,
1060 1658 1151 1722 Paus.
1176 1658 1196 1723 1.
1222 1659 1262 1736 1.,
1286 1658 1369 1722 Ρ111.
1394 1658 1448 1722 Ρο-

434 1779 497 1864 lop.
523 1781 577 1842 34.
624 1778 723 1843 Aliter
746 1778 885 1856 Gellius,
909 1778 941 1841 in
966 1777 1083 1855 stadio,
1109 1778 1298 1862 inspectante
1318 1778 1446 1862 populo,
1560 1765 1563 1769 ¹

434 1898 465 1961 in
497 1896 611 1961 osculis
643 1904 735 1980 atque
763 1897 796 1959 in
820 1895 961 1960 manibus
985 1896 1119 1960 filiorum
1142 1897 1275 1960 animam
1298 1894 1446 1960 efflavisse

434 2022 553 2079 narrat:
578 2014 670 2079 Noct.
696 2015 761 2079 Att.
785 2015 821 2078 L.
846 2014 957 2079 1110.
985 2018 1036 2079 11.
1072 2014 1153 2078 Filia
1176 2016 1241 2100 ejus
1265 2013 1347 2097 apud
1370 2013 1447 2078 Pau·

435 2134 551 2197 sanium
586 2140 617 2196 01
650 2133 683 2197 in
719 2133 814 2196 schol.
847 2132 935 2197 Urat.
969 2135 998 2197 A
1028 2132 1225 2217 Callipatira,
1256 2133 1287 2196 in
1318 2131 1447 2216 reliquis

434 2250 577 2328 scholiis,
608 2258 757 2336 quantum
790 2251 870 2330 scio,
900 2251 1105 2335 Aristopatira
1128 2250 1317 2335 appellatur,
1343 2272 1448 2315 secun-

436 2369 511 2434 dum
544 2369 726 2434 Pausaniam
761 2392 796 2433 ea
826 2369 957 2433 Eucleos
987 2376 1100 2447 mater,
1133 2368 1302 2433 secundum
1332 2369 1448 2432 scholia

435 2495 532 2551 mater
547 2486 709 2551 Pisirrothi
724 2488 793 2551 luit.
830 2488 914 2551 Huic
933 2486 1130 2572 Oallipatirae
1146 2493 1270 2571 propter
1286 2493 1332 2550 tot
1347 2487 1447 2570 gentis

436 2628 562 2671 coronas
593 2606 809 2671 Hellanodicas
841 2606 960 2671 aditum
991 2606 1033 2671 ad
1055 2605 1146 2670 ludos
1171 2604 1353 2690 spectandos
1378 2627 1448 2668 con·

435 2726 562 2789 cessisse
585 2726 673 2790 etiam
699 2726 779 2789 fama
802 2726 871 2788 fuit.
898 2724 1000 2788 Schol.

480 2841 584 2927 Ipsius
614 2863 735 2926 quoque
766 2842 917 2926 Diagorae
949 2848 1049 2904 statua
1082 2839 1240 2926 Olympiae
1267 2841 1342 2917 fuit,
1367 2842 1448 2905 facta

435 2982 453 3023 a
475 2959 603 3024 Callicle
625 2960 808 3044 Megarensi.
833 2958 965 3023 Pausau.
993 2958 1078 3040 Quin
1102 2960 1193 3024 etiam
1217 2962 1282 3045 ejus
1298 2960 1447 3043 originem

434 3085 667 3154 consecrarunt,
699 3085 730 3141 et
759 3078 901 3155 fuerunt,
933 3077 988 3161 qui
1019 3099 1107 3155 eum,
1140 3098 1236 3162 quum
1264 3084 1359 3141 mater
1382 3078 1448 3162 ejus
1572 3110 1574 3113 >

434 3196 512 3259 forte
542 3196 573 3259 in
601 3194 746 3259 Mercurii
768 3194 840 3258 fano
863 3194 1113 3272 obdormivisset,
1139 3202 1170 3258 et
1193 3194 1277 3258 Deus
1301 3194 1338 3257 ad
1362 3193 1448 3257 illam

434 3312 583 3391 venisset,
615 3311 761 3376 Mercurii
792 3311 891 3376 lilium
914 3312 1008 3376 luisse
1032 3312 1235 3396 perhiberent.
1261 3310 1362 3375 Schol.
1401 3311 1449 3376 De

433 3429 588 3531 Mercurio
611 3430 810 3493 certaminum
834 3429 972 3514 praeside
988 3436 1068 3492 certe
1084 3429 1176 3513 hujus
1194 3428 1289 3492 lamae
1304 3428 1450 3492 memoria

433 3553 488 3609 est.
529 3544 599 3609 Vid.
623 3545 673 3610 Ol.
697 3546 744 3610 VI
772 3549 834 3609 134
859 3546 963 3630 ibique
987 3545 1147 3609 annotatio
1171 3552 1286 3633 nostra.
1333 3544 1448 3607 Similis

433 3671 536 3727 autem
564 3663 644 3728 fama
670 3664 708 3727 10
733 3665 941 3742 Aristomene,
968 3671 1056 3727 atavo
1079 3663 1179 3747 gentis
1203 3663 1268 3748 ejus
1291 3671 1445 3738 materno,
1566 3729 1568 3735 ,

432 3780 565 3845 traditur
587 3803 604 3844 a
627 3780 795 3857 Pausania,
820 3780 857 3845 L.
881 3781 928 3843 IV
952 3780 987 3844 O.
1012 3779 1090 3844 XIV
1116 3783 1145 3841 5.

476 3898 641 3962 Scribendo
665 3898 723 3961 hoc
745 3900 877 3962 carmine
900 3898 1052 3962 Pindarus
1075 3904 1106 3961 01
1129 3896 1218 3961 initia
1240 3865 1322 3979 capit
1344 3918 1363 3957 a
1380 3895 1444 3959 lau·

431 4016 523 4081 dibus
545 4016 696 4100 Diagorae
719 4024 750 4079 01
773 4016 810 4079 01
835 4017 956 4080 easdem
972 4023 1078 4100 postea
1093 4014 1189 4078 redit:
1207 4013 1352 4097 pleraque
1368 4012 1444 4077 cele·

432 4133 500 4198 brat
522 4133 560 4197 de
584 4134 735 4198 veteribus
758 4133 859 4196 Rhodi
882 4132 1035 4197 laudibus.
1084 4131 1168 4211 Ques
1193 4153 1289 4215 quum
1305 4136 1442 4208 ornaret,

431 4274 494 4315 non
517 4250 601 4314 aliud
625 4251 773 4335 spectavit
788 4251 848 4314 nisi
862 4258 898 4313 ut
914 4251 1037 4314 victoris
1053 4250 1182 4334 patriam
1198 4247 1352 4311 laudaret:
1370 4253 1444 4311 sunt

431 4368 556 4451 quidem
586 4368 619 4432 in
649 4369 821 4432 narratione
851 4368 1049 4452 interpositae
1080 4367 1264 4443 sententiae,
1295 4387 1372 4449 quae
1404 4364 1441 4427 ad

432 4488 611 4574 sapientiam
642 4486 913 4551 commendandam
941 4486 1129 4571 pertineant:
1158 4507 1236 4571 quae
1260 4482 1442 4569 quibusdam
