3767 5534
932 703 974 764 23

435 902 578 987 virgulto
613 903 714 981 invio,
751 903 899 966 violarum
934 901 1072 967 candidis
1108 902 1334 988 purpureisque
1364 902 1457 967 radiis

432 1030 541 1085 tenero
573 1044 697 1107 corpore
730 1024 838 1107 rigato.
886 1022 960 1102 Quo
989 1023 1090 1086 omine
1119 1021 1220 1086 voluit
1247 1023 1339 1087 etiam
1361 1031 1458 1087 mater

434 1162 509 1203 eum
546 1142 577 1204 in
613 1149 733 1227 tempus
769 1152 950 1229 perpetuum
983 1143 1107 1206 nomine
1138 1142 1306 1207 immortali
1333 1142 1457 1208 Jamum

438 1262 598 1345 appellari.
614 1264 635 1347 ¹)
669 1262 831 1326 Jucundae
856 1271 1020 1349 postquam
1044 1263 1125 1348 cepit
1142 1262 1363 1327 adolescentiae
1379 1262 1459 1326 fruc-

435 1388 522 1458 tum,
558 1381 658 1445 medio
693 1381 879 1445 descendens
919 1381 1041 1468 Alpheo
1081 1389 1236 1467 potentem
1273 1380 1456 1467 Neptunum

434 1498 574 1577 vocavit,
609 1523 700 1563 avum
737 1523 846 1578 suum,
869 1501 891 1584 ²)
921 1509 953 1564 et
984 1500 1202 1565 arcitenentcm
1235 1498 1306 1563 Deli
1337 1499 1457 1565 divinae

433 1625 600 1697 rectorem,
624 1642 751 1704 poscens
776 1619 910 1704 aliquam
935 1618 994 1683 sibi
1005 1620 1186 1705 popularem
1207 1618 1347 1697 landem,
1367 1626 1457 1683 nocte

433 1736 495 1801 sub
515 1736 576 1801 dio.
612 1737 783 1824 Respondit
804 1739 832 1803 ei
851 1739 999 1803 distincta
1018 1761 1076 1803 vox
1096 1745 1224 1823 paterna
1245 1739 1457 1822 quaesivitque

433 1878 524 1919 cum:
556 1855 668 1941 Surge,
700 1857 761 1935 fili,
795 1858 856 1922 huc
887 1858 1037 1923 celebrem
1069 1858 1101 1921 in
1132 1858 1236 1921 locum
1266 1866 1303 1922 ut
1333 1858 1454 1935 venias,
1538 1935 1541 1940 Δ

432 1996 541 2039 vocem
564 1984 698 2040 secutus.
734 1975 896 2041 Venerunt
919 1977 975 2041 alti
1000 1985 1117 2063 petram
1141 1976 1268 2041 arduam
1292 1975 1416 2041 Cronii:
1430 1974 1455 2059 3)

430 2093 479 2158 ibi
501 2093 588 2159 dedit
611 2095 639 2159 01
662 2095 816 2181 duplicem
839 2096 1020 2161 thesaurum
1045 2096 1197 2174 vaticinii,
1222 2119 1305 2161 nunc
1330 2096 1454 2181 quidem

432 2219 472 2277 ut
502 2236 607 2278 vocem
638 2215 759 2280 audiret
787 2216 937 2281 mendacii
961 2217 1170 2301 ignorantem,
1195 2224 1358 2302 postquam
1382 2239 1453 2281 vero

431 2332 586 2397 Hercules
619 2333 707 2398 fortis
744 2336 824 2420 patri
858 2336 970 2400 festum
1006 2336 1194 2400 condidisset
1225 2336 1454 2419 maximumque

431 2459 605 2528 certamen,
637 2464 705 2516 tum
736 2462 772 2517 111
801 2454 887 2518 Jovis
919 2455 952 2518 in
984 2477 1104 2519 summa
1128 2478 1178 2518 010
1201 2455 1360 2519 oraculum
1385 2477 1455 2519 cou-

431 2570 521 2634 deret
555 2572 724 2657 imperavit.
777 2573 860 2638 Hinc
895 2574 1062 2638 clarissima
1096 2575 1128 2638 in
1163 2574 1346 2640 Hellenibus
1377 2599 1453 2660 gens
1540 2658 1542 2661 y

431 2688 625 2754 Jamidarum
651 2703 706 2755 est.
720 2695 745 2776 4)
952 2677 953 2680 ¹

478 2807 498 2870 J
501 2808 625 2873 ucunda
659 2832 782 2895 qnoque
813 2812 851 2875 de
883 2812 953 2876 Sole
985 2813 1118 2877 narratio
1150 2822 1204 2877 est.
1260 2813 1324 2893 Qui
1356 2836 1452 2898 quum

431 2937 543 3012 rogatu
576 2952 632 2993 sno
664 2930 694 2994 111
724 2931 858 2996 Deorum
886 2933 1017 2997 concilio
1040 2932 1184 2998 Rhodum
1209 2934 1390 3019 accepisset,
1416 2955 1452 2997 ex

431 3070 529 3131 eaque
564 3049 643 3112 filios
675 3060 879 3133 procreasset,
913 3051 1020 3116 docuit
1052 3074 1120 3131 000,
1153 3053 1280 3117 simulac
1313 3052 1453 3117 Minerva

433 3167 623 3249 provenisset
654 3190 670 3232 e
700 3168 786 3232 Jovis
819 3170 934 3255 capite,
970 3171 1083 3256 primos
1115 3170 1198 3236 Deae
1229 3194 1341 3256 ponere
1365 3194 1449 3235 aras:

434 3292 528 3368 atque
543 3284 667 3371 Jupiter
681 3287 816 3351 multum
832 3288 863 3352 in
881 3311 932 3353 eos
949 3312 1059 3354 aurum
1076 3290 1209 3368 demisit,
1225 3290 1292 3375 ipsa
1307 3312 1378 3355 vero
1395 3289 1452 3353 Mi-

433 3425 529 3467 nerva
548 3404 585 3467 iis
605 3404 690 3470 dedit
709 3407 794 3471 omni
809 3416 873 3471 arte
889 3431 1038 3473 manuum
1054 3418 1208 3494 praestare
1223 3409 1414 3474 mortalibus.
1429 3411 1451 3494 5)

480 3522 615 3588 Omnino
640 3534 743 3589 autem
767 3548 859 3610 quam
883 3528 999 3592 luerint
1018 3527 1071 3591 Dii
1091 3527 1236 3592 heroibus
1257 3528 1399 3613 propitii,
1421 3539 1460 3592 et.

433 3664 449 3704 0
470 3640 597 3725 reliquis
616 3642 743 3707 Pindari
763 3645 949 3710 carminibus
968 3653 998 3710 01
1019 3669 1035 3709 0
1055 3646 1172 3731 Pythio¹
1188 3654 1297 3731 quarto
1319 3646 1451 3731 intelligi

433 3834 612 3845 ...η-...-

419 3996 426 4005 N
467 3938 595 4000 110101
614 3938 686 3988 viola.
720 3939 756 3987 Dc
775 3938 912 4001 hujusmodi
924 3939 988 4003 apud
1000 3941 1083 4003 poetas
1094 3938 1241 4003 etymologia
1252 3938 1315 3988 00111.
1349 3938 1449 3999 errch,

431 4034 472 4084 dia
495 4035 730 4100 Spraclrpdiloaophr'e
754 4036 798 4083 der
820 4036 907 4094 Alter,
931 4034 971 4084 Th.
990 4036 1045 4084 III.
1060 4050 1087 4097 p.
1106 4034 1145 4083 lo.
1179 4035 1216 4084 De
1233 4034 1347 4099 opinione
1363 4034 1449 4084 divini-

433 4130 490 4179 tatis
507 4146 550 4195 per
566 4130 726 4179 nutritionem
743 4131 795 4179 01110
812 4130 866 4180 cibo
884 4131 989 4180 humano
1008 4128 1114 4180 divinam
1133 4130 1171 4179 vel
1188 4130 1286 4180 indocta
1304 4131 1340 4180 vel
1358 4131 1450 4180 confir-

430 4230 496 4275 matu
513 4226 576 4274 conf.
615 4227 672 4275 Oarl
690 4226 813 4275 Friedrich
831 4226 962 4285 Heinrich,
983 4226 1132 4290 &menide-r
1148 4243 1193 4276 aaa
1211 4227 1300 4286 Κνιίιι,
1315 4244 1340 4290 p.
1359 4228 1399 4276 66.

466 4322 490 4383 2)
507 4322 566 4370 Erat
582 4322 681 4370 Evadue
699 4322 800 4370 Pitanae
817 4326 842 4371 et
859 4322 966 4387 Neptuni
985 4322 1043 4372 lilia.

465 4418 490 4478 3)
507 4418 551 4467 Ilst
568 4418 672 4466 Cronius
689 4417 798 4467 tumulus
813 4433 889 4483 prope
905 4418 993 4468 Pisum.
1061 4421 1086 4480 4)
1107 4420 1143 4469 Ol.
1166 4420 1207 4469 VI.
1224 4418 1348 4468 48-·121.

467 4512 755 4578 smmum
1303 4489 1305 4495 '
