3767 5534
857 729 920 791 245

382 929 509 994 labore?
547 930 654 995 Studio
677 930 801 1017 quidem
825 939 906 995 recto
931 931 1028 994 victor
1048 931 1107 995 luit
1124 929 1255 1015 pedibus
1272 954 1397 997 currens

381 1048 464 1114 lilius
495 1048 648 1134 Licymnii
679 1048 821 1115 Oeonus:
853 1050 996 1115 veniebat
1019 1049 1124 1114 Midea
1146 1050 1262 1114 ducens
1286 1052 1399 1116 exerci-

378 1177 464 1233 tum:
497 1169 584 1235 lucta
605 1178 708 1235 autem
732 1170 860 1256 gloriam
885 1170 1039 1234 Echemus
1063 1169 1183 1234 addidit
1206 1169 1339 1255 Tegeac:
1365 1179 1396 1235 at
1433 1176 1472 1235 80

377 1288 533 1373 Doryclus
568 1289 642 1354 tulit
673 1290 831 1375 pugilatus
863 1290 1040 1367 victoriam,
1076 1288 1227 1375 Tiryntha
1257 1290 1395 1355 incolens

377 1408 504 1474 urbem:
530 1408 686 1496 quadrigis
707 1410 825 1475 marinll
839 1409 1001 1475 Mantiued
1016 1408 1143 1473 Samus:
1169 1408 1232 1473 telo
1248 1408 1396 1475 Phrastor

377 1551 509 1615 scopum
525 1529 643 1615 tetigit;
661 1528 919 1615 longinquitatem
935 1535 1095 1593 assecutus
1112 1536 1158 1593 est
1173 1551 1246 1592 saxo
1263 1528 1396 1593 Euiceus

376 1670 474 1713 mauu
510 1647 615 1713 voluta
649 1672 742 1735 supra
776 1672 903 1727 omnes,
939 1649 1076 1734 sociique
1111 1648 1275 1713 clamorem
1306 1649 1396 1734 juxta

377 1774 544 1833 moverunt
566 1791 721 1853 maguum.
759 1768 932 1833 Illustravit
956 1791 1115 1852 vespemm
1136 1768 1286 1832 formosae
1302 1768 1395 1833 lunae
1431 1774 1472 1832 tlt)

375 1888 434 1952 lux
466 1888 605 1953 amabilis
637 1897 668 1953 et
698 1890 731 1953 iu
761 1896 856 1953 cantu
887 1898 954 1953 erat
984 1897 1085 1953 totum
1109 1888 1215 1953 fauum
1239 1889 1395 1953 hilaritate

372 2006 516 2093 jucunda
544 2008 636 2072 modo
659 2009 747 2073 festo.
794 2008 891 2073 Initia
914 2009 1018 2093 priora
1041 2009 1139 2073 secuti
1163 2031 1247 2073 nunc
1271 2030 1395 2093 quoquc

375 2127 593 2213 cognominem
617 2127 738 2191 laudem
762 2128 933 2213 praeclarae
953 2128 1098 2192 victoriae
1119 2127 1327 2212 cantabimus,
1350 2135 1395 2191 to-

375 2246 464 2311 nitru
495 2254 525 2310 et
557 2246 682 2331 igneum
712 2246 809 2312 telum
834 2268 926 2310 sonos
951 2247 1100 2311 moventis
1123 2245 1227 2328 lovis,
1253 2246 1394 2310 inomni

376 2366 505 2431 victoria
535 2364 656 2429 fulvum
686 2365 804 2429 fulmen
836 2375 953 2451 aptum.
1001 2364 1041 2428 Et
1073 2364 1111 2428 ad
1142 2364 1251 2429 tibiam
1275 2365 1393 2429 fervens

376 2491 487 2550 cantus
511 2493 652 2549 occurret
676 2486 862 2563 carminum,
888 2508 968 2571 quae
991 2485 1074 2569 apud
1097 2485 1263 2569 gloriosam
1280 2484 1393 2549 Dircen
1435 2488 1494 2548 loo

376 2627 445 2669 sero
477 2604 602 2690 quidem
635 2613 859 2690 apparuerunt:
891 2605 944 2669 sed
973 2604 1234 2690 quemadmodum
1257 2627 1333 2691 puer
1357 2627 1393 2669 ex

376 2746 472 2789 uxore
507 2725 587 2809 patri
622 2723 814 2789 desideratus
849 2735 895 2789 est
929 2724 1065 2789 venienti
1096 2725 1161 2810 jam
1192 2723 1231 2789 ad
1263 2731 1394 2788 aetatem

373 2843 532 2927 juventuti
567 2845 766 2921 contrariam,
803 2855 833 2907 et
869 2843 957 2908 valde
992 2844 1075 2907 fovet
1107 2865 1208 2907 amore
1239 2850 1390 2907 mentem:

377 2960 631 3045 quandoquidem
662 2962 787 3026 divitiae
818 2969 963 3026 nacturae
996 2961 1157 3026 dominum
1188 2961 1394 3026 adductitium

379 3079 514 3144 alienum
532 3081 675 3145 morienti
688 3090 761 3146 sunt
773 3082 981 3145 tristissimae:
1002 3082 1045 3145 sic
1062 3082 1154 3146 etiam
1167 3104 1264 3165 quum
1276 3081 1392 3167 pulcris

376 3199 564 3265 facinoribus
596 3201 685 3264 factis
717 3202 782 3265 sine
813 3201 964 3278 carmine,
1000 3200 1201 3285 Agesidame,
1231 3201 1270 3265 ad
1293 3199 1393 3265 Hadis

377 3318 470 3384 limen
500 3320 546 3383 vir
570 3320 672 3396 venit,
704 3320 808 3383 inania
831 3320 960 3405 spiravit
984 3327 1015 3383 et
1038 3318 1124 3384 dedit
1146 3319 1246 3384 labori
1270 3319 1391 3384 brevem

376 3438 510 3524 aliquam
534 3438 693 3502 laetitiam.
733 3438 803 3503 Tibi
827 3461 898 3503 vero
923 3439 1014 3503 dulce
1035 3461 1147 3503 sonans
1163 3439 1229 3523 lyra
1244 3445 1275 3502 et
1291 3437 1390 3503 dulcis

377 3556 452 3621 tibia
483 3556 641 3643 adspergit
671 3558 805 3624 laudem.
853 3558 1009 3624 Nutriunt
1039 3559 1131 3623 latam
1160 3559 1288 3644 gloriam
1313 3558 1393 3622 filiae

378 3675 463 3741 Jovis
487 3676 636 3741 Pierides,
677 3677 743 3763 Ego
766 3700 838 3742 vero
861 3700 925 3742 rem
950 3700 1111 3762 aggressus
1135 3678 1255 3756 studio,
1280 3678 1394 3742 claram

378 3804 500 3881 gentem
523 3794 693 3860 Locrorum
718 3797 877 3882 amplexus
901 3819 983 3874 sum,
1008 3797 1098 3861 melle
1119 3797 1269 3861 celebrem
1285 3796 1392 3861 urbem

378 3915 498 4000 rigans,
532 3915 691 3999 filiumque
722 3916 883 3981 amabilem
912 3916 1102 3980 Archestrati
1125 3915 1266 3993 laudavi,
1300 3937 1390 3998 quem
1432 3917 1492 3977 120

378 4033 440 4099 vidi
471 4036 645 4099 vincentem
668 4058 778 4099 manus
806 4035 987 4100 fortitudine
1011 4035 1050 4099 ad
1074 4058 1156 4100 aram
1179 4033 1394 4120 Olympicum,

378 4175 413 4217 eo
435 4162 575 4239 tempore
598 4154 696 4219 forma
718 4155 862 4240 pulcrum
886 4162 917 4218 et
948 4162 1046 4219 aetate
1069 4162 1289 4240 temperatum,
1315 4176 1393 4238 quae

379 4272 543 4358 aliquando
578 4274 789 4359 impudentem
823 4275 997 4360 Ganymedi
1031 4283 1159 4339 mortem
1191 4276 1290 4339 arcuit
1321 4297 1391 4339 cum

380 4390 520 4478 Cypride.
