3767 5534
858 456 923 517 452

384 660 467 724 idem
489 657 683 724 Boaclehius:
707 678 814 722 verum
836 655 979 741 equidem
1003 680 1051 723 me
1073 658 1106 723 id
1128 659 1212 745 apud
1231 658 1404 727 Homerum

380 778 480 863 legere
502 799 564 841 non
587 775 722 840 memini.
770 774 901 853 Melius,
925 782 962 840 ut
985 775 1093 856 credo,
1118 778 1302 844 scholiastae
1317 778 1403 844 Xan·

381 897 470 961 thum
493 896 604 981 Lyciae
619 895 749 961 fluvium
766 895 930 979 significari
947 896 1132 961 existimant
1156 896 1233 963 Erat
1242 897 1296 962 ille
1309 898 1403 963 etiam

379 1016 502 1102 lougius
525 1039 543 1079 a
566 1014 674 1101 Trojae
697 1013 856 1078 moenibus
877 1022 1029 1093 remotus,
1048 1022 1079 1079 et
1094 1023 1303 1082 memorantur
1318 1038 1403 1102 prae-

379 1142 462 1199 terea
492 1135 661 1198 Amazones
689 1141 720 1197 et
742 1132 840 1211 Ister,
865 1132 984 1197 diversa
1008 1143 1039 1198 et
1061 1133 1232 1220 longinqua
1254 1134 1339 1200 loca:
1365 1142 1405 1200 nt

379 1252 483 1317 divina
506 1252 659 1337 Apollinis
683 1251 822 1315 celeritas
846 1265 1000 1337 appareat.
1036 1251 1161 1317 Ludens
1185 1254 1320 1339 respexit
1340 1252 1401 1318 ior·

376 1380 456 1437 tasse
488 1372 570 1436 hunc
593 1370 720 1435 Pindari
742 1369 845 1435 locum
866 1368 1041 1450 Lucienus,
1066 1371 1120 1435 Bis
1143 1374 1254 1439 Accua.
1281 1371 1320 1437 I:
1345 1371 1400 1438 ubi

380 1490 504 1576 Jupiter
526 1512 657 1575 querens
673 1489 711 1554 de
727 1488 844 1554 difficili
860 1499 891 1554 et
907 1489 1059 1554 laboriosa
1075 1492 1138 1555 vita
1153 1491 1291 1556 Deorum
1307 1490 1400 1577 Apol·

377 1610 449 1675 linis
473 1609 592 1674 labores
616 1608 755 1693 deplorat
778 1608 810 1672 in
834 1607 984 1673 adeundis
1003 1609 1180 1675 multifariis
1195 1608 1283 1675 locis.
1303 1611 1400 1674 'Ama-

375 1750 464 1792 zones
487 1749 559 1791 vero
582 1726 742 1805 amiserae,
768 1749 846 1811 quae
870 1726 908 1790 ad
925 1725 1182 1793 Thermodontem
1198 1726 1397 1806 habitarunt,

373 1848 458 1911 fuere
488 1846 630 1911 cultrices
661 1845 796 1924 Dianae,
829 1846 918 1929 eique
949 1846 1098 1931 templum
1131 1846 1168 1911 ab
1195 1846 1257 1911 illis
1282 1846 1396 1933 Ephesi

374 1964 533 2029 conditum
563 1964 657 2028 fuisse
690 1963 850 2028 affirmavit
877 1962 1047 2041 Pindarus,
1072 1971 1109 2029 ut
1131 1970 1264 2030 testatur
1285 1963 1397 2030 Pausa·

375 2085 459 2161 nias,
491 2083 563 2147 licet
591 2083 657 2167 ipse
679 2081 712 2146 id
735 2082 849 2146 factum
874 2105 938 2146 esse
962 2090 1070 2167 neget:
1095 2082 1132 2147 L.
1156 2082 1222 2147 VII
1245 2082 1281 2149 0.
1305 2082 1394 2149 114.

373 2202 460 2267 Idem
485 2209 531 2267 est
554 2201 637 2286 apud
661 2201 902 2280 Callimachum,
928 2200 1042 2286 Hymn.
1067 2202 1100 2266 in
1123 2204 1242 2267 Artem.
1268 2204 1332 2268 237

511 2320 562 2386 Σοὶ
585 2319 636 2385 καὶ
660 2320 846 2401 'anatona
870 2320 998 2398 πολέμου
1021 2321 1237 2401 sescuplarem

509 2440 538 2504 ἔν
560 2462 626 2504 κοτε
648 2438 792 2519 radiantis
814 2438 943 2520 Ἑφέσου
966 2438 1076 2520 βρέτας
1099 2439 1259 2519 ἱδρύσαντο.

374 2558 475 2622 Diana
508 2564 611 2621 autem
642 2556 776 2642 Ephesia
806 2579 992 2642 quamquam
1023 2580 1041 2621 a
1072 2558 1260 2622 Graecorum
1294 2557 1394 2622 Diana

374 2698 476 2740 sorore
508 2675 661 2760 Apollinis
692 2675 910 2760 distinguenda
940 2682 1003 2753 est,
1028 2675 1180 2741 Pindarus
1202 2684 1305 2740 tamm
1329 2696 1393 2740 eam

372 2816 436 2859 non
459 2794 639 2894 distinguit,
664 2816 759 2879 quum
784 2798 956 2857 Amazonas
980 2794 1071 2858 etiam
1094 2795 1127 2858 in
1144 2793 1298 2879 Apollinis
1315 2814 1394 2858 amo·

277 2906 280 2910 ⁸
372 2935 436 2977 rem
467 2911 624 2977 adsciscat.
661 2910 869 2997 Hyperborei,
902 2911 975 2976 Istri
1003 2912 1139 2991 accolae,
1165 2934 1257 2998 quam
1281 2911 1394 2977 fuerint

251 3040 253 3043 ⁴
372 3031 543 3096 secundum
573 3030 741 3095 Pindarum
776 3030 916 3117 Apollini
947 3031 1069 3110 dilecti,
1093 3030 1279 3117 intelligitur
1302 3030 1393 3096 etiam

371 3175 409 3217 ex
431 3151 482 3216 Ol.
507 3150 559 3215 ΠΙ
583 3154 644 3228 29,
669 3151 724 3216 ubi
746 3150 843 3215 Poeta
865 3150 954 3215 illum
973 3150 1123 3237 populum
1137 3150 1273 3237 appellat
1284 3148 1393 3217 'Arda-

370 3274 457 3343 λὼνος
489 3267 660 3349 θεράποντα.
708 3267 814 3348 Quum
846 3291 916 3333 vero
948 3275 1070 3333 cantata
1092 3267 1163 3332 Deli
1186 3267 1219 3332 in
1246 3267 1339 3332 sacris
1355 3264 1391 3332 ab

370 3386 577 3472 Hyperboreis
609 3387 741 3471 acceptis
771 3387 907 3451 carmina
938 3386 976 3451 ah
1007 3384 1104 3450 Olenc
1126 3384 1221 3470 Lycio
1243 3385 1326 3450 facta
1351 3406 1392 3449 es·

371 3512 456 3581 sent,
481 3504 683 3590 tumulusque
707 3503 899 3568 sacerdotum
923 3502 1190 3589 Hyperborearum
1214 3502 1288 3567 Deli
1302 3502 1392 3567 fuerit

371 3644 450 3708 pone
473 3623 623 3708 templum
647 3622 782 3700 Dianae,
807 3621 976 3686 secundum
1001 3621 1194 3687 Herodotum
1216 3618 1253 3686 L.
1272 3619 1319 3685 IV
1335 3621 1390 3695 85,

371 3739 455 3817 vids,
480 3763 519 3804 an
542 3763 605 3805 non
629 3742 798 3805 Amazonas
822 3749 853 3804 et
876 3739 1090 3826 Hyperboreos
1114 3747 1145 3804 et
1167 3736 1294 3823 Lyciam
1314 3760 1391 3804 com·

369 3857 565 3923 memorando
597 3857 749 3922 Pindarus
783 3858 920 3943 ejusdem
952 3858 1082 3943 alicujus
1109 3863 1247 3922 vetustae
1272 3854 1390 3922 fabulae

369 3983 470 4061 partes
500 3976 684 4060 respexerit,
715 3998 792 4062 quae
824 3975 862 4040 ad
897 3975 1051 4060 Apollinis
1075 3997 1110 4039 ac
1133 3974 1251 4053 Dianas
1274 3973 1389 4051 cultum

369 4093 561 4179 pertinuerit.
596 4092 667 4174 Quo
689 4094 786 4178 magis
811 4094 1009 4173 adducimur,
1026 4103 1062 4158 ut
1078 4094 1281 4159 assentiamur
1295 4092 1389 4159 Brou-

369 4232 466 4290 wero,
498 4211 602 4277 cultus
634 4212 751 4277 Dianae
783 4213 917 4279 Graecae
940 4222 971 4278 et
995 4213 1112 4279 Dianae
1135 4212 1288 4299 Ephesiae
1310 4233 1387 4278 com·
