3767 5534
1011 733 1075 796 548

536 928 733 1018 judiciisvel
757 934 795 998 ab
819 934 932 997 arando
957 935 1004 999 vel
1028 935 1243 1019 enavigando
1267 933 1314 997 vel
1338 957 1355 997 a
1378 955 1469 997 eursu
1488 954 1553 995 eam

538 1052 682 1129 derivari,
708 1059 737 1115 et
760 1054 859 1117 simile
882 1076 947 1117 esse
971 1077 1071 1118 secare
1094 1077 1194 1131 mare,
1220 1076 1320 1117 secare
1345 1054 1434 1116 viam.
1483 1049 1554 1115 Om-

538 1168 612 1233 nino
646 1170 791 1254 quodque
826 1172 996 1256 periculum
1032 1174 1063 1236 in
1100 1172 1180 1236 bello
1218 1181 1248 1236 et
1279 1172 1414 1255 cujusvis
1446 1170 1554 1255 proelii

543 1288 642 1351 exitus
674 1288 827 1353 deciditur
849 1298 880 1352 et
903 1299 1057 1354 resecatur
1080 1290 1182 1374 gladio
1206 1298 1235 1353 et
1258 1312 1406 1353 mannum
1430 1288 1553 1352 robore:

540 1415 586 1469 est
614 1408 710 1490 igilur
740 1408 863 1491 propria
894 1408 942 1471 his
974 1408 1099 1473 Pindari
1132 1417 1162 1471 et
1185 1408 1346 1493 Euripidis
1370 1407 1445 1471 locis
1470 1406 1554 1497 verhi

540 1526 739 1609 significatio,
771 1528 949 1610 praesertim
981 1527 1006 1590 si
1030 1527 1188 1604 attendas,
1221 1549 1282 1591 non
1314 1526 1463 1610 scriptum
1489 1546 1553 1588 esse

539 1628 672 1719 πολέμον
690 1644 788 1725 τέλος,
815 1666 1001 1727 quamquam
1024 1666 1123 1729 neque
1146 1644 1179 1707 id
1205 1642 1372 1708 absurdum
1389 1644 1483 1719 foret,
1500 1640 1553 1704 sed

539 1765 649 1838 μκχῖον
672 1761 782 1835 clarc,
795 1761 877 1845 quod
900 1784 962 1824 non
986 1784 1105 1825 summa
1128 1762 1224 1824 totius
1249 1760 1323 1824 belli
1345 1771 1406 1837 est,
1424 1759 1478 1822 sed
1494 1760 1554 1821 sin·

539 1876 684 1959 gulorum
708 1877 892 1961 proeliorum
917 1888 1060 1945 eventus,

585 1996 640 2056 81.“
673 1994 715 2058 νο)
747 1996 800 2072 μὲν
832 1996 918 2072 γένεο.
956 1994 1132 2058 Corinthios
1165 2017 1233 2058 cum
1267 1994 1442 2078 Mycenaeis
1465 1992 1554 2056 duxit

542 2112 770 2196 Agamemnon:

676 2226 702 2292 οἳ
723 2230 753 2293 δὲ
775 2231 919 2304 Μνκθνοος
945 2226 1025 2309 εἶχον
1048 2231 1214 2307 ἐϋκτίμενον
1237 2230 1397 2309 πτολίεθρον

677 2347 796 2424 οίΦνεοθν
820 2370 853 2410 τε
875 2347 1010 2425 Κθρονθον.
1057 2346 1150 2434 Hom.
1175 2346 1212 2410 Il.
1238 2346 1272 2409 II
1297 2349 1370 2410 569.
1636 2411 1639 2416 ,

543 2463 631 2527 Gonf.
664 2464 794 2529 Pansam
818 2464 855 2529 L.
880 2463 914 2526 II
938 2463 973 2528 G.
998 2464 1043 2527 IV
1069 2469 1099 2528 θ.
1146 2465 1334 2529 Memoratur
1357 2464 1389 2527 in
1413 2462 1552 2547 proeliis,

545 2582 638 2646 Hom.
662 2581 700 2646 Il.
725 2582 809 2646 XIII
833 2585 915 2660 663,

766 2703 906 2781 Εὐχήνωρ
929 2701 1071 2767 Πολυίδου
1094 2702 1214 2779 adactor
1238 2701 1313 2776 νίθς,

645 2819 764 2899 νίφνεοθς
787 2821 814 2882 ν’
836 2820 947 2897 οίνοοθθς
970 2845 1022 2897 τε,
1046 2820 1180 2899 Κορινθόθι
1204 2817 1231 2882 τ’
1255 2820 1330 2883 οίκίοο
1354 2818 1475 2882 νκίων..

593 2939 644 2999 82.
679 2936 848 3016 κομίζοντες.
883 2935 973 3000 Nem.
1013 2935 1059 2999 VI
1097 2939 1138 2999 41
1178 2938 1299 3017 Μενέλᾳ
1336 2934 1477 3013 Balaam
1514 2957 1556 2997 κο·

546 3054 642 3130 fatear.

594 3174 645 3235 83.
679 3174 712 3236 ἐκ
739 3173 861 3243 Λυκίοις.
899 3170 983 3234 Nota
1014 3180 1086 3235 sunt
1116 3172 1212 3236 cuivis
1244 3170 1425 3247 Homerica,
1450 3169 1489 3232 Il.
1513 3166 1558 3229 Vl

435 3272 456 3357 ,Ι
551 3292 613 3352 144
645 3311 727 3373 seqq.
774 3290 817 3352 At
847 3289 891 3352 ibi
922 3288 1057 3351 Glaucus
1090 3297 1135 3352 est
1168 3288 1250 3352 filius
1274 3286 1481 3372 Hippolochi,
1505 3284 1559 3349 filii

548 3406 818 3491 Bellerophontae,
843 3406 899 3469 filii
922 3406 1048 3485 Glauci,
1065 3407 1121 3471 filii
1137 3406 1269 3491 Sisyphi.
1305 3406 1441 3470 Mutavit
1457 3405 1559 3488 aliquo

549 3526 639 3589 modo
662 3525 869 3609 genealogiam
884 3523 1036 3587 Pindarus
1054 3533 1099 3602 et,
1117 3526 1330 3610 praetermisso
1346 3522 1559 3608 Hippolocho,

549 3642 702 3706 Glaucum
725 3641 799 3705 facit
820 3642 919 3704 filium
942 3641 1208 3725 Bellerophontae.

597 3763 648 3823 85.
673 3766 755 3843 τοῖσι.
780 3758 968 3822 Scholiastae
991 3766 1108 3822 veteres
1131 3758 1242 3843 Lycios
1266 3759 1314 3822 vel
1336 3758 1485 3843 Trojanos
1505 3757 1563 3839 sig·

551 3877 669 3939 nificari
701 3877 884 3940 existimant.
928 3876 1052 3956 Quibus
1080 3876 1206 3940 minime
1229 3876 1401 3953 adsentior,
1426 3875 1479 3938 sed
1503 3874 1564 3938 Da-

550 4013 625 4057 naos
645 3994 809 4077 significari
824 4003 891 4057 tum
907 4016 943 4057 ex
959 3994 1026 4078 ipsa
1041 3993 1168 4058 Pindari
1183 3995 1321 4057 oratione
1336 3992 1450 4070 efficio,
1467 4013 1563 4075 quum

552 4109 585 4172 hi
615 4108 707 4173 modo
737 4111 965 4175 commemorati
996 4111 1076 4189 sint,
1109 4118 1175 4176 turn
1206 4112 1265 4175 hoc
1300 4112 1390 4174 etiam
1421 4108 1564 4173 convenit

553 4224 707 4305 Homero,
738 4227 821 4312 apud
854 4249 946 4311 quem
978 4227 1114 4292 Glaucus
1138 4251 1225 4293 suam
1248 4228 1397 4312 originem
1420 4225 1565 4290 Diomedi

554 4344 718 4428 praedicat.
765 4344 872 4430 Ipsum
904 4346 1087 4412 vocabulum
1118 4347 1257 4428 ἕξεθχετο
1288 4346 1431 4410 convenit
1454 4343 1565 4408 Glauci

554 4460 637 4547 apud
660 4460 828 4526 Homerum
851 4464 1019 4528 narrationi
1043 4468 1106 4529 211
