3767 5534
909 731 974 791 460

434 925 518 989 tione
541 927 682 992 vocabuli
705 938 788 1007 σῆμιι
811 929 969 994 desumta:
986 937 1023 993 ut
1039 951 1075 993 ex
1091 927 1267 1012 incongruis
1279 927 1448 991 conflatum

435 1043 583 1109 videatur.
608 1045 827 1131 dignificentur
847 1071 919 1134 ergo
938 1048 996 1133 ipsi
1009 1048 1113 1129 σιιῖδες
1125 1053 1317 1132 praesentes,
1330 1053 1367 1110 ut
1378 1067 1451 1109 con-

434 1162 633 1248 spicerentur.
651 1164 841 1252 Praepositio
856 1169 885 1231 ἐν
900 1190 964 1232 non
979 1167 1100 1233 itacum
1110 1165 1202 1230 verbo
1211 1166 1376 1251 conjuncte
1384 1173 1448 1241 est,

435 1289 470 1344 ut
482 1282 565 1347 verbi
577 1284 730 1370 objectum
743 1287 832 1351 etiam
846 1287 908 1351 huc
919 1285 1112 1351 referendum
1126 1286 1174 1349 sit:
1188 1284 1242 1349 sed
1254 1285 1355 1349 arcuit
1366 1282 1450 1348 Alci·

431 1400 543 1465 medon
558 1425 576 1466 a
592 1426 623 1467 se
639 1404 848 1488 ignominiam,
865 1405 959 1489 idque
974 1406 1047 1470 feeit
1058 1406 1091 1468 in
1104 1410 1237 1489 quatuor
1249 1403 1363 1487 pueris.
1387 1400 1447 1465 Ve-

432 1542 501 1583 rum
518 1520 630 1586 diserte
646 1544 716 1587 eum
732 1546 893 1587 numerum
911 1524 1082 1609 exprimens
1094 1522 1189 1586 Poeta
1201 1544 1263 1586 non
1276 1520 1445 1605 significat,

432 1645 555 1703 tantum
579 1639 713 1706 adfuisse
736 1664 805 1705 eos:
830 1643 873 1706 sic
897 1643 978 1706 enim
1001 1642 1203 1726 ignominiam
1220 1646 1371 1704 averterat
1386 1638 1447 1702 vic·

433 1763 482 1821 tor
513 1757 604 1822 etiam
634 1760 666 1823 in
699 1760 840 1824 omnibus
869 1760 1109 1847 spectatoribus:
1134 1781 1241 1823 verum
1264 1757 1356 1822 rerba
1378 1757 1446 1843 ipss

433 1877 685 1961 persequentibus
717 1895 843 1963 apparet
850 1918 862 1955 ‚-
885 1878 1019 1961 aliquem
1042 1877 1242 1963 ignominiam
1267 1898 1285 1939 a
1308 1898 1341 1939 se
1364 1895 1446 1938 aver·

433 2002 497 2058 tere
526 1995 558 2059 in
590 2002 723 2081 quatuor
751 1996 1014 2075 adolescentibus,
1040 1996 1066 2059 si
1089 2002 1120 2060 et
1142 1995 1202 2080 ipsi
1225 2000 1255 2058 et
1279 1993 1327 2057 his
1350 1992 1390 2057 de
1412 2014 1446 2057 ea

432 2113 612 2179 certandum
636 2123 694 2179 est:
720 2138 791 2201 ergo
808 2138 879 2180 cum
894 2123 1027 2200 quatuor
1043 2113 1291 2179 adolescentibus
1306 2110 1445 2176 conflixit

432 2232 624 2298 Alcimedon.
673 2234 766 2319 Apud
800 2214 991 2313 Lucienum,
1027 2232 1167 2297 Hermot.
1200 2234 1261 2309 40,
1293 2230 1441 2315 legimns,

433 2358 596 2417 certatores
621 2353 755 2419 sortibus
778 2354 872 2417 fuisse
895 2353 1009 2417 divisos
1033 2352 1066 2416 in
1089 2351 1190 2436 paria:
1214 2347 1326 2435 quodsi
1341 2355 1444 2413 autem

351 2498 356 2505 ·
432 2491 577 2534 numerus
601 2479 680 2535 esset
702 2471 816 2556 impar,
840 2471 949 2535 iisdem
967 2470 1100 2534 sortibus
1116 2491 1214 2533 unum
1229 2466 1364 2550 relinqui
1379 2466 1444 2530 sine

434 2588 620 2653 adversario:
644 2613 701 2656 nec
725 2590 762 2654 de
785 2591 916 2675 repetito
940 2589 1105 2655 certamine
1129 2587 1176 2652 vel
1196 2586 1234 2650 de
1250 2586 1368 2649 iteratis
1384 2607 1445 2649 sor·

433 2707 516 2772 tibus
547 2708 711 2791 quidquam
736 2715 896 2773 memoret:
922 2708 1011 2772 illum
1035 2729 1106 2771 vero
1130 2712 1322 2791 exspectare,
1347 2703 1443 2768 donec

431 2826 543 2910 reliqui
573 2827 738 2891 certamina
768 2827 958 2911 peregerint,
984 2833 1014 2889 et
1037 2847 1101 2889 esse
1125 2846 1190 2887 eam
1214 2843 1358 2907 magnam
1380 2820 1444 2885 seli·

432 2944 571 3022 citatem,
596 2945 750 3030 integrum
773 2953 888 3009 certare
911 2966 982 3007 enm
1006 2943 1148 3007 defessis:
1169 2941 1313 3023 ἐφεδρεύει
1329 2939 1442 3020 σεριμὲ

431 3086 482 3127 νων
489 3112 499 3143 ,
524 3062 585 3127 ἔστ’
608 3063 645 3128 ἂν
668 3066 765 3128 ἐκεῖνοι
788 3062 1006 3141 ἀγωνίσωνται·
1030 3061 1080 3127 aul
1104 3061 1165 3125 ἔστι
1189 3065 1274 3125 τοῦτο
1296 3061 1328 3123 σύ
1350 3058 1441 3138 μικρὰ

430 3179 559 3259 εὐτυχίαι
589 3187 640 3245 τοῦ
671 3181 816 3259 ἀθλητοῦ,
847 3181 881 3246 ri
912 3181 1032 3256 μέλλειν
1055 3181 1180 3256 deutra
1202 3184 1262 3249 τοῖς
1285 3177 1441 3255 κεκμηκόσι

430 3300 653 3376 συμπεσεῖσθαι.
701 3298 783 3384 Ergo
806 3322 890 3363 nune
913 3298 1037 3384 quidem
1060 3296 1204 3360 videntur
1223 3316 1333 3358 novem
1348 3293 1442 3357 fuisso

430 3415 655 3480 adolescentes:
691 3424 824 3500 quatuor
859 3417 931 3481 victi
966 3414 1184 3480 certaminibus
1215 3410 1439 3497 singularibus:

431 3533 566 3617 reliquos
589 3541 722 3618 quatuor
745 3534 918 3620 profligavit
940 3532 1133 3598 Alcimedon.
1169 3528 1325 3594 Credibile
1339 3536 1441 3592 tamen

432 3675 495 3717 esse
522 3654 598 3718 mihi
620 3656 759 3733 videtur,
784 3679 846 3721 non
869 3678 931 3720 uno
955 3677 1026 3718 eum
1048 3653 1168 3717 eunctis
1190 3650 1360 3715 victoribus
1383 3671 1443 3714 oer-

430 3770 545 3834 temine
575 3778 706 3837 certasse
738 3773 925 3858 ephedrnm‚
950 3772 1003 3835 sed
1028 3792 1097 3834 cum
1122 3768 1254 3852 singulis
1277 3768 1441 3831 certemme

431 3887 593 3971 singulari:
618 3913 718 3977 neque
739 3892 819 3956 enim
835 3892 920 3955 lucta
936 3890 1028 3953 unius
1044 3909 1114 3952 eum
1131 3886 1272 3972 pluribus
1288 3884 1441 3969 quomodo

432 4004 511 4069 facta
541 4007 618 4071 foret
650 4008 806 4095 intelligo:
840 4017 871 4073 et
898 4011 942 4073 ite
965 4030 1037 4072 sane
1060 4028 1170 4091 magna
1193 4027 1263 4090 pars
1287 4003 1440 4068 felicitatis

432 4121 619 4187 decessisset.
656 4125 836 4190 Simillimus
853 4134 956 4191 antem
972 4126 1045 4190 huic
1059 4124 1127 4188 loco
1144 4129 1190 4187 est
1205 4122 1261 4205 Py.
1277 4119 1362 4184 VIII
1381 4121 1438 4183 117

653 4246 770 4322 σε’σριισι
794 4245 818 4308 δ’
841 4245 970 4318 ἔμπεσες
994 4244 1096 4319 ὑψόθεν

653 4362 822 4440 σωμάτεσσι
837 4365 927 4429 ‘aaa

651 4480 790 4561 omem·
813 4488 873 4554 τοῖς
896 4481 962 4546 οὔτε
985 4480 1082 4551 νόσσσς
1104 4479 1180 4555 ὁμῶς
