3767 5534
991 704 1055 765 306

510 908 589 970 inter
620 929 651 969 se
683 912 828 990 cognatae
860 928 927 969 esse
956 905 1046 968 etad
1071 906 1196 969 eandem
1221 908 1342 972 dicendi
1364 910 1525 974 materiem

513 1025 662 1109 pertinere
687 1026 854 1088 videantur.
893 1024 1021 1087 Diversa
1037 1024 1186 1088 Pindarus
1210 1026 1269 1090 alio
1293 1027 1385 1091 modo
1409 1010 1524 1112 signifi-

513 1146 591 1207 cavit
616 1144 704 1208 Nem.
730 1143 794 1207 VH
819 1148 857 1207 8l
883 1148 897 1207 c‘
920 1148 1052 1227 μεντοι,
1078 1151 1119 1211 τα
1142 1145 1165 1209 δ’
1192 1146 1291 1219 ἄλλοι,
1325 1147 1403 1211 alius
1427 1146 1523 1211 aliud.

512 1265 605 1348 Apud
640 1264 849 1348 Theognidem
883 1287 970 1342 vero,
1008 1267 1090 1341 390,
1126 1272 1240 1349 τολμᾷν
1268 1265 1308 1330 τοί
1336 1292 1369 1331 τε
1401 1267 1451 1330 καὶ
1482 1268 1524 1331 τοὶ

512 1383 620 1463 Φέρειν,
645 1383 755 1446 diserte
779 1383 1013 1467 distinguuntur
1035 1384 1114 1447 bona
1134 1391 1163 1447 et
1184 1384 1275 1461 mala,
1299 1407 1376 1468 quae
1396 1385 1523 1471 quidem

512 1525 599 1565 versu
622 1502 817 1587 praecedente
838 1525 977 1587 expressa
996 1511 1068 1565 sunt
1089 1510 1119 1566 et
1141 1525 1175 1566 eo
1196 1502 1377 1568 referuntur.
1403 1503 1521 1568 Verum

511 1625 541 1686 in
578 1624 650 1707 ipsis
684 1646 746 1686 non
781 1624 949 1687 necessario
984 1623 1209 1687 distinctionem
1249 1624 1345 1687 inesse
1380 1626 1524 1703 ostendi,

510 1752 539 1804 et
571 1743 628 1805 lroc
660 1742 781 1826 quidem
814 1742 937 1806 Pindari
969 1743 1035 1806 loco
1068 1743 1166 1807 multa
1193 1743 1273 1806 bona
1296 1744 1522 1828 significantur.

510 1861 610 1938 Καιρὸν
644 1861 723 1942 φέρει
759 1884 820 1924 non
856 1861 970 1924 dicitur
1004 1862 1034 1923 h.
1059 1861 1080 1924 l.
1117 1860 1154 1923 de
1189 1860 1312 1924 serendo
1348 1845 1411 1926 sive
1441 1862 1521 1926 bene

511 1979 671 2042 subeundo
703 1987 855 2064 tempore,
889 2002 993 2043 verum
1026 1979 1062 2041 de
1091 1979 1240 2042 afferenda
1265 1981 1326 2044 sive
1349 1980 1525 2064 praebenda

511 2100 739 2183 opportunitate
771 2107 800 2162 et
832 2099 928 2183 copia.
977 2096 1124 2161 Similiter
1155 2096 1244 2162 Nem.
1269 2097 1333 2162 VII
1359 2102 1401 2162 84
1425 2107 1525 2179 Μοῖρα

512 2220 604 2298 καιρὸν
629 2217 716 2294 ὄλβον
739 2217 840 2282 diduri.

556 2341 608 2399 99.
644 2337 766 2412 βαθεῖαν
791 2302 907 2416 ὑπέρρεον
931 2361 958 2402 κ.
983 2362 1010 2401 r.
1035 2353 1064 2400 λ.
1102 2334 1217 2419 Cyrene
1248 2335 1419 2420 appellatur
1448 2360 1524 2415 παρ-

510 2456 582 2526 θένος
613 2457 773 2536 οὲνροτὲρα,
807 2455 860 2539 Py.
893 2454 939 2517 IX
976 2457 1014 2517 10
1045 2455 1127 2537 virgo
1151 2455 1304 2532 venatrix,
1330 2462 1360 2518 et
1379 2454 1523 2534 ’Ἄρτεμις

411 2629 413 2634 s
511 2572 652 2655 οὶνροτέρα
685 2574 764 2659 apud
798 2573 985 2650 Homerum,
1017 2572 1055 2635 ll.
1088 2572 1167 2635 XXI
1190 2576 1272 2648 471,
1305 2574 1330 2637 si
1361 2574 1386 2637 is
1419 2596 1528 2638 versus

511 2693 688 2756 retinendus
720 2701 782 2756 est:
813 2700 843 2784 et
873 2693 904 2755 in
936 2692 1105 2755 venationis
1135 2691 1288 2755 vocabulis
1313 2692 1393 2776 apud
1418 2691 1529 2757 Pollu·

512 2834 576 2875 cem
603 2810 639 2874 L.
664 2811 693 2872 V
716 2810 750 2874 O.
775 2810 792 2873 1
820 2815 856 2873 13
878 2810 1021 2890 ’Ἄρτεμις
1044 2811 1196 2891 οὲνροτὲρα.
1243 2810 1280 2874 Iu
1305 2810 1427 2874 scholiis
1444 2819 1525 2875 vete·

512 2930 595 2994 ribus
619 2932 677 2995 hoc
701 2930 824 2995 Pindari
847 2930 915 2994 loeo
941 2929 1070 2994 venandi
1094 2930 1272 3014 significatio
1296 2930 1339 2993 ita
1354 2931 1521 3008 retinetur,

512 3059 547 3113 ut
581 3072 680 3113 rerum
717 3049 919 3113 laudabilium
950 3049 997 3112 vel
1030 3048 1153 3112 utilium
1185 3048 1322 3113 studium
1346 3057 1375 3112 et
1399 3051 1524 3113 venatio

514 3169 572 3232 dici
605 3177 738 3255 putetur.
783 3168 871 3233 Nem.
904 3168 957 3231 111
989 3169 1045 3244 80,
1069 3167 1230 3233 λεόντεσσιν
1254 3169 1427 3250 appareas,
1441 3163 1525 3232 >leri·

514 3289 585 3351 tatis
618 3296 647 3351 et
677 3288 804 3351 ferociae
836 3287 1016 3370 significatio
1049 3295 1102 3349 est.
1147 3285 1342 3372 Quapropter
1364 3286 1395 3349 h.
1419 3286 1440 3350 l.
1465 3286 1525 3350 for-

514 3405 677 3469 titudinem
700 3415 730 3469 et
753 3428 819 3469 acre
843 3404 995 3480 studium,
1025 3426 1086 3466 non
1110 3404 1154 3466 ira
1177 3403 1335 3481 bellicosa,
1360 3404 1412 3467 sed
1436 3404 1525 3469 fortis

515 3526 608 3588 animi
630 3525 747 3609 impetu
771 3536 801 3587 et
826 3523 992 3609 praeclaras
1016 3546 1063 3586 res
1083 3522 1259 3607 perficiendi
1279 3522 1385 3586 ardore
1405 3524 1525 3609 conspi-

515 3666 607 3706 cuum
630 3644 793 3729 significari
817 3644 966 3707 existimo.
1005 3642 1143 3723 Ὓοιέχειν
1168 3651 1215 3705 est
1237 3641 1389 3726 praebere.
1430 3642 1525 3727 Hesy-

515 3762 616 3825 chius:
642 3760 753 3843 ὕπεχε,
777 3763 899 3843 πάρεχε.
924 3761 1045 3842 ὑπέχει,
1071 3758 1190 3826 δίδωσιν.
1216 3759 1328 3842 ὑφέξω,
1353 3760 1439 3825 δώσω.

564 3882 635 3943 102.
666 3884 690 3946 εἰ
713 3881 742 3946 δέ
765 3906 814 3958 μιν
837 3884 912 3961 ἔχων
931 3906 985 3953 τις.
1016 3879 1109 3943 Recte
1125 3878 1308 3942 Karstenius
1325 3878 1410 3942 affert
1428 3877 1522 3944 Hom.

515 3998 553 4063 11.
578 3998 686 4063 XXIV
709 4003 750 4063 41

782 4118 854 4184 λέον
877 4119 902 4183 δ’
927 4115 981 4195 ὣς,
1005 4115 1096 4197 ἄγρια
1114 4113 1211 4200 οἶδεν,

627 4236 687 4303 ὅστ’
710 4239 772 4302 ἐπεὶ
796 4237 832 4317 ἂρ
854 4237 975 4318 erycino
997 4263 1030 4301 τε
1053 4236 1104 4318 βίρ
1126 4236 1175 4301 καὶ
1199 4237 1316 4316 οένήνορι
1339 4237 1418 4315 θυμῷ

628 4353 725 4432 εἴξας,
749 4352 803 4421 εἶο’
826 4355 873 4420 iul
899 4365 984 4433 μῆλα
1006 4355 1124 4434 βροτῶν.

402 4523 404 4528 -
518 4473 616 4560 Magis
629 4478 718 4540 etiam
728 4475 915 4539 constructio
925 4474 1155 4559 eonvenitapud
1165 4471 1523 4557 Aeschylum,(lhoe.608
