3767 5534
900 733 964 795 4⁷3

430 933 488 1018 ipsi
514 932 717 1018 expiationem
744 932 844 997 oeeiso
866 931 1031 996 Trechinio
1054 928 1186 1013 quodem
1211 928 1328 1014 petenti
1350 948 1441 1012 nege-

432 1051 539 1116 viseet:
563 1049 662 1116 Neleo
685 1058 802 1137 petrem
826 1050 1009 1136 Neptunum
1030 1048 1211 1114 auxiliatum
1228 1069 1307 1112 esse:
1325 1067 1442 1133 pugne·

431 1191 497 1235 rum
520 1191 609 1248 vero,
634 1191 710 1254 ques
733 1168 883 1234 Hercules
906 1191 977 1233 oum
1000 1166 1144 1253 Apolline
1169 1173 1200 1230 et
1223 1188 1293 1230 oum
1308 1164 1443 1228 Plutone

431 1286 589 1364 hebuerit,
615 1286 680 1351 elie
702 1286 797 1351 fnisse
819 1294 967 1372 tempora.
1014 1285 1129 1349 Temen
1153 1283 1323 1360 Homerus,
1348 1280 1387 1345 11.
1412 1279 1441 1341 V

432 1407 516 1481 397,
539 1404 704 1469 Plutonem
727 1405 766 1470 eb
788 1403 922 1470 Hercule
947 1404 1139 1468 vulneratum
1163 1402 1240 1467 dieit
1263 1403 1291 1466 ἐν
1312 1400 1395 1481 πόλῳ
1413 1400 1443 1464 ἐν

431 1523 575 1588 venderet:
600 1544 703 1586 rerum
728 1519 760 1585 id
783 1521 953 1607 Didymus,
978 1528 1013 1586 ut
1036 1520 1130 1585 estin
1146 1519 1299 1585 veteribus
1316 1505 1440 1582 scholiis

433 1640 471 1704 sd
501 1640 585 1705 huno
612 1639 739 1705 Pindari
761 1639 882 1718 looum,
906 1639 1040 1724 explicet
1062 1640 1114 1714 rhu
1137 1641 1167 1703 ἐν
1188 1636 1258 1722 ᾅδου
1281 1635 1375 1713 πύλην
1398 1661 1443 1701 νε-

432 1759 513 1825 κύων.
559 1758 632 1823 Non
653 1766 752 1836 reete,
777 1767 812 1823 ut
834 1780 917 1823 nuno
940 1758 1018 1822 mihi
1041 1758 1178 1824 videtur:
1202 1760 1232 1822 ἐν
1254 1757 1384 1823 νεκύεσσι
1399 1757 1445 1820 ite

434 1877 551 1943 dietum
583 1877 706 1943 videtur
737 1886 772 1942 ut
803 1885 919 1963 strages
942 1876 1091 1964 quaedum
1116 1877 1321 1963 significetur:
1346 1897 1446 1960 neque
1574 1928 1578 1939 .

435 2016 582 2080 usquam,
614 2003 765 2080 quantum
796 1995 877 2073 seio,
911 1995 1003 2068 πύλας
1031 1995 1079 2060 vel
1102 1994 1193 2061 πύλον
1215 1994 1367 2081 reperitur
1390 2014 1446 2077 pro

436 2115 558 2181 nomine
590 2114 774 2200 appellativo
804 2113 1026 2199 significatione
1055 2113 1162 2188 πύλης.
1208 2112 1250 2177 Et
1280 2111 1447 2198 Apollodo-

436 2254 503 2311 rus,
537 2231 575 2297 L.
610 2231 644 2295 Π
679 2232 714 2297 C.
745 2230 826 2310 VII,
862 2239 894 2296 et
922 2231 1090 2296 Pausanias
1099 2282 1108 2311 ,
1140 2230 1176 2296 L.
1208 2230 1256 2296 VI
1286 2230 1321 2295 Ο.
1353 2228 1446 2294 XXV

438 2353 476 2430 3,
511 2352 550 2417 ob
583 2350 718 2416 Hercule
747 2350 859 2436 Pylum
892 2359 1090 2437 oppugnante
1118 2351 1283 2416 Plutonem
1309 2349 1448 2413 vulnere·

437 2476 503 2535 tum
536 2492 601 2535 esse
624 2478 875 2536 commemorent:
901 2478 932 2536 et
955 2472 1121 2536 Psusenies
1145 2470 1270 2555 quidem
1293 2491 1311 2532 e
1334 2467 1447 2554 Pyliis‚

437 2586 601 2652 Herculem
632 2588 748 2665 exosis,
779 2588 946 2654 Plutonem
976 2589 1143 2674 impensius
1171 2587 1332 2653 odoratum
1354 2586 1448 2650 fuisse

437 2706 579 2792 exponit,
604 2713 635 2771 et
657 2706 696 2771 sb
717 2705 793 2791 ipsis
815 2707 905 2772 illum
927 2707 1030 2772 locum
1045 2706 1173 2772 Homeri
1187 2679 1222 2771 in
1237 2705 1447 2771 testimonium

436 2831 577 2889 rosetum
601 2846 676 2889 esse.
711 2823 814 2889 Dtiom
837 2840 936 2889 sermo
958 2824 1062 2904 Jovis,
1085 2825 1140 2911 qui
1163 2823 1314 2889 Venerem
1336 2845 1354 2887 e
1375 2822 1449 2887 Dio·

437 2941 525 3006 mede
547 2940 738 3014 vulneratum
761 2942 954 3020 consoletur,
978 2943 1028 3006 vin
1053 2942 1213 3007 admittere
1236 2941 1358 3005 videtur
1373 2940 1422 3004 inf
1436 2976 1449 2988 ·

438 3079 505 3138 ros,
536 3080 641 3123 verum
671 3058 704 3123 in
734 3058 894 3123 uerrendis
925 3060 1116 3143 reliquorum
1146 3058 1283 3124 Deorum
1305 3058 1445 3143 injuriis,

438 3198 514 3262 quus
545 3198 564 3240 e
592 3176 773 3241 mortalibus
802 3177 886 3262 pessi
915 3177 1045 3255 fuerint,
1077 3177 1145 3241 loos
1168 3183 1291 3242 tentum
1313 3176 1449 3240 humone

438 3295 624 3381 significasse
647 3294 768 3359 videtur
795 3294 934 3383 Jupiter:
960 3297 1140 3381 praesertim
1164 3317 1260 3381 quum
1283 3294 1450 3359 Plutonem

438 3421 509 3498 post
539 3413 651 3478 vulnus
682 3420 839 3499 eoeeptum
872 3413 1019 3499 querendi
1042 3435 1132 3478 eausa
1154 3414 1187 3478 in
1210 3411 1377 3499 Olympum
1400 3434 1449 3476 ve-

437 3530 520 3595 nisse
551 3538 692 3616 exponet.
738 3530 821 3616 Ergo
852 3532 890 3597 ob
922 3530 1056 3596 Homero
1083 3554 1207 3617 quoque
1233 3530 1384 3616 proelium
1408 3528 1448 3594 ed
1546 3527 1548 3531 ⁴

439 3647 548 3734 Pylum
575 3648 693 3714 iactum
726 3650 891 3736 significari
922 3650 1160 3716 existimandum
1183 3657 1238 3714 est.
1286 3647 1448 3734 Quidquid

440 3774 501 3845 est,
524 3767 618 3832 trium
642 3767 778 3832 Deorum
797 3768 947 3854 impetum
963 3767 1068 3834 eodem
1083 3768 1177 3833 fuisse
1192 3775 1329 3853 tempore
1345 3774 1448 3855 aperte

440 3886 576 3951 ostendit
596 3885 763 3965 Pindarus,
788 3885 864 3972 Pylo
887 3867 1143 3952 subvenientium.
1180 3885 1290 3971 Neque
1314 3887 1448 3951 alienum

441 4005 479 4070 eb
505 4006 655 4071 hocloco
678 4014 741 4086 est,
765 4005 849 4093 quod
863 3996 1040 4071 *Pausanias
1062 4005 1176 4072 ibidem
1199 4006 1310 4083 tradit,
1336 4006 1449 4070 Miner·

440 4146 510 4189 vum
531 4124 564 4190 in
588 4146 624 4189 eo
646 4123 763 4210 proelio
786 4123 915 4189 Herouli
938 4124 1090 4189 adfuisse:
1115 4146 1183 4188 nam
1200 4124 1307 4219 laudet
1324 4124 1448 4209 quidem

440 4242 537 4307 Poste
559 4242 661 4308 dotem
684 4242 833 4308 divinitus
852 4240 1062 4307 fortitudinem
1080 4248 1111 4307 et
1126 4242 1320 4327 sapientiam,
1339 4265 1372 4306 vs
1388 4245 1449 4320 41,
1486 4300 1489 4304 .

440 4381 543 4424 rerum
568 4382 603 4424 ee
625 4360 692 4445 ipss
714 4361 747 4423 in
771 4359 898 4423 vetustis
923 4358 1068 4424 heroibus
1091 4380 1153 4423 non
1174 4360 1298 4424 aliunde
1318 4360 1449 4444 opoetis

439 4477 595 4542 derivetur
616 4478 676 4543 nisi
699 4478 737 4543 eb
761 4477 955 4575 adstantibus
979 4477 1012 4542 in
1034 4476 1152 4562 proelio
1174 4477 1258 4541 Diis:
1275 4485 1344 4543 tum
1360 4498 1446 4556 vero,
