3767 5534
911 693 974 755 279

488 899 558 961 131.
591 897 693 960 ὑανεῑν.
730 893 845 957 lladem
869 894 993 979 saepius
1014 895 1167 958 sententia
1188 916 1242 980 pro
1259 890 1449 956 fortitudinis

431 1017 635 1080 incitamento
660 1014 736 1078 fuit:
763 1013 847 1076 velut
871 1013 951 1097 apud
980 1013 1148 1077 Homerum
1176 1013 1211 1076 ll.
1238 1011 1282 1074 Vl
1307 1013 1371 1073 41111

504 1142 603 1214 μοῖραν
626 1132 651 1198 δ’
674 1134 771 1198 οὑτινοὶ
794 1141 873 1211 Φκμι
897 1131 1089 1215 πεφυγμένον
1112 1134 1238 1211 ἔμμεναι
1261 1132 1382 1211 ἀνδρῶν,

503 1256 535 1319 οὑ
557 1254 646 1319 κακὸν
669 1253 730 1318 οὑδὲ
753 1253 807 1329 μὲν
830 1251 945 1326 εὀὑλὺν,
969 1254 1040 1328 ἐπὺν
1063 1254 1104 1318 τοὶ
1131 1258 1233 1332 πρῶτα
1255 1250 1386 1328 γένηται.

430 1382 466 1437 et
491 1373 571 1458 apud
596 1372 754 1437 Collinum
784 1376 820 1435 12

525 1496 556 1558 οὑ
579 1492 638 1569 γοὺρ
662 1518 717 1565 κως
740 1490 863 1557 θοὺνατέν
887 1515 924 1568 γε
950 1498 1060 1571 (peyna
1082 1491 1253 1571 εἱμαρμένον
1276 1488 1355 1553 ἐστὶν

569 1610 660 1692 ἄνδρ’,
684 1613 743 1678 οὐδ’
766 1613 799 1688 ἢν
821 1615 966 1694 προγόνων
989 1610 1006 1693 ᾖ
1029 1610 1111 1689 γένος
1135 1612 1297 1677 οὶὺιινιὶτοιν.

487 1735 557 1796 133.
592 1729 666 1810 ἐ’φοι.
703 1731 841 1817 Coquat,
871 1732 982 1795 foveat.
1027 1730 1225 1816 significatur
1259 1729 1391 1793 maxima
1421 1727 1452 1790 in

433 1852 644 1916 conservando
668 1874 742 1916 cura
764 1852 881 1937 posita,
907 1858 942 1915 ut
967 1858 1097 1914 aetatem
1121 1849 1201 1913 nulli
1227 1847 1367 1933 periculo
1388 1869 1455 1930 pro·

434 1993 549 2057 ponere
581 1982 610 2035 et
642 1973 692 2035 vix
723 1972 756 2035 in
787 1972 887 2034 lucem
914 1970 1048 2055 proferre
1073 1968 1204 2046 audeas,
1231 1989 1361 2053 eamque
1385 1989 1455 2030 aou·

433 2090 607 2155 servatione
630 2092 696 2175 ipsa
721 2113 893 2155 consumas.
940 2089 1090 2153 Similiter
1114 2088 1169 2173 Py.
1195 2086 1242 2151 IV
1269 2089 1332 2150 330

660 2212 716 2276 ταν
738 2210 882 2275 οὶκίνὺννον
905 2209 988 2289 παρα
1011 2210 1101 2290 ματρὶ
1126 2208 1221 2285 μένειν

660 2332 750 2395 αἰῶνα
773 2330 916 2395 πέσσοντ’.

488 2454 558 2514 135.
589 2451 783 2516 ὑποκείσεται.
814 2451 979 2514 ὑποκεῖσθαι
1001 2448 1192 2533 propositum
1209 2469 1283 2510 esse.
1314 2446 1453 2530 I'huayd.

437 2570 492 2633 III
516 2572 557 2633 84
580 2570 692 2635 ὑπαοιν
715 2570 799 2641 ἐλπὶς
823 2570 983 2634 ὑπόκειται.
1027 2568 1084 2631 nst
1109 2566 1259 2651 quaedam
1284 2565 1454 2630 similitudo

437 2690 531 2775 hujus
562 2688 705 2753 dictionis
736 2711 806 2752 eum
839 2688 929 2752 verbo
962 2688 1134 2765 ὑποστῆναι,
1168 2686 1339 2770 suscipere,
1371 2685 1454 2748 velut

438 2807 577 2892 Thucyd.
601 2806 635 2870 Π
661 2809 700 2869 61
727 2808 885 2881 ὑποστῆναι
907 2807 956 2871 τὸν
979 2806 1111 2870 κίνδυνον.

487 2928 559 2990 136.
594 2922 708 3006 πραξιν.
749 2924 918 3008 Effectum,
952 2930 1095 2988 eventum
1129 2923 1258 2988 aetionis
1291 2923 1453 3008 signifieat.

440 3043 531 3109 Hom.
556 3044 594 3109 Il.
620 3042 728 3107 XXIV
754 3046 818 3107 524

583 3167 613 3229 οὑ
636 3163 695 3243 νοὶρ
718 3189 762 3234 τις
786 3162 890 3245 πρᾶξις
916 3163 1040 3228 πέλεται
1064 3170 1184 3243 κρυεροῖο
1207 3164 1301 3238 νέοιο,

441 3282 518 3346 nihil
549 3282 767 3347 lamentatione
798 3281 940 3346 efficitur.
988 3281 1106 3345 Eodem
1139 3282 1272 3366 pertinet
1301 3281 1395 3346 dictio
1423 3279 1455 3346 εὑ

438 3402 586 3481 προὺττειν.

488 3524 559 3584 138.
594 3519 732 3601 ἐφάψατ’
767 3521 822 3605 Py.
848 3519 930 3584 VIII
956 3522 997 3581 86
1021 3517 1165 3600 ε’Φοὺψατο
1192 3519 1331 3600 τέχναις,
1361 3518 1451 3584 Nem.

438 3640 521 3705 VIII
545 3643 585 3705 60
614 3641 756 3712 κελεύθοις
780 3641 982 3723 ἐφαπτοίμαν.
1029 3637 1159 3724 Saepius
1184 3645 1286 3702 tamen
1311 3651 1381 3703 oum
1405 3663 1454 3724 ge-

438 3760 552 3838 nitivo,
577 3760 661 3824 velut
685 3760 734 3824 Ol.
757 3760 805 3823 IX
831 3763 869 3824 19
890 3760 965 3825 οὑτοι
983 3759 1199 3840 χαμαιπετέων
1219 3760 1314 3838 λόγων
1335 3758 1451 3842 §palpa

488 3883 559 3944 142.
595 3879 668 3945 Iaso.
705 3880 869 3965 Zeugmate
893 3880 951 3943 hoo
975 3879 1103 3944 verbum
1128 3878 1166 3942 ad
1191 3878 1340 3944 Oenomai
1361 3879 1454 3944 robur

438 4001 530 4065 etad
554 4000 689 4086 puellam
713 4001 860 4064 refertur:
886 4000 968 4084 cepit
992 3998 1201 4076 Oenomaum,
1231 3999 1250 4062 i.
1277 4022 1301 4062 e.
1328 4000 1401 4063 vicit
1424 4006 1455 4063 et

439 4121 608 4198 interfecit,
634 4121 715 4204 oepit
738 4143 808 4183 vero
832 4120 983 4204 virginem
1007 4120 1185 4205 conjugem,
1211 4119 1232 4182 i.
1254 4141 1279 4182 e.
1305 4118 1363 4182 sibi
1388 4140 1455 4202 pro-

438 4241 535 4325 priam
563 4241 739 4306 viudioavit.
786 4240 900 4304 Tamen
931 4264 969 4304 ne
993 4241 1025 4304 in
1048 4240 1105 4303 hae
1131 4239 1359 4303 constructione
1383 4237 1454 4301 Pin-

440 4360 513 4425 daro
545 4360 709 4425 absurdam
740 4361 874 4444 aliquam
900 4360 1048 4423 orationis
1075 4359 1284 4423 confusionem
1309 4357 1454 4422 obtruda-

440 4501 526 4558 mus,
558 4480 642 4569 quod
674 4480 778 4545 eodem
810 4480 901 4544 verbo
925 4480 1056 4544 maximo
1079 4478 1250 4556 contraria,
1276 4477 1397 4541 eaedem
1423 4485 1454 4541 et
