3767 5534
913 709 953 772 ⁷5

448 909 620 993 tuusstgendi
649 912 807 977 destituti:
841 909 888 972 his
912 917 1019 973 contra
1042 906 1235 972 venientibus
1259 912 1290 969 et
1313 904 1444 967 olaman-

453 1031 522 1094 tibus
545 1031 739 1118 respondero,
763 1051 828 1094 esse
851 1028 926 1091 baec

742 1149 887 1229 φωνᾶντα
908 1152 1074 1210 συνετοῖσιν·
1096 1147 1125 1215 ἐς

744 1265 829 1330 δὲτὸ
852 1268 913 1329 πᾶν
936 1263 1077 1343 ἑρμηνέων
1228 1238 1230 1244 ¹

741 1383 870 1464 χατίζεν

460 1503 567 1566 amca
590 1504 833 1585 intellipeolibco,
858 1502 889 1565 c‘n
912 1502 1016 1583 colpos
1038 1500 1168 1581 iodipent
1189 1498 1406 1581 111111111ᾱό11.
1421 1497 1447 1580 ¹)

460 1616 517 1683 Nou
533 1621 578 1687 ille
599 1622 720 1707 sapiens
742 1629 806 1699 est,
831 1621 885 1704 qui
909 1619 1053 1704 cognovit
1069 1640 1173 1681 omnes
1190 1617 1228 1681 de
1244 1615 1313 1681 Diis
1329 1614 1448 1679 tabulas

458 1759 486 1799 cc
507 1741 687 1819 traditiones,
727 1740 780 1805 sed
811 1739 865 1824 qui
896 1738 971 1823 quid
1003 1738 1159 1803 hominem
1182 1736 1220 1799 de
1243 1734 1311 1799 Diis
1335 1733 1448 1797 sentire

455 1857 584 1923 aedicere
607 1858 714 1923 deceat
736 1856 893 1942 iutelligit.
937 1856 1096 1941 Incipiens
1120 1856 1191 1933 ille,
1217 1855 1270 1940 qui
1292 1854 1447 1917 fortunam

453 1974 568 2043 solertiae
590 1983 745 2062 acceptam
767 1977 860 2041 refert
883 1982 1068 2061 cunctasque
1092 1974 1183 2039 callet
1198 1973 1323 2059 peritiae
1343 1972 1449 2035 huma·

452 2114 493 2158 uae
518 2096 595 2159 uias:
628 2094 682 2159 scd
713 2094 767 2159 ille
798 2094 992 2179 intelligens,
1025 2095 1079 2179 qui
1108 2114 1219 2177 magna
1242 2098 1273 2155 et
1296 2090 1448 2176 praeclara

451 2213 583 2299 suscipere
613 2213 706 2277 audet
737 2220 769 2277 et
791 2218 982 2297 perpetrare,
1008 2233 1094 2297 spem
1117 2232 1188 2275 vero
1213 2217 1243 2275 et
1267 2210 1449 2274 1111111111-

449 2334 523 2417 ponit
543 2334 577 2398 in
600 2332 679 2397 Diis.
692 2332 716 2417 ²)

478 2452 566 2537 Agite
590 2472 676 2528 vero,
703 2473 741 2515 an
761 2448 963 2527 attendimus,
981 2471 1073 2534 quum
1089 2448 1281 2512 diuinitatem
1297 2446 1449 2511 Pindarus

445 2568 551 2634 bomini
581 2569 697 2634 tribuat
719 2569 836 2654 ingenii
860 2592 895 2632 ae
918 2567 1067 2632 naturae?
1090 2565 1246 2631 Scelusam
1269 2567 1383 2652 quippe
1405 2566 1450 2629 ita

439 2689 619 2775 asuperbia‚
635 2695 672 2753 11
686 2687 852 2753 modestiae
867 2689 967 2752 omnis
983 2686 1216 2751 fundamentum
1232 2688 1282 2749 sit.
1318 2684 1447 2758 Sumus,

438 2807 550 2894 inquit,
578 2808 802 2872 immortalibus
825 2807 958 2884 similes,
984 2827 1168 2892 quamquam
1191 2805 1253 2870 diei
1275 2805 1368 2869 unius
1390 2811 1449 2868 ter-

435 2928 505 2991 mini
526 2927 637 3011 ignari.
684 2926 904 3011 Repetentibus
928 2926 1115 3010 cogitatione
1138 2947 1186 3002 ea,
1209 2948 1285 3010 quae
1301 2924 1339 2988 de
1355 2924 1451 2988 conti-

434 3044 533 3108 nentia
557 3043 726 3107 secundum
749 3043 917 3108 Pindarum
932 3043 1126 3127 scripsimuS,
1143 3049 1223 3107 certe
1239 3042 1446 3119 recordamur,

434 3184 519 3247 quam
535 3162 612 3225 baec
626 3163 778 3248 ignoratio
794 3163 891 3226 futuri
907 3184 1028 3226 omnem
1043 3168 1179 3226 nostram
1190 3162 1447 3238 imbecillitatem,

433 3280 643 3365 fragilitatem,
674 3279 893 3345 mortalitatem
920 3282 1084 3345 contineat.
1119 3283 1224 3365 Atque
1245 3282 1279 3345 11
1297 3268 1360 3344 1111
1382 3281 1449 3364 ipsa

432 3406 535 3465 rostra
565 3398 776 3463 imbecillitate
807 3400 1018 3485 cognoscenda
1049 3408 1080 3465 et
1110 3401 1282 3466 confitenda
1304 3400 1448 3465 facillime

433 3519 569 3583 omnium
592 3516 739 3582 fallimur:
765 3540 821 3582 sua
843 3541 994 3605 quemque
1016 3526 1128 3584 temere
1151 3519 1265 3605 decipit
1289 3519 1447 3618 superbia:

432 3637 518 3701 testis
550 3641 598 3700 eat
628 3637 727 3701 omnis
757 3636 903 3701 historia:
936 3644 968 3701 et
998 3645 1101 3702 temen
1133 3639 1298 3723 superbum
1329 3660 1393 3702 esse
1418 3644 1449 3701 et

432 3755 565 3841 quadam
588 3755 732 3839 opinione
756 3758 803 3820 sui
826 3756 941 3835 efferri,
967 3758 1042 3836 hoc,
1068 3760 1094 3822 si
1118 3758 1192 3843 quid
1209 3758 1307 3836 aliud,
1324 3759 1449 3822 mentiri

433 3880 479 3937 est
501 3880 534 3937 et
556 3872 693 3937 aberrare
716 3896 734 3937 a
756 3897 837 3938 vero.
884 3875 1024 3959 Igiturne
1047 3876 1198 3941 Pindarus
1219 3877 1335 3961 ingenii
1350 3877 1448 3941 nostri

431 3993 649 4077 praestantiam
679 3994 723 4057 ita
750 3993 789 4057 ad
819 3993 902 4058 Deos
932 3995 1056 4073 retulit,
1089 4004 1125 4059 ut
1155 4018 1217 4060 una
1243 3995 1448 4081 intelligentia

431 4111 495 4175 veri
529 4132 587 4174 nos
621 4133 692 4174 cum
726 4111 830 4176 divina
860 4120 971 4177 natura
1002 4114 1180 4199 copularet?
1221 4115 1371 4201 Hoeeine¹
1390 4116 1448 4180 sibi

465 4419 491 4480 1)
514 4417 579 4467 Ibid.
604 4418 660 4467 152.
778 4419 975 4485 1101111199.
994 4421 1039 4480 59,
1060 4422 1100 4472 90.
1136 4423 1228 4489 Propon.
1245 4423 1308 4487 apud
1326 4424 1449 4488 Heynium

434 4516 485 4566 Iac.
503 4514 547 4574 99,
565 4513 627 4578 apud
645 4514 794 4565 Boeolshiom
812 4516 898 4566 Paean.
918 4518 958 4566 10.
