3767 5534
1022 696 1086 757 544

548 893 688 957 maximis
719 891 867 991 Graeciae
895 893 977 957 ludis
1010 892 1154 958 dieantur
1176 895 1423 979 longinquiorem
1447 895 1559 959 habere

548 1011 658 1074 lamam
675 1033 768 1095 quam
783 1011 950 1075 domestice
965 1007 1090 1096 suisque
1106 1011 1219 1076 finibus
1235 1014 1397 1076 terminata
1409 1010 1558 1077 Hellotia.

548 1128 659 1191 Futuri
685 1128 783 1191 forma
805 1126 925 1208 ἕψονται
950 1136 996 1191 est
1019 1119 1251 1213 significationis
1274 1130 1452 1193 universae:
1477 1132 1557 1195 coni.

516 1235 518 1238 ¹
547 1244 597 1310 Ol.
622 1245 671 1309 XI
698 1248 737 1309 14
760 1246 864 1329 ibique
887 1247 1055 1310 annotatio.

593 1367 645 1428 61.
680 1364 882 1443 ἀριστεύσατε.
918 1363 1091 1449 Compellet
1125 1364 1324 1442 Thessalum,
1358 1387 1472 1449 eosque
1504 1366 1557 1449 qui

546 1492 700 1566 praeterea
722 1482 813 1545 modo
836 1484 995 1546 memorati
1019 1491 1101 1547 sunt.

592 1602 644 1663 62.
679 1599 810 1679 δηρίομαι
836 1624 864 1665 κ.
888 1624 918 1664 r.
942 1614 970 1665 λ.
1006 1599 1086 1664 Cum
1109 1600 1215 1664 multis
1239 1601 1424 1666 contendere
1448 1601 1556 1680 velim,

546 1741 608 1782 uon
625 1718 853 1803 superabuntur
868 1717 902 1781 hi
917 1738 936 1779 a
951 1717 1059 1782 multis>
1069 1718 1266 1782 victoriarum
1277 1741 1415 1784 numero.
1441 1718 1556 1784 Verum

545 1844 581 1898 ut
604 1840 745 1898 aeourate
768 1854 930 1897 numerum
954 1855 1024 1899 eum
1047 1833 1164 1911 dicam,
1188 1834 1221 1897 id
1241 1833 1338 1898 faeere
1354 1856 1417 1899 non
1433 1842 1554 1919 potero,

545 1951 699 2037 quomodo
729 1950 919 2015 calculorum
941 1950 981 2014 ad
1003 1971 1086 2014 mare
1109 1973 1357 2015 uumerumnon
1381 1952 1553 2015 definivero.

545 2069 586 2132 Et
610 2069 773 2133 subsistam
796 2069 828 2132 in
852 2068 889 2130 iis
912 2067 1059 2131 laudibus
1079 2067 1283 2133 celebrandisz
1301 2076 1347 2132 est
1362 2068 1498 2152 cujusvis
1512 2068 1555 2131 rei

537 2185 710 2269 aliquando
734 2184 860 2249 modus:
885 2206 974 2270 quem
1001 2186 1095 2262 seire,
1120 2184 1152 2248 id
1176 2192 1222 2249 est
1244 2186 1391 2270 optimam
1411 2194 1554 2270 opportu-

543 2299 672 2367 nitatem
695 2304 791 2387 sequi.

591 2423 643 2487 67.
678 2419 792 2486 ἕπεται.
827 2419 1019 2484 Conveniens
1043 2429 1099 2507 est.
1146 2419 1449 2484 consonum.

590 2543 642 2603 69.
680 2540 818 2610 σταλείς.
848 2518 1032 2601 Adveniens.
1078 2536 1172 2622 Soph.
1196 2540 1247 2623 Aj.
1272 2541 1337 2601 328

813 2656 920 2720 τούτων
942 2652 1115 2734 γὰρ·οὸνεκ’
1137 2654 1275 2730 ἐστάλην.

544 2773 652 2858 Eurip.
676 2772 774 2837 Andr.
799 2774 862 2835 251
887 2768 974 2852 οὗπερ
997 2769 1085 2836 οὕνεκ’
1107 2770 1244 2847 ἐστάλην.

590 2894 642 2955 69.
676 2889 743 2962 ἴδιος
767 2891 796 2954 ἐν
819 2892 908 2970 κοινῷ.
942 2888 1117 2952 Scholiasta
1135 2896 1240 2953 votus:
1265 2890 1321 2968 οὐχ
1343 2892 1388 2961 ὦς’
1403 2888 1551 2970 &addente

542 3034 586 3081 τις
608 3006 680 3073 ἀλλ’
702 3010 738 3079 ὥς
761 3005 829 3079 ἴδιος
852 3007 901 3072 καὶ
925 3005 1012 3079 κοινὸς
1034 3006 1065 3069 ἐν
1087 3007 1168 3085 daia:
1185 3013 1216 3069 et
1230 3005 1320 3070 alter:
1337 3007 1388 3071 οὐκ
1402 3006 1551 3087 ὦλλότριδς

541 3148 588 3199 τις
610 3127 681 3189 ἀλλ’
704 3127 820 3200 οἰκεῖος,
843 3126 894 3190 οὐκ
915 3122 983 3195 ἴδιος
1006 3123 1035 3188 δὲ
1058 3123 1253 3200 sardarium.
1300 3122 1441 3188 Fortasse
1461 3124 1550 3189 bene:

541 3238 687 3303 Corinthi
710 3214 822 3302 laudes
850 3239 895 3301 ita
921 3259 1043 3315 amans,
1067 3244 1103 3300 ut
1125 3260 1175 3302 eas
1199 3237 1238 3301 ad
1260 3259 1293 3301 se
1315 3258 1440 3321 quoque
1463 3237 1552 3322 perti·

541 3379 613 3421 nere
636 3356 799 3420 existimet.
836 3354 949 3420 Adhuc
972 3365 1074 3420 tamen
1098 3356 1188 3419 eredo
1212 3355 1337 3419 Poetam
1362 3355 1550 3441 significare,

541 3497 577 3539 se
596 3474 756 3538 voluntate
779 3495 835 3537 sua
857 3480 888 3537 et
909 3481 1007 3538 marte
1025 3495 1082 3537 suo
1097 3474 1239 3538 advenire
1256 3473 1334 3537 etin
1348 3495 1381 3537 re
1397 3473 1552 3538 communi

542 3593 663 3657 versari.
698 3593 749 3656 Ita
771 3593 845 3655 haee
868 3613 939 3655 eum
961 3591 1159 3675 sequentibus
1183 3591 1297 3675 pariter
1320 3596 1350 3654 et
1371 3591 1552 3675 praeceden-

540 3712 624 3777 tibus
658 3711 832 3775 cohaerent.
878 3707 989 3803 Studio
1021 3730 1077 3772 suo
1108 3707 1278 3793 obsequens
1305 3707 1414 3771 laudes
1439 3709 1551 3773 domus

540 3830 664 3893 viatoris
686 3827 888 3913 praedicavit:
913 3848 970 3890 suo
993 3827 1116 3910 ingenio
1139 3825 1265 3889 modum
1285 3826 1313 3889 ei
1328 3825 1550 3909 praedicationi

541 3946 668 4010 statuit:
700 3968 769 4009 nam
800 3944 896 4010 Koraia
924 3942 1049 4007 videtur
1077 3964 1143 4007 esse
1173 3941 1223 4019 id,
1256 3941 1340 4025 qnod
1370 3943 1411 4006 sit
1442 3943 1550 4008 victori

538 4063 668 4148 ejusque
699 4062 815 4146 patriae
846 4082 1025 4125 commune:
1061 4059 1214 4144 quomodo
1245 4057 1295 4124 Ol.
1319 4058 1368 4123 IX
1393 4061 1453 4124 15:
1477 4082 1551 4145 qua·

540 4189 664 4264 propter
694 4180 816 4243 victoris
847 4180 975 4263 ejusque
997 4178 1107 4242 domus
1127 4178 1192 4263 jam
1214 4175 1306 4241 laude
1329 4177 1488 4262 proposita
1510 4176 1551 4242 ad

540 4298 698 4381 antiquam
721 4296 821 4381 pergit
843 4296 975 4360 civitatis
999 4295 1146 4379 gloriam:
1171 4302 1201 4359 et
1221 4295 1284 4380 jam
1299 4294 1389 4358 initio
1406 4296 1550 4359 carminis

542 4424 702 4497 utramque
725 4413 893 4499 conjunxit.
911 4448 913 4451 ·
930 4411 1050 4476 Dividit
1072 4419 1176 4475 autem
1199 4409 1319 4476 consilii
1341 4409 1498 4475 solertiam
1520 4420 1551 4475 et
