3767 5534
989 741 1052 800 344

514 939 539 1001 si
571 938 648 1003 duae
678 940 820 1004 victoriae
851 940 976 1003 fuerunt
1009 939 1116 1003 eodem
1150 947 1302 1024 tempore,
1326 960 1388 1002 non
1412 936 1525 1000 diserte

513 1065 630 1121 tantam
653 1065 717 1123 tam
739 1041 879 1123 eximiam
902 1058 1024 1122 landem
1048 1081 1066 1120 a
1088 1057 1183 1122 Poeta
1205 1057 1300 1122 fuisse
1321 1056 1521 1120 celebratam:

514 1185 568 1240 aut
590 1179 616 1240 si
639 1177 734 1241 altera
757 1177 920 1263 praecessit
943 1178 1085 1255 alteram,
1112 1200 1174 1242 non
1198 1176 1365 1262 posteriore
1388 1175 1522 1240 carmine

515 1297 607 1360 etiam
628 1298 759 1382 priorem
783 1297 905 1362 laudem
929 1297 967 1362 ab
991 1320 1026 1361 eo
1049 1298 1142 1361 luisse
1158 1303 1435 1361 commemoratam.
1464 1292 1523 1357 Ve-

514 1440 581 1481 rum
605 1418 636 1481 in
660 1417 807 1482 ambobus
830 1418 1015 1482 carminibus
1039 1419 1083 1481 ita
1106 1418 1210 1482 eodem
1234 1440 1357 1502 prorsus
1373 1408 1466 1481 modo
1483 1415 1522 1479 ad

514 1538 648 1601 recentia
677 1536 854 1602 Camarinae
886 1538 1073 1602 incrementa
1102 1537 1280 1622 respicitur,
1313 1546 1349 1600 ut
1376 1557 1523 1621 perquam

516 1655 637 1720 difficile
669 1656 726 1734 sit,
760 1679 794 1720 ea
822 1665 958 1742 tqmpore
987 1665 1125 1742 separata
1147 1657 1241 1720 fuisse
1266 1655 1439 1719 existimare
1485 1654 1527 1717 In

515 1782 598 1839 totns
626 1776 714 1860 qnasi
743 1776 826 1840 color
857 1776 1019 1860 utriusque
1050 1775 1284 1861 est'ejusmodi‚
1312 1783 1348 1838 ut
1370 1773 1408 1838 ad
1432 1795 1526 1838 unam

516 1892 703 1979 eandemque
726 1894 884 1959 victoriam
907 1894 1139 1972 celebrandam,
1164 1894 1202 1958 ad
1227 1893 1353 1958 eandem
1377 1900 1408 1956 et
1431 1892 1527 1955 Psan-

516 2008 606 2073 midis
635 2018 665 2072 et
696 1996 875 2074 Camerinus
901 2009 1023 2073 laudem
1047 2010 1212 2075 ornandam
1236 2010 1419 2096 pertinuisse
1444 2009 1526 2073 vide·

517 2138 617 2191 untur.
665 2126 721 2191 Est
754 2129 786 2191 in
821 2138 953 2213 utroque
989 2124 1114 2193 Pindari
1149 2138 1212 2193 arte
1247 2152 1388 2214 expressa
1419 2128 1526 2192 eadem

517 2246 640 2309 victoris
663 2247 780 2331 imago,
805 2247 1061 2334 laetantis-patria
1076 2270 1179 2312 recens
1195 2248 1333 2326 condita,
1351 2246 1527 2332 adjuvantis

518 2388 601 2441 eam,
633 2366 779 2429 omentis.
826 2364 892 2430 Nec
923 2366 1093 2452 quidquam
1125 2367 1183 2451 ipsi
1213 2366 1380 2431 sententiae
1404 2365 1442 2429 de
1466 2387 1529 2429 una

518 2484 644 2547 victoria
666 2482 769 2549 deesse
792 2485 928 2549 videtur:
953 2486 1056 2550 obstat
1078 2486 1176 2550 solum
1199 2486 1358 2570 inscriptio
1383 2485 1525 2548 carminis

518 2603 636 2687 quinti,
661 2625 752 2687 quam
775 2604 970 2689 rejiciendam
994 2626 1058 2669 esse
1078 2606 1141 2690 jam
1162 2604 1298 2668 ostendi:
1320 2613 1350 2668 et
1365 2604 1525 2687 inscriptio

518 2723 659 2787 carminis
690 2724 807 2807 quartis
840 2746 918 2808 quae
946 2723 1067 2808 quidem
1099 2724 1172 2788 satis
1203 2725 1329 2808 antiqua
1355 2724 1450 2787 luisse
1474 2744 1527 2807 po·

518 2850 594 2921 test,
625 2844 651 2906 si
683 2843 808 2907 fortasse
836 2844 900 2928 jam
927 2854 994 2907 tum
1016 2844 1094 2921 fuit,
1118 2865 1213 2927 quum
1237 2844 1381 2927 quintum
1404 2865 1526 2907 carmen

518 2962 654 3026 nondum
680 2963 714 3025 in
737 2961 923 3026 editionibus
948 2962 1071 3026 Pindari
1094 2969 1250 3047 receptum
1275 2969 1361 3026 esset.
1398 2961 1528 3025 Verum·

519 3089 619 3146 tamen
643 3080 680 3145 de
703 3104 739 3145 ea
760 3082 828 3166 ipsa
850 3082 1033 3165 antiquitate
1056 3104 1118 3145 non
1142 3088 1277 3146 constat:
1302 3082 1383 3145 etin
1400 3080 1528 3166 inscrip

519 3200 655 3265 tionibus
684 3199 782 3264 multa
814 3201 852 3265 ab
885 3200 1053 3265 editoribus
1085 3200 1132 3264 vel
1155 3199 1443 3264 commentatoribus
1464 3200 1528 3284 jam

519 3319 592 3383 olim
624 3319 748 3383 arbitrio
780 3301 836 3383 suo
859 3320 930 3383 ficta
953 3327 984 3383 et
1007 3320 1179 3404 excogitata
1203 3341 1284 3396 esse,
1309 3329 1375 3383 tum
1401 3340 1437 3382 ex
1460 3319 1528 3403 ipso

519 3438 643 3521 quintu,
672 3446 738 3501 tum
761 3460 777 3501 c
800 3440 890 3502 tertio
914 3447 945 3502 et
967 3445 1073 3503 octavo
1097 3439 1228 3506 carmine
1252 3445 1350 3523 patet:
1375 3438 1468 3501 etiam
1492 3459 1529 3500 ex

519 3556 691 3639 undecimo.
726 3556 800 3621 Non
823 3558 918 3642 igitur
941 3565 1061 3622 tantum
1086 3559 1114 3622 ei
1129 3556 1221 3622 titulo
1236 3558 1354 3635 tribuo,
1372 3568 1408 3620 ut
1423 3578 1529 3620 verum

520 3698 585 3739 esse
619 3669 698 3739 non¹
718 3676 840 3740 credam
871 3676 921 3753 id,
955 3676 1036 3759 quod
1069 3699 1174 3741 verum
1206 3698 1270 3740 esse
1299 3676 1366 3760 ipsa
1395 3676 1529 3739 carmina

520 3794 645 3858 suadere
669 3794 819 3858 videntur.

563 3912 601 3977 In
626 3914 758 3977 carmine
781 3914 890 3996 quinto
914 3916 1076 4000 praecipue
1099 3920 1284 3978 memoratur
1306 3915 1419 3995 ἀπήνη,
1445 3912 1530 3998 quod

520 4041 566 4096 est
588 4033 722 4098 solemne
746 4033 859 4108 rhedae
881 4033 1007 4098 molaris
1023 4040 1134 4098 nomen
1150 4034 1183 4098 in
1198 4034 1236 4097 iis
1252 4032 1349 4097 ludis:
1368 4034 1398 4097 in
1416 4040 1529 4117 quarto

519 4174 580 4216 uon
604 4160 807 4231 memoratur,
831 4152 884 4217 sed
907 4176 941 4216 vs
969 4155 1007 4216 19
1032 4153 1117 4233 ὄχεα.
1153 4152 1194 4215 Et
1216 4151 1274 4216 hoc
1297 4150 1420 4236 quidem
1444 4172 1530 4215 voca·

520 4270 626 4334 bulum
658 4271 740 4355 apud
772 4271 940 4336 Homerum
972 4294 1106 4357 semper,
1139 4265 1289 4356 quantum
1319 4271 1460 4348 memini,
1491 4270 1529 4333 de

520 4411 610 4453 curro
639 4390 726 4475 equis
754 4391 862 4475 juncto
894 4392 1035 4474 p'onitnr:
1067 4390 1122 4455 abi
1151 4390 1188 4454 de
1215 4389 1307 4454 mulis
1338 4411 1436 4453 sermo
1464 4396 1528 4466 est,

520 4506 629 4585 dacia
659 4507 788 4587 dicitur,
821 4509 858 4576 Il.
891 4509 1000 4576 XXIV
1035 4513 1112 4588 150,
1148 4513 1228 4585 179,
1267 4510 1345 4587 189,
1371 4510 1455 4586 266,
1480 4508 1527 4574 vel
