3767 5534
920 701 986 765 418

452 922 526 987 gara
549 902 758 982 condiderint,
784 903 895 988 partim
918 902 1062 968 Rhodum
1088 905 1200 970 abiisse
1222 906 1317 974 dicit:
1342 932 1379 975 aa
1395 932 1466 976 vero

450 1023 618 1105 posteriora
640 1023 734 1087 luisse
756 1024 811 1101 iis,
837 1046 915 1108 quae
939 1024 977 1089 ab
1002 1023 1136 1088 Homero
1160 1036 1323 1091 narrentur
1339 1028 1377 1093 de
1393 1029 1464 1095 Tlo-

450 1139 588 1223 polemo:
620 1164 676 1205 nec
706 1140 876 1227 Tlepolemi
907 1142 1077 1221 coloniam,
1110 1143 1147 1208 ab
1172 1143 1306 1209 Homero
1330 1168 1463 1213 comme·

448 1265 613 1337 moratam,
638 1262 702 1325 sive
725 1278 760 1324 ea
783 1261 909 1324 Aeolica
932 1269 963 1325 et
986 1261 1132 1326 Boeotico
1155 1262 1266 1343 fuerit,
1291 1266 1355 1329 sive
1371 1268 1465 1352 Argis

446 1387 477 1442 et
504 1381 651 1469 Tirynthe
674 1381 828 1464 profecta,
853 1379 996 1443 Doricam
1020 1380 1236 1479 appellandam
1260 1405 1341 1461 esse,
1365 1405 1463 1469 quum

445 1510 516 1566 ante
550 1498 785 1565 Heraclidarum
820 1497 961 1561 reditum
997 1497 1100 1563 fuerit.
1146 1499 1261 1564 Tamen
1293 1500 1463 1588 Tlepolemi

444 1620 597 1684 coloniam
623 1640 686 1681 non
708 1622 829 1680 tantum
853 1614 950 1679 fuisse
974 1614 1123 1695 affirmat,
1149 1637 1254 1681 verum
1278 1620 1371 1683 etiam
1395 1591 1462 1685 eam

443 1739 537 1802 fuisso
560 1734 813 1801 Heraclidamm':
838 1733 894 1797 illa
916 1733 956 1797 de
980 1733 1183 1800 Doriensibus
1199 1736 1321 1818 νεώτερα
1336 1743 1392 1802 τῶν
1409 1738 1462 1822 ὑφ’

442 1859 569 1937 Ὀμήρου
592 1855 759 1933 λεγομένων
782 1854 854 1919 ἐστί.
903 1852 999 1924 Κνίδος
1024 1854 1078 1929 μὲν
1103 1854 1136 1928 tt
1160 1855 1210 1919 aa>
1234 1856 1463 1937 Ἁλικαρνασσὸς

442 1973 497 2040 οὐδ’
521 1972 553 2050 ἦν
577 1998 632 2039 ao.
677 1972 775 2062 Ῥόδος
799 1971 823 2035 δ’
849 1968 881 2047 ἦν
903 1972 953 2035 aa>
977 1976 1058 2053 Κῶς,
1083 1972 1155 2035 ἀλλ’
1178 1972 1278 2053 ᾠκεῖτο
1303 1974 1357 2057 ὑφ’
1380 1978 1463 2055 Ἡρα.

443 2089 566 2157 κλειδῶν.
611 2090 811 2167 Τληπόλεμος
851 2089 905 2166 μὲν
940 2085 987 2153 οὖν
1021 2088 1167 2167 ἀνδρωθεὶς

711 2208 827 2272 Αὐτίκα
850 2206 960 2285 πατρὸς
984 2205 1036 2270 ἑοῖο
1059 2231 1089 2273 κ.
1113 2231 1142 2271 r.
1166 2222 1196 2273 a.

442 2326 618 2391 Herodotus
640 2325 677 2389 L.
703 2324 767 2389 VII
792 2329 833 2388 93
859 2324 1025 2388 Dorienses
1040 2324 1083 2387 'in
1107 2325 1181 2388 Asia
1197 2325 1371 2391 habitantes
1388 2327 1463 2392 dicit

441 2468 505 2510 esse
536 2455 574 2510 >eli
606 2437 837 2529 Peloponneso:
870 2444 952 2507 idem
976 2467 1002 2509 c.
1027 2449 1068 2509 99
1093 2445 1241 2529 quasdam
1264 2465 1359 2531 prope
1383 2444 1463 2511 Rho

440 2565 515 2628 dum
538 2565 612 2627 sitas
636 2564 774 2627 civitates
798 2564 908 2647 p'artim
925 2562 1085 2647 Epidauro
1102 2564 1227 2649 repetit,
1244 2564 1358 2649 partlm
1373 2562 1462 2628 Troe
1541 2563 1546 2574 '

440 2705 529 2747 aene:
560 2684 658 2767 ipsam
691 2680 835 2745 Rhodum
866 2680 1002 2766 appellat
1035 2681 1250 2759 Doriensium,
1274 2680 1312 2745 L.
1338 2679 1403 2745 VH
1426 2680 1460 2745 0.

443 2803 522 2867 178:
547 2809 578 2865 et
600 2800 795 2886 Thucydides
820 2798 856 2863 L.
882 2798 947 2863 VII
973 2802 1012 2865 57
1038 2799 1175 2864 Rhodios
1200 2800 1276 2864 dicit
1296 2790 1460 2864 Dorienses

403 2936 405 2938 '
441 2921 570 3004 Argivos
601 2941 720 3003 genere.
757 2917 873 2981 Verum
904 2917 1077 2982 Muellerus
1109 2917 1301 3003 Epidaurum
1325 2918 1460 3001 quodam

440 3058 540 3100 amore
555 3036 767 3121 amplectitur:
786 3035 930 3100 Doricam
945 3035 1098 3100 coloniam
1114 3057 1198 3113 eam,
1217 3056 1295 3119 quae
1308 3044 1416 3120 postea
1428 3036 1460 3100 in

439 3153 492 3218 illa
523 3139 613 3219 Asiae
645 3154 712 3218 loca
741 3155 839 3232 venit,
873 3154 959 3238 prius
992 3153 1183 3237 aliquamdiu
1205 3152 1356 3238 Epidauri
1379 3171 1460 3218 com·

438 3283 587 3337 moratam
610 3274 720 3351 fuisse,
745 3273 864 3336 cultum
888 3263 1068 3357 Aesculapii
1091 3271 1255 3335 adscivisse
1278 3272 1365 3336 dicit.
1410 3271 1459 3335 Ita

436 3392 469 3454 in
500 3392 537 3456 iis
565 3391 639 3455 locis
664 3391 814 3455 exstitisse
838 3398 945 3475 gentes
971 3389 1203 3454 Heraclidarum
1230 3397 1261 3454 et
1285 3390 1459 3476 Aesclcpia·

436 3509 555 3574 darum.
602 3510 669 3575 Nec
689 3521 764 3575 sane
787 3532 844 3595 ego
868 3529 1039 3595 negavero,
1064 3508 1194 3572 Doricos
1217 3508 1362 3587 colonos,
1386 3530 1456 3587 eos,

437 3652 514 3713 quos
543 3629 652 3695 Strabo
676 3640 843 3708 memorat,
867 3628 1013 3694 Rhodum
1037 3637 1143 3713 postea
1165 3628 1293 3693 venisse.
1343 3627 1456 3692 Verum

435 3748 647 3835 Tlepolemum
670 3772 705 3814 eo
727 3751 812 3835 prius
835 3771 898 3812 non
921 3749 1113 3834 pervenisse,
1135 3749 1261 3833 ejusque
1277 3747 1389 3811 lamam
1405 3746 1454 3811 ad·

435 3876 543 3932 ventus
560 3876 665 3953 postea
679 3866 899 3931 traditionibus
915 3865 1061 3930 insertam
1077 3865 1172 3930 fuisse
1183 3865 1260 3929 dicit
1272 3864 1453 3943 Muellerus,

435 4007 532 4070 quum
553 3988 617 4072 jam
640 3986 732 4071 Argis
756 3984 937 4049 Heraclidae
961 3984 1026 4062 illi,
1052 3983 1106 4069 qui
1129 3983 1302 4068 expressius
1327 3982 1454 4046 Dorien-

433 4127 480 4168 ses
503 4091 649 4191 sppellati
673 4102 766 4183 suut,
783 4105 869 4189 prius
885 4103 1097 4189 Epidaurum,
1114 4101 1226 4167 deinde
1241 4102 1274 4165 in
1290 4100 1345 4165 ills
1361 4101 1452 4165 Asiae

430 4222 498 4287 loca
529 4223 748 4309 peruenissent.
784 4205 909 4287 vemm'
933 4219 1057 4286 difficile
1088 4227 1134 4285 est
1164 4219 1311 4305 probare,
1344 4220 1371 4284 si
1397 4220 1451 4304 qni

431 4348 539 4425 postea
560 4340 706 4406 Rhodum
731 4342 834 4406 coloni
859 4348 1029 4417 venerunt,
1053 4340 1167 4405 idcirco
1182 4340 1267 4426 prius
1283 4338 1450 4425 Tlepolemi

431 4460 582 4526 coloniam
609 4480 645 4525 eo
667 4481 730 4525 non
754 4460 936 4546 peruenisse.
973 4459 1015 4522 Et
1038 4460 1164 4523 omnlno
1180 4462 1321 4544 argutius
1337 4468 1368 4524 et
1383 4480 1451 4523 con·
