3767 5534
1004 745 1067 809 378

414 983 417 990 -
528 944 665 1020 τάννοον,
697 945 784 1021 ἤγουν
815 942 957 1022 itureos,
983 950 1015 1014 τὸ
1046 947 1128 1042 τόξ’ρν
1158 946 1301 1023 δηλονότι,
1328 950 1393 1014 άντὶ
1417 956 1468 1015 τοῦ
1492 948 1540 1015 ἐστὶ

528 1066 579 1136 τὴν
609 1064 802 1144 Ἀκράγαντα
832 1066 966 1132 άτότεονε
996 1069 1044 1132 τόν
1074 1068 1170 1144 λόγον.
1218 1068 1260 1130 At
1290 1068 1322 1130 in
1355 1077 1472 1147 vetere,
1506 1069 1539 1132 in

529 1184 615 1267 cujus
646 1182 788 1248 lemmate
819 1192 866 1248 est
887 1185 1046 1257 τανόσανςι
1071 1186 1118 1251 ἐστὶ
1144 1186 1248 1251 σκοπὸν
1272 1188 1323 1260 τὴν
1345 1186 1541 1267 Ἀκράγαντα

528 1302 624 1375 τείνας
656 1303 689 1367 τό
719 1301 801 1379 τόξον
823 1306 887 1381 μεθ’
910 1282 1090 1383 όρκονλέγα
1113 1304 1146 1368 τὸ
1169 1304 1273 1381 άλκόὲς
1296 1306 1346 1369 καὶ
1369 1307 1540 1388 άντοφανοῦ-

528 1445 592 1498 μαι.
641 1421 686 1485 Eo
717 1430 819 1487 autem
849 1423 916 1487 loco
946 1423 1038 1487 multi
1061 1424 1237 1489 existimant
1260 1446 1325 1487 esse
1348 1424 1539 1508 optativum:

528 1540 640 1624 quibus
672 1563 727 1625 ego
758 1565 819 1606 non
850 1544 1017 1621 assentior:
1050 1543 1102 1607 sed
1133 1543 1259 1607 formam
1288 1566 1347 1614 -ανς
1372 1553 1475 1608 tamen
1498 1542 1540 1608 ibi

529 1671 652 1745 propter
674 1659 769 1727 libros
792 1662 982 1726 retinendam
1006 1662 1156 1727 existimo.
1190 1660 1242 1725 ΙΠ
1266 1664 1307 1724 28
1331 1662 1401 1726 libri
1425 1660 1542 1727 habent

529 1779 649 1857 τείσας,
674 1787 796 1842 tantum
817 1780 856 1843 in
874 1779 959 1843 Gott.
985 1787 1031 1843 est
1054 1780 1167 1850 τείσανς
1191 1802 1208 1842 a
1231 1785 1352 1843 recente
1372 1802 1475 1843 mann.
1501 1778 1539 1844 In

529 1899 610 1962 notis
642 1898 753 1962 criticis
783 1900 859 1963 haec
890 1921 1039 1983 exponere
1069 1898 1246 1984 imprudens
1277 1898 1484 1984 praetermisi,
1510 1905 1539 1963 et

529 2017 593 2102 ipse
624 2017 656 2081 in
687 2023 774 2081 textu
797 2017 867 2081 dedi
890 2043 971 2094 -ανς,
996 2017 1079 2102 quod
1103 2024 1272 2082 correctum
1295 2017 1386 2082 velim
1411 2018 1444 2081 in
1467 2042 1537 2093 -ας,

529 2135 581 2199 ΠΙ
613 2139 650 2212 5,
684 2138 744 2214 28,
777 2137 827 2201 hic
849 2137 896 2201 VI
922 2140 974 2202 10.
1020 2136 1070 2201 01.
1095 2136 1143 2201 IX
1175 2139 1215 2200 at
1244 2139 1374 2213 αἰνήσαις
1398 2137 1541 2201 existimo

530 2277 595 2319 esse
618 2255 798 2339 optativum.
1039 2321 1044 2332 ,

577 2375 629 2436 10.
665 2372 820 2453 ε’τοκάρσας
842 2374 971 2455 άφόόνονν
995 2398 1021 2439 κ.
1045 2399 1073 2441 τ.
1098 2389 1127 2440 λ.
1163 2373 1217 2458 Py.
1241 2373 1271 2437 X
1295 2375 1335 2437 31

795 2496 848 2569 Mt
871 2497 1020 2576 Φόονεραῑς
1045 2496 1078 2559 ἐκ
1099 2495 1165 2558 θεῶν

797 2614 1017 2693 Μετατροτόανς
1040 2612 1228 2691 ἐπικύρσαιεν.

532 2730 778 2795 Constructionis
802 2731 894 2817 hujus
918 2731 1002 2796 verbi
1026 2731 1131 2795 addita
1153 2730 1377 2815 praepositione
1399 2732 1428 2794 ἐν
1445 2750 1542 2792 exem·

531 2849 617 2933 plum
647 2871 709 2914 non
741 2851 822 2914 novi.
869 2851 949 2915 Sunt
979 2858 1097 2928 tamen,
1131 2850 1184 2935 qui
1207 2848 1265 2914 hoc
1288 2848 1355 2911 loco
1379 2848 1407 2912 ἐν
1430 2848 1540 2918 άονδαῖς

530 2970 717 3053 conjungant
741 2992 811 3033 cum
834 2972 1008 3051 ε’τνκόρσαε,
1033 2976 1124 3055 atque
1147 2970 1212 3054 ipse
1235 2969 1267 3033 in
1290 2968 1541 3052 interpretatione

528 3087 640 3153 Latina
663 3112 729 3153 eam
753 3090 934 3153 sententiam
958 3087 1080 3153 secutus
1104 3111 1182 3152 sum.
1229 3086 1416 3152 Scholiastae
1432 3087 1541 3171 geniti·

528 3230 601 3271 vum
623 3212 747 3272 τοκετῶν
770 3229 840 3272 cum
864 3230 898 3271 eo
922 3195 1084 3291 participio
1105 3208 1257 3291 jungunt:
1291 3212 1394 3269 vetus:
1418 3204 1486 3285 οὐχ)
1511 3189 1552 3288 δὲ’Ι

528 3326 637 3396 παντὸς
661 3325 697 3391 άν
721 3325 832 3409 (ὕμνον)
855 3327 935 3407 τόχρ
956 3332 1012 3390 τῶν
1036 3332 1158 3391 πολιτῶν
1182 3348 1219 3402 γε
1238 3326 1270 3399 δὴ
1291 3327 1388 3406 τυχὼν
1408 3325 1540 3405 άφόόνονν

530 3448 559 3509 ἐν
591 3448 632 3525 τῷ
669 3447 834 3522 ὑμνεῖσόαος
869 3445 1036 3510 recentior:
1069 3446 1243 3524 ἑτοκόρσας,
1275 3445 1362 3521 ἤγονν
1393 3444 1539 3523 ἐπιτυχὼν

429 3557 431 3562 ’
530 3569 652 3629 τοκετῶν
676 3567 707 3628 οὐ
729 3564 911 3644 Φόονοόντων.
959 3565 1000 3628 Et
1023 3572 1103 3629 certe
1127 3586 1162 3627 ea
1185 3564 1371 3627 constructio
1395 3570 1441 3627 est
1456 3562 1538 3647 opud

529 3682 733 3767 Aeschylum,
757 3660 840 3747 Persi
866 3686 929 3746 852
954 3684 1095 3761 μεγάλας
1117 3683 1237 3760 άγοοόάς
1261 3707 1294 3747 τε
1313 3680 1539 3758 τολάοσοονόμον

529 3799 632 3877 βιοτάς
668 3801 877 3881 ἐπεκύρσαμεν.
924 3801 1038 3866 Melius
1073 3813 1175 3865 tamen
1210 3800 1330 3865 videtur
1364 3798 1539 3864 Boeckhius

531 3920 720 3997 existimare,
746 3921 909 4004 significari
933 3922 1088 4000 ε’τνκόρσοος
1114 3918 1208 4000 ὕμνῳε
1233 3942 1310 4004 quae
1334 3927 1380 3983 est
1402 3920 1541 4002 frequen·

529 4041 646 4103 tissima
676 4040 882 4118 constructio,
916 4046 953 4104 ut
975 4040 1014 4103 ad
1038 4039 1163 4103 verbum
1187 4048 1217 4102 et
1240 4038 1435 4123 participium
1457 4036 1538 4100 idem

529 4159 682 4244 objectum
720 4160 885 4243 pertineat:
922 4167 953 4223 et
987 4158 1068 4222 idem
1101 4167 1182 4221 recte
1217 4157 1387 4241 genitivum
1416 4160 1539 4220 πολιτῶν

530 4277 761 4342 asubstentivo
792 4279 900 4349 άονδαῖς
930 4279 1061 4362 pendere
1087 4285 1194 4362 putat:
1223 4297 1409 4361 quamquam
1437 4280 1538 4359 posset

533 4398 669 4462 construi
701 4420 771 4461 oum
802 4398 907 4462 eodem
938 4395 1023 4476 ὕμνον
1047 4397 1094 4461 vel
1118 4394 1204 4475 ’ν’ρινῳ.
1252 4394 1323 4475 Quo
1347 4393 1538 4459 substantivo

532 4540 650 4583 carmen
685 4517 815 4581 maxime
848 4516 1040 4581 laudativum
1075 4515 1280 4601 significatur:
1316 4513 1354 4580 cf.
1390 4511 1440 4578 01.
1473 4510 1538 4576 VII
