3767 5534
982 678 1029 765 'as

499 910 609 988 potest.
656 902 737 967 Nam
761 904 848 968 adest
871 904 1025 989 Apollinis
1051 903 1211 967 oraculum
1232 904 1325 969 Batto
1346 906 1377 970 in
1399 906 1515 991 Cyrene

499 1021 671 1100 condenda,
688 1023 710 1106 Ι)
735 1029 765 1086 ct
784 1021 870 1086 dedit
886 1024 950 1109 jam
971 1022 1043 1087 olim
1063 1022 1174 1107 aliquis
1194 1024 1279 1089 Deus
1300 1048 1365 1088 eam
1387 1025 1517 1089 conden-

499 1142 569 1205 dam
600 1141 761 1219 heroibuS,
775 1143 798 1226 2)
831 1149 861 1205 et
891 1147 1008 1205 mentes
1037 1142 1162 1205 heroum
1188 1144 1301 1207 excitat
1322 1143 1407 1208 «luno
1430 1143 1516 1208 navis

380 1257 382 1260 ’
499 1263 601 1345 Argus
634 1282 752 1338 amore,
779 1268 814 1324 ut
841 1260 889 1324 vel
916 1283 987 1324 cum
1010 1262 1117 1324 mortis
1141 1261 1278 1347 periculo
1302 1263 1517 1350 pulcerrimam

497 1378 655 1444 inveniant
677 1401 748 1443 cum
769 1378 949 1462 aequalibus
971 1402 1044 1445 suae
1064 1380 1189 1445 virtutis
1209 1381 1304 1459 viam,
1319 1382 1342 1466 3)
1365 1389 1395 1446 et
1411 1381 1517 1445 docuit

384 1521 386 1523 ’
497 1484 597 1584 Cypro
621 1499 723 1583 genita
749 1499 815 1562 Dea
837 1497 983 1563 Jasonem
1007 1498 1169 1564 incendere
1194 1499 1333 1565 Medeam
1358 1523 1460 1564 amore
1485 1508 1516 1564 et

497 1616 536 1680 ad
560 1618 650 1681 finem
675 1618 831 1703 pervenire
855 1618 1068 1682 certaminum.
1082 1620 1111 1701 4)

541 1735 683 1800 Potentia
699 1759 769 1801 vero
786 1736 923 1800 Deorum
934 1736 1027 1821 longe
1038 1738 1170 1801 maxima
1182 1746 1213 1801 et
1224 1738 1407 1802 immensum
1421 1760 1515 1821 quan-

497 1862 565 1919 tum
593 1855 730 1940 superior
754 1855 897 1919 humanis
921 1854 1037 1943 viribus
1063 1856 1095 1919 in
1120 1856 1235 1920 auxilio
1260 1878 1383 1940 quoque
1408 1878 1514 1920 eorum

498 1983 561 2038 tam
589 1974 754 2059 conspicua
777 1982 824 2040 est
847 1997 939 2059 quam
963 1974 995 2038 in
1020 1974 1162 2039 vindicta.
1207 1974 1274 2038 Diis
1299 1975 1517 2061 adjuvantibus

498 2092 577 2156 nihil
601 2092 783 2157 mortalibus
807 2093 947 2157 arduum.
988 2093 1126 2157 Accessit
1150 2092 1189 2156 ad
1213 2092 1427 2178 Hyperboreos
1447 2092 1517 2158 Per-

498 2235 568 2277 seus
588 2212 804 2296 interfecitque
823 2212 1000 2297 Gorgonem
1021 2220 1051 2275 et
1072 2212 1194 2296 insigne
1214 2213 1407 2298 serpentibus
1424 2222 1517 2298 caput

499 2332 641 2409 abstulit3
667 2331 751 2416 quod
773 2330 925 2416 lapideam
949 2339 1077 2395 mortem
1097 2331 1222 2396 serebat.
1260 2331 1448 2396 Difficillime
1467 2355 1515 2396 ree

499 2458 530 2516 ct
552 2450 759 2515 incredibilisz
784 2449 838 2513 sed
861 2448 1001 2514 Minerva
1025 2449 1161 2536 adjuvit:

668 2600 671 2604 ·
701 2568 764 2647 ἐμοὶ
787 2569 817 2633 δὲ
839 2566 990 2645 θαυμάσαι

700 2689 767 2752 θεῶν
789 2687 973 2753 τελεσάντων

701 2807 777 2874 οὐδέν
801 2831 873 2871 ποτε
888 2807 1029 2888 malassar
1056 2807 1149 2885 ἔμμεν
1173 2808 1308 2873 ἄπιστον.

497 2927 569 2992 Diis
592 2926 811 3009 perficientibza
840 2926 912 2989 mihi
940 2926 1016 2989 nihil
1037 2948 1165 3011 unquam
1187 2926 1301 2991 uidetur
1324 2927 1435 2990 mirare
1457 2948 1517 2991 ecce

498 3045 676 3112 incredibile.
694 3044 717 3127 ⁶)

975 3286 1044 3369 aa.

930 3523 978 3586 De
1001 3522 1088 3585 Fato.

545 3760 614 3825 Fati
646 3761 827 3825 necessitate
859 3761 938 3824 nihil
971 3760 1095 3825 Graecis
1127 3761 1226 3846 majus
1257 3760 1326 3824 luit.
1374 3760 1519 3824 Attamen

502 3880 642 3945 Deorum
673 3881 718 3944 vis
750 3889 781 3945 et
813 3880 955 3945 voluntas
989 3879 1080 3964 longe
1113 3879 1304 3964 frequentius
1335 3879 1521 3943 laudatura

499 3999 635 4063 Pindaro
659 4022 750 4083 quam
774 4000 843 4064 Fati
867 3999 1051 4064 necessitas:
1078 4022 1151 4077 nec,
1175 3999 1200 4063 si
1222 3999 1296 4063 haec
1315 4008 1519 4076 memoratur,

500 4118 636 4184 Deorum
665 4119 737 4184 inde
765 4119 910 4205 dignitati
934 4118 1107 4183 deminutio
1131 4120 1174 4183 fit.
1223 4118 1299 4181 Fato
1323 4124 1388 4181 erat
1411 4117 1521 4180 consti·

533 4408 685 4470 th.
808 4408 951 4469 mn&
1075 4406 1232 4469 &hm
1354 4406 1517 4467 &hm

536 4503 730 4568 Dfflssffi
