3767 5534
907 718 972 782 273

435 918 477 981 79

527 1035 651 1113 τὸνμὲν
676 1036 721 1115 ἄρ’
743 1038 911 1118 Εὐρύπυλος
935 1039 1095 1116 Εὐαίμονος
1118 1042 1236 1120 aynan
1260 1042 1317 1114 υἱὸς

527 1154 646 1235 πρόσθεν
667 1153 727 1221 ἕθεν
748 1157 903 1235 Φεύγοντα
925 1158 1147 1240 μεταδρομάδην
1170 1160 1254 1226 ἔλατ
1278 1158 1370 1239 ὦμον·

432 1274 503 1337 146

527 1391 577 1458 τὸν
598 1392 624 1457 δ’
645 1392 738 1474 ἕτερον
760 1392 844 1480 ξίφεϊ
864 1398 992 1480 μεγαλῳ
1014 1398 1125 1472 anaide
1148 1402 1218 1479 παρ’
1243 1396 1318 1476 ὦμον

528 1510 618 1589 πλῆξ’
628 1535 636 1552 ·

428 1630 485 1694 V'I
509 1634 553 1695 33

708 1752 757 1817 τὸν
778 1752 809 1818 δὲ
830 1754 926 1833 κρείων
948 1754 1149 1834 Ἀγαμέμνων

470 1927 476 1937 .
574 1865 646 1935 οὖτα
667 1870 749 1936 κατὰ
771 1872 917 1951 λαταρην.

484 1988 524 2052 In
547 1988 693 2075 Stephani
718 1990 875 2056 Thesauro
899 1990 1038 2078 Linguae
1066 1992 1217 2071 Graecae,
1244 1993 1377 2059 editione
1401 1995 1454 2058 Di-

431 2108 583 2188 dotiana,
615 2110 785 2175 afferuntur
808 2134 864 2197 pro
887 2113 1035 2199 exemplis
1058 2114 1187 2199 genitivi
1214 2114 1306 2179 verbo
1329 2115 1458 2193 βοὶλλειν

432 2226 579 2314 adjuncti
601 2228 663 2294 duo
687 2230 755 2295 loca
778 2232 882 2310 Arati,
907 2254 1041 2318 quorum
1064 2232 1141 2297 alter
1164 2240 1211 2297 est
1236 2236 1275 2299 57
1280 2237 1300 2296 4

554 2345 641 2427 ἥμισυ
664 2350 719 2427 μέν
741 2375 789 2416 κεν
812 2351 878 2417 ἴδοιο
900 2354 1052 2435 μετηορον,
1079 2350 1167 2431 η’μιοο
1190 2352 1216 2417 δ’
1240 2353 1290 2429 ἤδη

554 2469 697 2549 ἐσχατιαὶ
721 2468 868 2547 βοὶλλονοι
891 2470 1107 2552 κατερχομένον
1132 2471 1312 2552 Στεφανοιο·

436 2607 506 2670 quo
528 2584 596 2650 loco
619 2594 722 2653 tamen
746 2611 816 2653 eum
836 2589 1007 2674 genitivum
1027 2589 1204 2655 absolutum
1221 2613 1286 2655 esse
1302 2591 1460 2668 existimo,

437 2712 474 2770 et
506 2705 549 2770 sio
571 2706 773 2793 interpretor:
806 2708 966 2774 dimidiam
993 2717 1112 2795 partem
1141 2709 1238 2774 Piscis
1262 2710 1364 2775 videre
1387 2711 1460 2774 licet

438 2824 622 2904 sublimem,
647 2826 806 2892 dimidiam
830 2851 900 2893 vero
913 2829 977 2915 jam
994 2838 1128 2894 extrema
1140 2830 1278 2915 jaciunt,
1304 2830 1460 2894 occidente

438 2943 579 3009 Corona:
616 2947 758 3028 ἐσχατιαὶ
795 2956 868 3013 sunt
898 2948 1010 3027 δύσεις,
1046 2948 1216 3013 secundum
1247 2948 1461 3012 Scholiastam.

440 3063 533 3129 Alter
556 3073 603 3130 est
627 3069 690 3131 609

756 3187 842 3266 νὲνο
865 3197 950 3267 σῆμα
973 3188 1085 3264 Βιώτην

555 3306 651 3386 ellados
674 3305 810 3372 ἀντέλλει
832 3308 1033 3387 βεβολημένος
1056 3307 1253 3389 Ἀρκτούροιο

443 3421 529 3509 quod
552 3422 595 3487 ita
621 3424 813 3510 explicatur,
847 3434 882 3489 ut
908 3426 1021 3489 Bootes
1046 3426 1215 3488 Arcturum
1239 3428 1461 3507 consequatur:

442 3563 507 3606 non
530 3551 627 3607 recte:
654 3545 807 3608 Arcturus
831 3567 894 3609 non
910 3551 957 3609 est
973 3551 1057 3609 extra
1072 3545 1210 3622 Booten,
1232 3542 1285 3606 sed
1302 3548 1348 3605 est
1363 3542 1461 3626 ipsius

443 3662 561 3726 Bootae
577 3670 693 3727 astrum
710 3664 840 3728 maxime
856 3664 1075 3750 conspicuum,
1092 3670 1128 3727 ut
1146 3663 1235 3727 docet
1250 3663 1364 3726 Aratus
1379 3661 1460 3725 idem

445 3783 501 3844 95.
548 3780 664 3846 Verum
695 3791 776 3847 recte
808 3782 980 3848 Scholiasta
1003 3783 1035 3847 id
1060 3782 1187 3847 verbum
1210 3781 1343 3867 explicat
1365 3804 1461 3845 κατα-

443 3900 637 3978 λαμπόμενος
659 3904 700 3982 τῷ
723 3902 901 3983 Ἀρκτούρῳ,
926 3902 1062 3966 radiatus
1087 3902 1230 3966 Arcturo.
1264 3899 1365 3963 Semel
1388 3922 1460 3984 ergo

444 4018 505 4082 hoc
540 4019 680 4098 verbum,
716 4028 748 4084 at
781 4022 878 4085 forma
909 4028 940 4085 et
971 4021 1194 4105 significatione
1225 4021 1359 4105 passiva,
1392 4041 1459 4082 oum

444 4139 582 4223 genitivo
606 4141 643 4204 ab
668 4142 763 4205 Arato
787 4142 932 4227 ponitur:
958 4141 1050 4206 semel
1074 4164 1144 4205 cum
1168 4140 1270 4204 dativo
1295 4142 1359 4203 330

829 4259 901 4336 aad
922 4262 947 4326 οἱ
971 4259 1043 4341 ἄκρη

625 4380 723 4462 οὶοτέρι
746 4381 898 4459 βέβληται
922 4381 996 4456 δεινὴ
1019 4381 1115 4459 γένος.

445 4497 574 4583 Saepius
598 4499 768 4577 sineoasu,
797 4503 881 4579 174,
907 4504 990 4579 311,
1016 4502 1099 4578 358,
1125 4502 1208 4578 371,
1234 4503 1308 4564 492.
1345 4499 1462 4563 Verum

1300 4624 1337 4678 18
