3767 5534
907 709 972 769 413

434 907 487 972 des
517 908 723 992 Amphitr-itae
745 913 776 970 ct
799 906 878 971 Solis
903 906 997 971 filiam
1022 907 1116 971 fuisse
1139 908 1235 987 dixit,
1261 909 1448 995 Herophilus

433 995 590 1109 Neptuni·
605 1032 636 1089 et
665 1022 811 1102 Veneris,
843 1024 1040 1110 Epimenides
1064 1024 1196 1090 Oceani:
1222 1048 1300 1110 quae
1324 1026 1448 1111 quidem

434 1151 641 1207 memorantur
663 1143 696 1206 in
720 1142 861 1206 scholiis:
893 1142 1089 1227 Epimenides
1114 1151 1217 1208 autem
1241 1144 1449 1208 videturesse

431 1262 474 1338 is,
499 1283 589 1346 quem
614 1260 767 1345 Diogenes
790 1260 934 1325 Laertius
958 1261 976 1324 I
994 1264 1055 1323 115
1074 1261 1149 1325 dicit
1165 1262 1275 1326 Dorice
1292 1264 1447 1347 scripsisse

433 1377 472 1442 de
487 1378 597 1442 Rhode
605 1427 615 1456 ,
633 1378 784 1443 diversum
802 1401 820 1442 a
834 1378 1003 1463 genealogo
1020 1386 1050 1442 ct
1066 1402 1084 1442 a
1099 1378 1237 1444 Cretensi
1253 1379 1447 1465 philosophe.

433 1496 522 1576 Quae
549 1498 581 1561 in
605 1496 769 1561 Homerico
793 1497 916 1582 Hymno
940 1498 973 1561 in
998 1495 1066 1561 Ger.
1092 1499 1156 1561 420
1181 1506 1368 1563 memoratur
1392 1499 1449 1563 ‘Po‘-

431 1610 511 1689 ὒειιι,
543 1610 742 1695 Proserpinae
771 1633 889 1689 cemes,
918 1618 949 1675 et
972 1633 1025 1689 ea,
1050 1633 1128 1695 quae
1151 1613 1232 1697 apud
1257 1611 1446 1690 Hesiodum,

431 1727 547 1812 Theog.
580 1730 662 1805 351,
695 1726 810 1791 Oceani
842 1751 877 1793 ae
908 1728 1034 1813 Tethyis
1061 1729 1143 1808 filia,
1168 1737 1249 1793 certe
1272 1730 1449 1794 diversaea

432 1845 542 1909 Rhodo
572 1847 708 1910 fuerunt.
755 1846 887 1931 Magnus
918 1869 1064 1911 numerus
1096 1847 1139 1910 ihi
1171 1847 1253 1932 apud
1277 1847 1448 1912 Hesiodum

434 1962 657 2028 Oceaninarum
681 1972 743 2041 est,
768 1985 899 2047 quarum
923 1963 1064 2048 singulae
1088 1965 1126 2029 ab
1150 1965 1327 2050 hujusmodi
1348 1966 1450 2030 insula

434 2081 524 2166 longe
555 2082 703 2146 diversam
736 2089 877 2145 naturam
902 2082 1018 2146 habent
1041 2090 1072 2145 et
1094 2084 1219 2147 nemina
1243 2084 1332 2147 certis
1355 2085 1451 2167 regio·

434 2200 525 2265 nibus
556 2221 618 2264 nou
645 2200 873 2265 convenientia:
904 2222 1019 2286 perque
1043 2208 1155 2264 terram
1177 2210 1345 2265 versantur.
1370 2200 1450 2264 Vide

384 2406 386 2409 .
434 2318 664 2382 annotationem
686 2315 837 2402 Lennepii
859 2317 899 2381 ad
922 2340 992 2383 eum
1015 2318 1128 2382 locum.

480 2440 533 2503 27.
567 2435 750 2516 εὐθυμάχαν.
794 2434 935 2513 Poterat,
969 2444 1004 2499 ut
1031 2435 1194 2500 scholiasta
1216 2436 1337 2513 monuit
1344 2485 1354 2514 ,
1379 2457 1448 2499 cum

433 2556 524 2621 ‘Pedes
556 2557 599 2619 ita
630 2556 775 2640 conjungi
783 2604 793 2633 ,
825 2563 861 2618 ut
892 2553 942 2618 Ol.
968 2553 1015 2617 VI
1042 2557 1103 2617 145
1128 2553 1299 2630 πλιὶξιππιιι
1324 2555 1448 2633 eilias:

434 2679 569 2757 praestat
601 2682 722 2751 tamen,
754 2695 824 2736 cum
855 2673 943 2751 ἄνδρα
976 2674 1169 2757 conjungere.
1212 2672 1450 2736 Terminatienis

434 2791 534 2855 simile
565 2790 739 2876 exemplum
770 2799 816 2854 est
848 2789 898 2854 01.
930 2789 996 2853 XII
1027 2792 1069 2854 20
1102 2790 1289 2871 ἕνδομιέχιιςε
1314 2798 1344 2854 at
1368 2790 1451 2875 apud

435 2909 606 2973 Homerum
627 2910 802 2993 frequenter
824 2909 990 2988 πρόμαχος.

483 3028 535 3092 28.
571 3028 716 3108 πελώριον.
751 3025 830 3090 Vide
861 3049 940 3111 quae
970 3026 1146 3090 monuimus
1177 3024 1215 3089 de
1238 3026 1357 3108 ingenti
1379 3025 1452 3089 Dia-

435 3168 526 3231 gorae
550 3152 676 3209 statura.
723 3144 871 3229 Epithete
894 3144 953 3208 hec
976 3145 1076 3208 utitur
1098 3142 1252 3207 Homerus
1273 3142 1312 3207 de
1329 3143 1450 3208 Achille

434 3264 467 3328 iu
498 3264 643 3327 acerrimo
673 3270 743 3348 post
773 3262 948 3326 Patroclum
980 3262 1113 3325 occisum
1144 3260 1261 3345 proelio
1268 3310 1278 3339 ,
1307 3260 1345 3325 11.
1370 3261 1450 3325 XXI

436 3384 498 3446 527
525 3389 556 3446 ct
577 3380 676 3445 XXII
699 3383 752 3443 92.

481 3501 534 3562 28.
570 3502 639 3578 παρ’
661 3497 803 3580 Ἀλφειῷ.
839 3496 948 3560 Variat
971 3496 1139 3560 orationem
1162 3495 1276 3559 Poeta:
1301 3495 1392 3559 mede
1417 3519 1449 3559 rs

439 3620 478 3679 16
503 3617 581 3682 dixit
603 3616 761 3698 Ὀλυμπίᾳ
783 3618 873 3680 Πυθοῖ
892 3641 942 3699 πε,
964 3637 1047 3679 nuuc
1067 3614 1137 3693 παρ’
1153 3614 1285 3696 Ἀλφειῷ
1301 3613 1350 3678 aci
1367 3616 1449 3693 nopai

435 3734 604 3818 Κιισπιιλίιι.
650 3734 796 3820 Reliquas
831 3734 982 3819 Diagorae
1017 3733 1158 3798 victorias
1192 3755 1226 3796 vs
1265 3736 1325 3798 147
1363 3754 1447 3818 seqq.

436 3862 597 3941 memorat:
615 3875 698 3919 nunc
713 3875 783 3918 vero
800 3876 869 3918 cum
886 3851 1030 3938 Olympia
1046 3851 1189 3936 Pythiam
1206 3851 1345 3934 copulat,
1359 3872 1449 3935 prop·

435 3980 517 4037 terea
540 3972 622 4057 qued
644 3974 702 4037 hae
724 3972 809 4035 fuere
831 3971 958 4055 reliquis
982 3970 1139 4034 clariores:
1164 3977 1230 4033 tum
1249 3990 1317 4031 rere
1334 3968 1446 4053 Pythia

436 4091 572 4175 proxime
596 4088 771 4174 Olympiam
794 4069 991 4173 praecessisse
1009 4086 1145 4151 ridetur:
1164 4094 1209 4149 est
1228 4087 1307 4150 enim
1324 4107 1449 4150 censen-

436 4218 577 4287 tansum,
611 4207 821 4272 amineribus
846 4206 884 4271 ad
912 4206 1041 4291 majores
1066 4204 1230 4289 Diagoram
1256 4205 1446 4289 precessisse.

482 4330 535 4390 29.
569 4325 842 4408 στεφανωσάμενοι.
877 4324 956 4387 Sunt
987 4323 1043 4407 qui
1073 4322 1163 4387 verbe
1193 4322 1294 4385 medio
1320 4315 1446 4384 Poetam

438 4446 485 4509 uti
508 4445 697 4522 existiment,
723 4451 758 4507 ut
780 4443 943 4527 significet,
969 4442 1134 4525 Diagoram
1158 4440 1216 4504 sibi
1239 4460 1381 4503 corenam
1397 4462 1447 4523 pa-
