3767 5534
903 734 974 796 '585

441 929 502 993 tias
523 929 637 998 Bacchi
660 932 833 1018 significarit
854 954 1005 997 summam
1027 937 1219 997 venustatem
1243 933 1308 1017 ejus
1330 931 1449 1016 poesis,

441 1066 520 1131 quas
538 1048 615 1115 huia
637 1050 703 1115 Deo
726 1057 901 1115 conssmata
921 1057 1012 1115 esset.

483 1169 538 1230 26.
565 1166 720 1249 ‘Bonam
754 1167 926 1233 Scholiasta
948 1175 1052 1233 vatus:
1076 1167 1138 1243 ἦτοι
1160 1167 1208 1232 διὰ
1230 1166 1264 1231 τὸ
1282 1166 1353 1244 βοῦν
1374 1164 1446 1231 sisar

439 1285 480 1364 rai
510 1285 656 1358 νικιίσιιντι
686 1284 841 1351 ἔπαθλον.
860 1285 930 1365 ἱερὸς
961 1285 1021 1365 γὰρ
1051 1291 1102 1351 τοῦ
1130 1285 1280 1351 nicoma·
1306 1284 1394 1358 ἢδιίι
1416 1284 1449 1349 τὸ

440 1401 610 1468 sucosam
625 1402 714 1469 αὐτὸν
728 1403 776 1468 διὰ
791 1403 863 1481 βοῆς
878 1403 928 1469 aa)
943 1404 1095 1480 λίγεσίιιι.
1131 1401 1266 1467 Omnino
1281 1423 1448 1486 nusquam,

440 1526 591 1602 quantum
620 1521 702 1598 scio,
733 1528 946 1606 praeterquam
975 1522 1009 1586 in
1040 1521 1099 1585 hoc
1128 1520 1263 1599 scholio,
1288 1518 1343 1585 hos
1366 1539 1450 1586 sacar

441 1635 555 1704 dicitur
576 1637 670 1702 inissa
692 1638 830 1718 Baccho,
854 1639 908 1704 aad
931 1661 1051 1723 semper
1073 1660 1179 1726 caper:

485 1753 557 1819 Vite
585 1777 677 1839 caper
707 1778 808 1821 moras
837 1757 952 1823 Bacchi
982 1756 1162 1822 mactandus
1186 1756 1225 1821 ad
1247 1778 1332 1821 aras:
1357 1754 1448 1821 ovid.

441 1871 565 1938 Mettm·
589 1872 650 1938 XV
676 1876 757 1937 Ilh:

484 1988 557 2055 Non
580 1990 671 2054 aliam
694 1990 733 2055 ob
757 1991 880 2077 culpam
902 1991 1024 2058 Baccho
1048 2014 1138 2077 caper
1160 1991 1304 2058 omnihus
1325 1992 1386 2056 aris

486 2106 651 2186 Caeditur,
687 2116 731 2172 et·
752 2116 868 2174 veteres
902 2111 1013 2174 meunt
1046 2110 1206 2194 proscenia
1240 2109 1324 2174 ludi:
1360 2109 1447 2193 Virg.

438 2223 513 2288 Geo.
538 2224 678 2290 113802

482 2340 632 2406 Voveram
651 2343 760 2408 dulces
783 2343 890 2427 epulas
910 2350 946 2407 at
969 2343 1075 2408 album

480 2457 592 2524 Libero
615 2481 757 2544 saprum:
782 2460 892 2525 Horat.
913 2459 952 2524 L.
975 2458 1028 2524 ΠΙ
1051 2458 1111 2523 Od.
1136 2458 1219 2523 VIII
1243 2462 1280 2523 6:

480 2575 623 2641 Carmine
653 2578 708 2661 qui
739 2578 857 2661 tragico
887 2577 980 2642 vilem
1007 2578 1138 2642 certavit
1161 2576 1201 2641 oh
1224 2576 1362 2643 hircum:
1386 2576 1445 2662 Ilp.

436 2693 475 2757 ad
499 2693 559 2757 Pis.
585 2696 660 2759 220..
706 2695 882 2780 Bentlejus,
906 2695 939 2760 in
960 2695 1173 2760 dissertatione
1189 2693 1227 2759 de
1243 2694 1360 2779 origine
1375 2694 1447 2759 Tra·

435 2811 579 2894 goediae,
614 2812 720 2877 addita
754 2813 883 2878 editioni
913 2813 1123 2898 Epistularum
1153 2812 1342 2891 Phalaridis,
1373 2835 1445 2897 pag.

438 2930 518 3006 lto,
543 2929 602 2994 hoc
625 2930 748 3013 quidam
771 2930 953 2995 scholiastae
968 2930 1179 2995 testimoninm
1196 2930 1297 3008 ullsrt3
1315 2936 1346 2995 et
1360 2951 1447 3014 prae-

433 3050 515 3110 terea
537 3047 723 3130 epigramma
745 3069 761 3111 a
784 3046 911 3111 Tastnaa
933 3046 1065 3111 Ohiliad.
1089 3046 1107 3110 I
1130 3049 1173 3109 84

611 3159 645 3240 ἓξ
666 3163 714 3228 ἐπὶ
737 3166 917 3239 πεντήκοντα
939 3163 1084 3241 Σιμωνίδη
1108 3164 1177 3245 ἦραν
1198 3166 1281 3235 νίκαις

656 3282 707 3346 ami
729 3281 874 3362 misulas.

434 3398 550 3463 Verum
580 3399 613 3462 id
644 3399 788 3464 vitiosum
819 3422 884 3464 esse
914 3399 1007 3477 dicit,
1039 3405 1071 3463 et
1097 3420 1152 3483 pro
1171 3399 1256 3470 νίιιιιι
1278 3388 1444 3482 legendarii

433 3515 568 3598 τιιῦιονι,
604 3522 765 3601 propterca
799 3517 882 3601 quod
918 3518 962 3582 ita
991 3518 1140 3601 scriptum
1170 3517 1210 3581 sit
1240 3516 1442 3600 epigramma,

434 3639 525 3697 antea
545 3655 608 3697 non
632 3632 767 3712 editum,
783 3634 817 3698 in
832 3634 1022 3719 Anthologia
1037 3635 1097 3699 Ms.
1132 3634 1175 3698 lli
1189 3655 1252 3698 non
1267 3642 1442 3717 expressum

434 3749 557 3834 quidem
588 3772 669 3828 esse,
702 3772 764 3835 quo
791 3774 902 3836 genere
925 3752 1099 3817 certaminis
1123 3750 1293 3815 Simonides
1317 3751 1441 3815 vicerit:

433 3867 485 3931 sed
519 3874 621 3932 tamen
652 3891 684 3931 se
714 3868 836 3933 credere
865 3869 976 3947 malle,
1005 3888 1076 3934 eum
1099 3870 1206 3933 vicisse
1230 3867 1441 3953 dithyrambis.

432 3984 480 4050 nx
510 4008 572 4069 qna
599 3985 732 4072 Bentleji
755 3986 963 4071 disputatione
985 3987 1048 4052 duo
1072 3989 1197 4052 omnino
1221 3993 1383 4072 apparent:
1401 3986 1443 4050 al·

432 4108 549 4180 terum,
574 4104 751 4187 cognovisse
769 4102 864 4169 'illum
886 4105 1069 4169 scholiastae
1089 4104 1215 4168 Pindari
1230 4101 1442 4167 testimonium
1500 4097 1503 4104 ’

432 4218 470 4283 ds
492 4219 628 4303 praemio
640 4220 842 4305 dithyrambi:
861 4222 1007 4299 alterum,
1024 4222 1125 4306 ipsum
1142 4220 1264 4285 credere
1282 4219 1441 4295 maluisse,

432 4336 619 4402 Simonidem
641 4338 748 4402 risisse
771 4338 981 4423 dithyrambis.
1017 4338 1059 4403 Ilt
1077 4338 1227 4423 posterius
1244 4336 1368 4421 quidem
1384 4338 1442 4401 for·

431 4460 511 4519 tasse
532 4453 631 4539 magis
653 4454 692 4518 ad
715 4454 890 4541 Bentlejum
914 4476 1007 4539 quam
1031 4455 1069 4519 ad
1092 4453 1261 4520 Pindarum
1277 4454 1323 4518 vel
1341 4454 1442 4537 dithy-
