3767 5534
914 707 979 767 224

337 908 399 971 loo
436 905 551 971 bonum
582 930 699 994 semper
728 931 851 993 quoque
874 908 926 973 die
949 908 1053 986 adest,
1078 931 1234 973 summum
1256 908 1341 973 venit
1362 909 1447 973 omni

435 1025 566 1090 mortali.
612 1026 665 1091 Me
696 1048 767 1091 vero
798 1049 944 1092 coronare
975 1026 1059 1091 hunc
1086 1025 1173 1092 decet
1197 1028 1332 1110 equestri
1354 1026 1448 1091 modo

435 1151 529 1209 cantu
559 1146 682 1210 Aeolio:
717 1148 780 1212 scio
811 1169 859 1211 me
897 1147 1053 1232 hospitem
1076 1146 1230 1210 neminem
1252 1145 1381 1210 laudum
1403 1145 1448 1209 in-

434 1263 624 1350 telligentem
654 1266 768 1350 pariter
790 1273 884 1351 atque
905 1266 1045 1350 potentia
1067 1265 1318 1351 praestantiorem
1341 1286 1447 1329 eorum

435 1383 488 1468 qui
522 1406 606 1449 nunc
640 1384 765 1468 quidem
799 1391 873 1449 sunt
907 1384 1048 1469 gloriosis
1082 1391 1264 1448 ornaturum
1296 1405 1361 1447 esse
1378 1404 1447 1447 car·

337 1499 398 1563 170
433 1502 552 1566 minum
574 1502 773 1568 indumentis.
819 1503 905 1567 Deus
927 1509 1014 1566 tutor
1030 1501 1227 1565 consiliorum
1242 1508 1368 1565 tuorum
1381 1507 1445 1578 est,

433 1617 545 1695 Hiero,
570 1616 746 1702 habensque
769 1641 836 1682 eam
859 1642 964 1684 curam
986 1618 1135 1704 prospicit
1157 1618 1212 1683 iis:
1234 1618 1345 1702 quodsi
1360 1617 1443 1682 haud

432 1737 494 1800 cito
528 1737 698 1822 relinquat,
734 1739 826 1802 etiam
860 1738 1029 1803 dulciorem
1063 1759 1151 1823 spero
1185 1759 1234 1802 me
1261 1738 1444 1823 adjutricem

433 1855 512 1918 viam
544 1877 719 1921 sermonum
746 1878 817 1921 cum
849 1878 942 1920 curru
973 1856 1064 1921 celeri
1086 1855 1284 1920 inventurum
1307 1862 1339 1918 et
1361 1876 1445 1939 prae·

433 1972 607 2038 dicaturum
638 1996 720 2053 esse,
753 1962 849 2059 ouum
880 1974 919 2039 ad
950 1996 1113 2039 amoenum
1143 1972 1291 2038 Cronium
1322 1995 1443 2037 venero.

433 2091 513 2157 Mihi
544 2092 668 2178 quidem
698 2092 790 2157 Musa
820 2092 1049 2158 validissimum
1065 2092 1162 2157 telum
1185 2091 1302 2156 viribus
1324 2092 1442 2156 nutrit:

334 2208 396 2270 180
432 2210 500 2274 aliis
531 2212 621 2277 rebus
652 2212 705 2275 alii
727 2212 832 2296 magni
854 2217 942 2275 sunt:
967 2218 1136 2276 extremum
1159 2232 1230 2274 vero
1253 2231 1444 2275 consumma

430 2337 482 2394 tur
505 2329 637 2415 regibus.
684 2328 734 2393 Ne
757 2336 875 2413 spectes
898 2329 1030 2413 longius.
1078 2327 1246 2413 Contingat
1268 2335 1301 2391 et
1315 2328 1373 2392 tibi
1390 2351 1444 2413 per

430 2450 488 2514 hoc
517 2456 639 2533 tempus
670 2448 731 2513 alte
753 2448 911 2525 incedere,
937 2446 1067 2548 etmihi
1093 2448 1207 2531 pariter
1229 2468 1298 2511 cunr
1322 2447 1444 2510 victori·

432 2567 491 2632 bus
515 2588 597 2647 esse,
621 2567 776 2652 praeclaro
799 2567 949 2651 sapientia
970 2566 1003 2630 in
1026 2566 1151 2630 Graecis
1176 2565 1284 2630 ubivis.

839 2839 1032 2850 ...-———--·

785 3036 982 3103 OLYMPIA
1015 3036 1059 3101 Π.

733 3294 871 3338 unnuoru
894 3292 1126 3351 aamenuuruo,

888 3532 983 3574 curre.

472 3747 667 3812 Citharcrum
684 3744 801 3811 domini
816 3744 939 3829 hymni,
961 3766 1052 3828 quem
1068 3743 1177 3823 deum,
1194 3768 1285 3830 quem
1301 3746 1438 3826 heroem,

428 3887 519 3949 quem
549 3865 648 3929 virum
679 3860 837 3927 dicemus?
882 3860 961 3926 Sane
992 3860 1063 3925 Pisa
1090 3859 1175 3925 Jovis
1207 3868 1270 3926 est:
1296 3862 1441 3948 Olympia

426 3983 562 4049 instituit
594 3980 762 4058 Hercules,
797 3979 958 4044 manubias
992 3978 1082 4043 belli:
1118 3978 1290 4044 Theronem
1313 3989 1439 4066 propter

352 4100 391 4162 10
427 4102 593 4188 quadrigas
623 4101 760 4165 victrices
791 4121 862 4164 voce
891 4098 1043 4164 celebrare
1067 4106 1206 4184 oportet,
1227 4100 1347 4184 justum
1370 4102 1440 4166 hos·

426 4223 539 4307 pitem,
571 4221 712 4286 columen
740 4217 918 4304 Agrigenti,
942 4217 1155 4302 nobiliumque
1177 4225 1300 4304 patrum
1323 4217 1436 4298 decus,

426 4339 562 4403 florentis
584 4338 717 4423 patriae:
742 4337 797 4420 qui
819 4336 917 4400 multa
940 4336 1022 4421 passi
1045 4335 1147 4400 animo
1171 4359 1285 4401 sacram
1302 4335 1436 4402 habuere

426 4456 529 4521 sedem
548 4454 652 4532 fluvii,
672 4453 855 4536 Siciliaeque
871 4460 956 4517 erant
968 4452 1095 4531 oculus,
1113 4475 1282 4538 aevumque
1293 4460 1435 4518 secutum
