3767 5534
803 1046 983 1111 CAPUT
1015 1046 1076 1110 ΙΙΙ.

597 1304 636 1347 ΒΕ
658 1304 792 1347 PROPRIA
815 1304 944 1348 PINDARI
968 1302 1152 1347 sumansuh
1175 1301 1287 1345 Lunna.

903 1523 920 1605 p
952 1523 980 1583 l.

661 1758 709 1820 Dc
732 1756 863 1820 Pindari
885 1756 1044 1821 sententiae
1059 1755 1222 1839 principio.

490 1988 750 2058 considerantibus
780 1993 906 2057 Pindari
938 1994 976 2058 de
998 1994 1090 2059 rebus
1113 1992 1225 2057 divinis
1248 1999 1279 2055 et
1302 1989 1445 2053 humanis

452 2129 504 2188 aas,
526 2134 600 2196 quas
623 2113 777 2197 persecuti
799 2136 921 2190 sumus,
946 2113 1130 2189 sententias,
1151 2133 1262 2195 magna
1281 2108 1443 2194 quaedam,

448 2227 496 2291 nisi
524 2229 631 2309 fallor,
657 2240 783 2317 apparet
806 2232 1003 2317 simplicitaS,
1028 2232 1060 2295 in
1084 2230 1200 2315 optimo
1223 2228 1373 2314 principio
1397 2250 1450 2311 po·

444 2347 508 2426 sita,
534 2372 585 2427 eo,
610 2351 695 2434 quod
718 2351 817 2415 omnis
841 2351 1054 2436 philosophiae
1077 2360 1108 2415 et
1122 2350 1245 2414 virtutis
1261 2348 1448 2434 principium

440 2465 509 2545 fuit,
535 2475 565 2532 et
588 2468 707 2532 oraculi
729 2468 831 2533 locum
852 2470 1002 2548 obtinuit,
1019 2492 1110 2534 nosce
1125 2476 1156 2533 te
1172 2469 1246 2553 ipse.
1283 2468 1352 2531 Hoc
1368 2466 1448 2531 enim

438 2582 529 2683 Poeta
563 2586 731 2670 quaesivit,
768 2588 843 2671 quid
877 2588 998 2653 deceret
1032 2588 1196 2652 hominem.
1247 2588 1315 2651 Hoc
1350 2587 1449 2651 omnis

437 2703 584 2783 melioris,
610 2727 703 2788 quam
726 2706 963 2783 commendavit,
988 2706 1026 2770 de
1050 2706 1118 2770 Diis
1142 2706 1310 2792 sententiae
1333 2714 1364 2769 et
1379 2728 1446 2770 nar·

434 2822 560 2886 rationis
584 2823 769 2909 principium
792 2824 867 2903 fuit,
892 2846 989 2910 quum
1012 2825 1057 2889 ita
1075 2824 1181 2889 decere
1197 2824 1352 2888 hominem
1368 2822 1447 2887 dice-

434 2949 487 3005 ret.
503 2943 527 3027 1)
561 2941 631 3007 Hoc
654 2943 738 3007 illius
761 2943 914 3009 humanae
937 2944 1075 3021 virtutis,
1100 2966 1192 3029 quam
1213 2944 1325 3007 amavit
1339 2942 1447 3021 unice,

433 3061 651 3145 temperantiae
674 3068 705 3125 et
724 3062 929 3126 continentiae
945 3062 1239 3127 commendationem
1255 3060 1446 3138 continebat,

435 3199 528 3261 quum
543 3200 606 3243 non
622 3180 654 3242 in
670 3180 788 3244 coelum
805 3180 922 3244 homini
938 3180 1186 3245 adscendendum
1202 3204 1267 3244 esse
1283 3202 1342 3244 nec
1355 3201 1446 3265 supra

433 3296 558 3361 modum
597 3298 766 3362 humanum
799 3299 970 3384 optandum
1005 3320 1071 3364 esse
1106 3307 1238 3384 putaret.
1258 3302 1282 3384 2)
1329 3297 1447 3363 Verum

433 3413 529 3499 ipsius
562 3417 695 3480 musicae
725 3416 823 3480 virtus
855 3440 892 3481 ex
922 3418 981 3481 hoc
1012 3418 1163 3503 principio
1194 3416 1360 3502 repetenda
1390 3424 1445 3480 est.

434 3530 514 3596 Nam
538 3534 672 3597 musicae
695 3534 818 3600 nomine
834 3535 925 3599 modo
942 3536 1139 3620 exposuimus
1155 3534 1231 3619 quid
1248 3534 1332 3599 aliud
1349 3534 1448 3598 dicam

432 3650 492 3714 nisi
515 3651 613 3737 ipsam
637 3653 834 3737 sapientiam,
858 3655 996 3738 reginam
1020 3654 1170 3717 virtutum
1190 3654 1332 3737 vitaeque
1351 3652 1449 3716 totius

432 3776 555 3833 nostrae
584 3770 839 3836 moderatricem?
885 3771 970 3851 Quid
1002 3778 1104 3837 autern
1136 3772 1271 3836 muneris
1295 3770 1448 3834 Pindarus

432 3887 566 3950 musicae
601 3888 784 3952 existimavit
815 3891 1007 3974 propositum
1039 3890 1123 3954 alind
1155 3890 1216 3954 nisi
1246 3888 1449 3953 immortalem

432 4027 534 4069 rerum
558 4028 627 4070 vere
649 4007 873 4073 laudandarum
896 4009 1171 4094 praedicationem,
1196 4010 1355 4094 ipsiusque
1375 4010 1450 4074 veri·

433 4124 504 4187 tatis
539 4126 857 4191 commendationem?
903 4127 1024 4208 Quodsi
1059 4129 1156 4213 igitur
1190 4129 1341 4214 sapientia
1371 4128 1450 4193 nihil

435 4241 519 4306 aliud
554 4250 601 4307 est
633 4244 692 4308 nisi
726 4245 932 4333 intelligentia
966 4248 1045 4325 veri,
1078 4247 1230 4311 Pindarus
1262 4247 1448 4312 carminibus

432 4406 603 4420 —n

471 4513 496 4574 l)
513 4513 586 4563 conf.
600 4530 656 4580 paq.
675 4516 698 4564 8.
748 4563 752 4571 ,
799 4518 825 4579 2)
843 4518 913 4567 Cant.
928 4534 998 4583 ρης.
1017 4518 1061 4578 37,
1082 4518 1122 4570 57.
