3767 5534
921 729 982 788 521

453 928 609 1007 haustam,
639 929 725 991 aurit
756 950 822 992 cam
853 927 965 990 civium
996 947 1123 990 numero
1151 947 1186 989 ea
1209 923 1344 1001 colonia,
1368 945 1461 1007 quarn

449 1047 696 1129 significavimus.
732 1045 815 1110 Olim
840 1066 909 1109 vero
929 1044 1032 1107 Minos
1048 1044 1079 1106 in
1096 1042 1307 1127 persequendo
1322 1040 1459 1106 Daedalo

450 1166 482 1229 in
517 1164 651 1230 Siciliam
685 1165 857 1249 pervenisse
891 1161 929 1226 ad
965 1184 1000 1225 ca
1030 1161 1113 1238 loca,
1144 1160 1177 1225 in
1210 1160 1324 1245 quihus
1356 1166 1489 1244 postea·

450 1284 651 1370 Agrigentum
687 1283 845 1349 eonditum
880 1291 943 1364 est,
979 1282 1084 1365 ibique
1114 1280 1266 1344 interiisse
1299 1286 1457 1343 narratur:

448 1426 516 1468 ossa
539 1426 610 1466 vera
632 1404 698 1488 ejus
720 1402 841 1467 occulta
863 1402 917 1465 diu
942 1401 980 1467 ab
1003 1400 1070 1485 ipso
1094 1399 1218 1463 demum
1234 1398 1374 1490 Therone
1385 1397 1462 1493 Cre-

446 1521 584 1586 tenuibus
607 1528 680 1585 sunt
702 1520 838 1585 reddita:
860 1518 951 1609 Diod.
969 1518 1028 1582 Sic.
1046 1516 1092 1581 IV
1110 1520 1161 1582 79.
1199 1516 1240 1579 Et
1255 1523 1337 1579 certe
1352 1514 1459 1579 Cnosii

444 1640 499 1704 illa
525 1662 593 1703 ossa
606 1640 764 1723 recepisse
785 1638 915 1723 putandi
938 1645 1028 1712 sunt,
1054 1643 1175 1702 vetusta
1198 1635 1278 1719 regis
1302 1635 1455 1720 gloriosis·

445 1757 515 1821 simi
538 1758 660 1822 civitas:
689 1752 781 1821 Hom.
807 1755 867 1820 Od.
893 1755 972 1820 XIX
999 1757 1060 1819 178

497 1881 584 1939 Δτοῖσι
607 1874 631 1937 δ’
654 1873 692 1939 e’vi
715 1873 846 1945 Κνωσσὸς
869 1870 991 1950 μεγάλη
1015 1871 1116 1944 πόλις·
1141 1871 1208 1937 ἔνθα
1229 1895 1263 1935 τε
1286 1868 1385 1941 Μίνως

515 1990 640 2069 ἐννέωρος
663 1991 805 2067 &actaeae
829 1990 897 2062 Διὸς
920 1990 1057 2067 μεγάλου
1080 1989 1221 2069 ὀαριστής.

447 2107 494 2172 Of.
519 2102 627 2172 Strabo
651 2108 688 2173 L.
714 2108 744 2172 X
767 2131 836 2193 pag.
860 2110 943 2184 476,
969 2107 1050 2171 alm.
1077 2109 1150 2171 730.
1186 2106 1253 2169 Tali
1277 2107 1372 2191 igitur
1394 2128 1460 2170 mu·

444 2234 516 2289 uer'e
549 2249 566 2288 a
596 2224 735 2290 Therone
771 2226 885 2289 ornatis
918 2248 1030 2309 magna
1064 2232 1144 2288 certe
1179 2223 1300 2288 Onosiis
1334 2225 1458 2287 incessit

444 2344 556 2408 amoris
586 2343 671 2407 illius
702 2344 886 2408 existimatio
917 2355 948 2408 et
979 2366 1049 2407 cum
1080 2342 1135 2406 illo
1161 2342 1375 2420 necessitudo,
1400 2365 1456 2406 nec

442 2460 616 2526 mirandum
640 2471 702 2540 est,
726 2461 762 2527 ad
786 2462 876 2527 illum
892 2463 1086 2547 potissimum
1102 2462 1277 2545 Ergotetem
1293 2462 1456 2546 profugum

443 2580 627 2665 pervenisse.

485 2696 583 2761 Fuere
606 2704 709 2760 autem
731 2697 806 2781 ipsis
830 2696 1026 2761 Cretensibus
1052 2697 1215 2782 praecipua
1233 2697 1375 2762 currendi
1391 2719 1453 2761 cer-

440 2813 572 2876 tamina:
606 2813 644 2877 ef.
676 2812 813 2890 lirense,
838 2814 888 2878 die
911 2813 1094 2897 Gymnastik
1118 2814 1183 2877 und
1207 2814 1372 2899 Agonistih
1398 2816 1451 2879 der

439 2928 608 3008 Hellenen,
632 2930 668 2994 B.
692 2929 710 2993 Ι
736 2954 766 3016 p.
794 2933 858 2994 352
883 2938 914 2995 et
936 2932 964 2994 B
987 2930 1022 2995 Π
1045 2954 1075 3016 p.
1102 2934 1177 2995 689.
1212 2931 1309 3017 Cujus
1326 2932 1368 2996 rei
1387 2938 1453 2995 tum

439 3047 499 3111 alia
529 3048 667 3132 exempla
697 3049 898 3126 exstiterunt,
931 3056 1000 3113 tum
1029 3050 1062 3113 in
1090 3048 1193 3114 reditu
1218 3048 1449 3134 Xenophontis,

439 3187 535 3250 quum
557 3165 746 3251 Trapezunte
769 3166 838 3251 plus
862 3168 1023 3252 sexaginta
1038 3165 1197 3231 Cretenses
1215 3168 1248 3231 in
1267 3168 1453 3233 curriculum

439 3283 673 3348 descenderent:
699 3284 841 3370 Xenoph.
866 3285 966 3350 Anah.
990 3284 1026 3349 L.
1044 3284 1091 3349 IV
1108 3284 1142 3349 0.
1160 3284 1243 3350 VIII
1262 3288 1314 3352 27.
1352 3288 1454 3370 Atque

439 3403 496 3487 ipsi
527 3403 664 3487 Ergoteii
696 3405 729 3468 in
753 3406 851 3489 patria
874 3407 958 3470 haud
982 3405 1115 3471 defuisse
1141 3431 1207 3472 eam
1229 3407 1369 3487 taudem,
1396 3410 1456 3474 effi·

438 3520 535 3584 cimus
559 3543 595 3585 ex
618 3522 761 3585 carminis
784 3546 818 3586 vs
843 3526 895 3587 22.
923 3522 1040 3587 Verum
1056 3525 1111 3589 illa
1128 3526 1193 3611 ejus
1209 3525 1276 3590 laus
1293 3527 1456 3593 mansisset

438 3635 603 3701 domestica
637 3646 669 3701 et
697 3639 810 3704 finibus
843 3641 958 3724 patriae
992 3642 1155 3707 terminata
1185 3666 1241 3707 nee
1273 3667 1325 3729 per
1356 3652 1453 3712 totam

438 3752 598 3817 Graeciam
633 3754 813 3820 celebranda
849 3765 880 3822 et
914 3758 954 3821 ad
987 3766 1124 3843 posteros
1155 3764 1351 3849 perventuras:
1383 3772 1454 3848 post

436 3871 650 3954 migrationem
680 3873 803 3941 demum
836 3875 874 3938 ad
907 3877 1023 3960 majora
1054 3878 1202 3942 tetendit:
1232 3880 1269 3943 ef.
1295 3883 1432 3946 annotati

436 3986 474 4051 ad
504 4011 538 4050 vs
562 3990 615 4053 23.
661 3975 804 4055 Fortasse
829 4014 900 4055 eum
923 3991 1042 4071 Thero,
1069 3995 1119 4058 cui
1144 3995 1214 4059 illae
1237 3996 1343 4062 laudes
1368 4000 1451 4065 tuere

429 4104 622 4183 carissimae,
653 4107 701 4170 vel
728 4108 870 4173 incitasse
904 4110 952 4175 vel
984 4111 1075 4176 etiam
1106 4116 1236 4198 pecunia
1268 4117 1306 4180 ad
1330 4126 1450 4183 sumtus

434 4220 590 4285 faciendos
619 4245 742 4289 ornasse
775 4226 945 4291 credendus
972 4237 1035 4294 est:
1060 4231 1187 4295 fortasse
1210 4234 1300 4298 etiam
1325 4243 1450 4320 propter
1541 4267 1545 4278 ·

432 4337 582 4403 Theronis
610 4341 778 4407 amicitiam
804 4367 877 4409 eum
903 4346 963 4410 hoc
986 4350 1118 4413 carmine
1141 4350 1266 4416 donavit
1288 4352 1448 4418 Pindarus.

430 4454 592 4543 Quidquid
617 4465 679 4537 est,
706 4461 792 4525 triste
814 4464 928 4528 exsilic
946 4488 974 4530 m
998 4465 1136 4551 Ergoteli
1150 4468 1271 4535 laudem
1288 4470 1448 4537 isthmiam
