3767 5534
974 718 1038 777 408

499 914 605 976 fecisse
628 937 729 991 sacra,
755 937 858 978 verum
882 916 1090 1000 imprudentia
1114 916 1245 999 quadam
1269 916 1376 979 iecisse
1397 913 1514 977 casine

498 1032 585 1115 igne:
612 1035 753 1095 tta-89.
801 1032 923 1096 Favisse
946 1033 1009 1097 illis
1031 1034 1157 1111 lovem,
1183 1041 1213 1097 et
1237 1056 1341 1097 omnes
1365 1041 1446 1095 artes
1462 1051 1514 1094 eos

498 1150 638 1213 docuisse
662 1150 849 1213 Minervam:
876 1154 1017 1215 89-99.
1066 1152 1113 1216 De
1136 1152 1207 1215 Sole
1230 1158 1352 1214 vetusta
1367 1149 1514 1224 narratio,

386 1345 388 1350 Ι
477 1267 652 1352 'quomodo
681 1267 752 1343 ille,
777 1291 873 1352 quum
896 1276 994 1331 terrae
1019 1268 1228 1332 dividerentur
1252 1268 1338 1344 Diis,
1363 1265 1514 1341 abluerit,

497 1407 608 1448 novam
638 1407 709 1447 vero
739 1384 930 1448 sortitionem
961 1385 1029 1448 fieri
1055 1386 1204 1461 vetuerit,
1229 1384 1348 1467 sibique
1371 1381 1517 1447 sumserit
1566 1431 1570 1437 .

498 1502 599 1565 adhue
630 1501 721 1565 undis
751 1502 889 1567 obrutam
922 1504 974 1567 sed
998 1526 1069 1567 mox
1092 1504 1276 1567 nascituram
1301 1500 1447 1566 Rhodum
1470 1501 1515 1563 in·

497 1619 610 1683 aulam:
647 1623 831 1706 lton-126.
878 1621 1026 1686 Nascitur
1055 1621 1125 1685 illa:
1158 1643 1194 1683 ex
1227 1643 1262 1684 ea
1292 1625 1432 1704 procreat
1463 1616 1516 1680 Sol

498 1745 614 1822 septem
637 1737 733 1800 filios:
759 1760 891 1823 quorum
915 1740 1075 1825 progenies
1099 1740 1273 1823 tripartita,
1296 1737 1439 1822 Jalysus‚
1461 1734 1518 1799 Oa·

498 1854 610 1931 mirus,
635 1853 771 1931 Lindus,
796 1856 951 1939 regionem
975 1855 1102 1920 habuit:
1130 1856 1316 1919 lar-140.
1363 1853 1413 1917 Ibi
1436 1853 1518 1916 iuve-

498 1972 579 2034 nisse
618 1970 830 2055 Tlepolemum
868 1972 1145 2057 compensationem
1178 1972 1345 2047 malorum,
1379 1976 1410 2033 et
1440 1970 1519 2033 festa

499 2088 545 2152 illi
577 2090 656 2153 sicut
688 2090 754 2154 Deo
784 2090 864 2154 fieri:
900 2092 1086 2153 lsi-146.
1126 2089 1285 2173 Diagorae
1315 2088 1408 2151 iniis
1432 2086 1518 2150 festis

497 2206 656 2269 victoriae:
693 2208 753 2272 147
765 2255 775 2284 ,
809 2210 882 2271 148.
928 2206 1075 2292 Ejusdem
1108 2206 1185 2270 aliae
1216 2205 1360 2270 victoriae
1383 2204 1517 2268 multae:

503 2325 689 2386 lca-159.
714 2322 823 2387 Preces
847 2323 885 2387 ad
908 2324 1016 2387 Jovem
1038 2323 1075 2387 de
1091 2323 1207 2387 honore
1223 2324 1390 2408 Diagorae:
1410 2324 1519 2384 159-

502 2442 575 2504 170.
623 2440 670 2503 De
693 2441 759 2525 ejus
782 2448 890 2525 gente:
918 2444 1105 2506 iro-175.

548 2678 576 2739 1.
612 2676 912 2740 Praestantissimum
940 2677 1099 2740 exordium
1123 2675 1273 2761 exquisita
1289 2674 1517 2759 comparatione

501 2794 735 2877 descriptionem
759 2793 852 2857 habet
875 2794 987 2857 amoris
1011 2800 1042 2856 et
1065 2793 1310 2869 benevolentiae,
1337 2814 1398 2876 qua
1423 2791 1519 2855 Poeta

500 2912 630 2974 victores
663 2912 874 2995 prosequitur,
907 2918 937 2974 et
961 2910 1149 2975 incredibilis
1174 2910 1406 2986 oblectamenti,
1432 2907 1515 2993 quod

501 3028 563 3092 illis
592 3051 648 3090 sua
672 3029 805 3091 carmina
828 3028 1003 3112 praebeant.
1051 3026 1193 3109 Ἀφνειεὶν
1217 3027 1351 3112 appellat
1374 3048 1516 3101 manum,

502 3169 565 3231 qua
588 3153 692 3230 patera
714 3145 845 3209 donetur
870 3169 887 3208 a
910 3168 1035 3223 socero,
1053 3145 1267 3209 liberalitatem
1284 3153 1314 3207 et
1330 3143 1520 3228 opulentiam

503 3265 695 3349 significans:
725 3287 804 3349 quae
827 3266 1015 3350 comparatio
1039 3274 1141 3328 tamen
1165 3265 1209 3327 ita
1232 3264 1269 3327 ad
1294 3284 1430 3327 socerum
1456 3285 1523 3347 per·

503 3383 599 3460 tinet,
631 3391 667 3445 nt
697 3389 805 3467 sponte
837 3384 930 3448 etiam
964 3383 1001 3446 ad
1031 3383 1156 3446 Poetam
1188 3383 1353 3458 referatur,
1378 3382 1519 3464 quinon

503 3523 613 3585 parvus
643 3500 778 3564 difficilia
809 3508 949 3585 poemata
979 3506 1111 3585 pangat,
1136 3500 1190 3563 sed
1213 3499 1309 3564 divite
1333 3521 1409 3562 vena
1432 3498 1518 3582 larga

504 3618 597 3682 donet
620 3618 763 3682 carmina.
801 3618 916 3682 Verum
940 3618 971 3681 id
997 3625 1061 3681 arte
1085 3640 1141 3681 sua
1164 3618 1273 3682 eximia
1297 3616 1447 3680 Pindarus
1471 3615 1517 3679 in·

504 3735 585 3800 dicat
601 3736 697 3819 magis
713 3757 804 3819 quam
818 3742 921 3820 aperte
933 3736 1191 3819 comparationem
1203 3730 1358 3798 onerando
1369 3732 1515 3797 declarat.

550 3856 580 3915 2.
615 3853 675 3917 dal
708 3853 813 3933 χειρός.
849 3852 922 3916 Non
957 3874 1026 3916 eum
1061 3853 1133 3916 ἑλὼν
1168 3850 1415 3936 conjungendum
1450 3857 1515 3926 est,

505 3993 610 4034 verum
634 3994 702 4034 cum
726 3971 889 4051 δωρήσεται.
925 3972 1125 4056 Partieipium
1148 3971 1217 4035 ἑλὼν
1241 3969 1332 4034 verbo
1359 3969 1516 4047 δωρήσεται

506 4087 643 4152 additum
676 4096 722 4153 est
753 4090 841 4173 copia
871 4089 1004 4173 quadam
1035 4089 1198 4164 orationis,
1228 4087 1362 4151 Homero
1384 4086 1517 4150 maxime

505 4205 644 4289 propria:
669 4207 754 4270 velut
776 4206 814 4270 Il.
839 4207 857 4269 I
883 4210 945 4272 139
969 4206 1030 4282 aaa
1055 4206 1141 4271 ἑλών·
1168 4207 1231 4269 301

632 4330 687 4387 τῶν
709 4302 760 4388 otu
782 4322 818 4388 ἄν
841 4348 870 4388 τι
893 4325 989 4405 Φέροις
1012 4325 1120 4388 ἀνελὼν
1142 4324 1274 4393 εὶέκοντος
1297 4324 1389 4398 ἐμεῖο·

505 4439 544 4503 ΙΙ.
569 4439 616 4502 ΙΧ
641 4444 705 4503 216
729 4449 807 4506 σῖτον
830 4442 900 4506 ἑλὼν
921 4442 1053 4518 ἐπένειμε
1069 4440 1206 4522 τραπέζῃ.
1241 4438 1329 4503 Conf.
1346 4438 1384 4502 Il.
1401 4437 1518 4502 XXIII
