3767 5534
933 754 940 764 '
1009 740 1071 801 ato

531 938 760 1017 dissentiamus,
789 943 842 1024 qui
866 943 998 1005 carmina
1022 943 1095 1006 haec
1118 942 1155 1004 ad
1178 941 1391 1025 Olympiadem
1416 949 1540 1024 octoge-

530 1058 637 1122 simam
659 1061 823 1124 secundam
846 1062 989 1125 referunt.
1026 1062 1134 1137 Ponit,
1161 1071 1195 1124 ut
1215 1024 1361 1135 vidimuS,
1380 1059 1538 1124 Diodorus

530 1177 651 1241 Siculus
682 1178 859 1244 Camarinae
889 1182 1141 1245 instaurationem
1165 1202 1244 1243 anno
1268 1189 1376 1264 quarto
1400 1178 1450 1242 Ol.
1478 1181 1539 1244 79:

531 1307 605 1359 sunt
636 1305 755 1375 autem,
789 1307 950 1383 postquam
981 1300 1131 1376 narravit,
1161 1298 1313 1381 quomodo
1336 1306 1403 1361 turn
1427 1297 1543 1361 discor·

531 1414 599 1478 diae
622 1426 652 1480 et
676 1416 755 1480 bella
773 1419 805 1481 in
825 1418 929 1481 Sicilia
948 1420 1116 1503 composita
1136 1419 1214 1494 sint,
1236 1419 1273 1481 de
1294 1416 1454 1481 Camarina
1474 1418 1541 1501 ejus

531 1534 622 1598 verba
645 1536 735 1599 haec:
760 1538 840 1613 μετὰ
863 1538 892 1600 δὲ
910 1544 1011 1603 ταῦτα
1031 1539 1201 1616 Καμαρίνων
1220 1538 1273 1614 μὲν
1292 1542 1396 1600 rethor
1416 1536 1541 1600 κατοικί-

532 1679 636 1726 σαντες
660 1654 692 1729 ἐξ
713 1658 808 1736 ἀρχῆς
831 1657 1118 1737 κατεκληρούχησαν.
1142 1656 1243 1742 Igitur
1260 1655 1341 1720 haud
1358 1656 1443 1740 prius
1459 1662 1540 1719 certe

532 1796 623 1857 quam
646 1774 701 1838 illo
725 1797 819 1851 auno,
844 1784 874 1838 et
898 1776 1024 1839 fortasse
1048 1776 1130 1841 brevi
1151 1784 1268 1860 postea,
1286 1775 1409 1838 initium
1425 1774 1540 1837 factum

533 1901 579 1956 est
610 1894 694 1958 urbis
725 1895 956 1959 instaurandae:
989 1905 1035 1972 et,
1069 1896 1094 1958 si
1120 1896 1187 1979 ipsa
1209 1895 1390 1958 instauratio
1414 1894 1539 1977 aliquod

532 2018 653 2097 tempus
684 2015 860 2097 requisivit,
893 2037 928 2076 eo
956 2022 1109 2098 tempore,
1134 2036 1194 2097 quo
1217 2013 1389 2077 Psaumidis
1412 2014 1541 2077 victoria

533 2132 673 2216 ponitur,
698 2131 758 2195 dioi
781 2134 882 2217 potuit
903 2134 1005 2204 νέοικος
1028 2130 1104 2211 ἕδρα.

579 2251 625 2315 De
656 2252 770 2319 meritis
800 2252 974 2316 Psaumidis
1005 2275 1076 2337 erga
1107 2254 1235 2336 patriam
1267 2252 1326 2314 alia
1354 2274 1414 2314 non
1438 2261 1538 2314 exstat

533 2372 693 2448 memoria,
721 2371 773 2434 sed
796 2371 828 2434 in
852 2372 899 2434 his
922 2372 1048 2435 Pindari
1071 2372 1254 2436 carminibus
1275 2372 1341 2435 laus
1358 2393 1462 2435 corum
1479 2372 1540 2433 exi·

532 2490 602 2553 mia.
638 2489 685 2553 De
708 2496 823 2567 aetate,
848 2499 991 2574 quatum
1006 2492 1115 2569 fuerit,
1132 2491 1261 2554 maxime
1277 2491 1360 2554 varia
1374 2490 1541 2553 traduntur

534 2629 552 2670 a
582 2607 751 2672 scholiastis
778 2609 816 2672 ad
840 2632 872 2671 vs
897 2612 949 2672 39.
996 2610 1075 2672 Mihi
1099 2608 1223 2693 quidem
1245 2608 1367 2671 videtur
1387 2609 1451 2691 jam
1473 2614 1541 2670 tum

534 2727 628 2790 fuisse
658 2734 756 2791 aetate
786 2738 937 2812 provecta.
986 2729 1063 2793 Tum
1086 2752 1123 2793 ex
1146 2729 1271 2812 reliquis
1294 2728 1457 2810 utriusque
1479 2748 1542 2789 car-

535 2846 624 2909 minis
648 2846 800 2932 partibus,
825 2856 890 2910 tum
914 2849 1044 2912 maxime
1060 2871 1096 2911 ex
1112 2847 1141 2908 V
1158 2850 1197 2909 51
1216 2846 1247 2910 id
1264 2846 1368 2910 efficia.
1405 2845 1466 2909 Sed
1478 2847 1541 2931 jam

535 2964 573 3027 ad
597 2963 732 3049 singula,
758 2973 907 3047 quantum
931 2988 1008 3050 opus
1029 2967 1197 3043 videbitur,
1215 2966 1357 3049 deinceps
1374 2964 1541 3028 veniamus.

579 3202 737 3267 Invocatio
767 3203 852 3266 Jovis
884 3205 972 3268 initio
996 3205 1154 3279 carminis,
1180 3202 1348 3287 significato
1372 3224 1406 3264 vs
1430 3204 1449 3264 3
1474 3201 1542 3284 ipso

535 3332 670 3409 tempore
701 3325 844 3389 ludorum
875 3325 1104 3411 Olympiorum,
1137 3326 1307 3410 significata
1338 3326 1429 3388 etiam
1460 3346 1494 3385 vs
1524 3325 1540 3387 7

535 3441 667 3506 laetitiae
699 3444 839 3508 ocissima
861 3468 931 3508 cum
955 3445 1059 3508 amicis
1082 3444 1312 3519 communione,
1344 3442 1448 3505 statim
1472 3449 1543 3525 post

536 3561 692 3626 victoriam
716 3571 898 3646 reportatam
922 3585 1041 3626 carmen
1067 3563 1179 3626 factum
1203 3585 1267 3626 esse
1290 3560 1434 3626 ostendit.
1483 3560 1544 3623 Aa

536 3687 628 3763 rupta
651 3702 683 3742 vs
707 3683 726 3743 8
750 3680 902 3744 invocatio
925 3681 1076 3764 repetitur
1100 3702 1132 3743 vs
1159 3683 1208 3744 10.

581 3802 611 3861 2.
646 3798 897 3875 ἀκαμαντόποδος.
933 3798 1059 3862 Frustra
1090 3798 1253 3862 scholiasta
1284 3808 1370 3859 vetus
1401 3797 1434 3859 in
1465 3815 1545 3857 com-

537 3918 691 4001 paratione
714 3917 893 4002 explicanda
916 3925 1052 3982 versatur
1075 3917 1238 3993 subtilius,
1264 3916 1351 3999 quasi
1374 3915 1447 3999 equi
1463 3914 1546 3977 simi-

534 4035 666 4100 litudine
693 4035 788 4100 Poeta
810 4059 883 4100 usus
907 4037 956 4100 sit.
1004 4036 1051 4100 De
1073 4038 1138 4120 ipsa
1162 4035 1256 4099 rheda
1278 4034 1358 4097 idem
1383 4032 1543 4118 epitheton

535 4155 659 4240 ponitur
682 4153 732 4217 Ol.
757 4154 785 4215 V
810 4158 839 4217 6.

580 4276 616 4349 3,
643 4276 672 4336 5.
707 4273 773 4337 τεαὶ
804 4275 864 4351 γὰρ
890 4271 957 4353 ὧραι
980 4274 1173 4350 ἑλισσόμεναι.
1210 4273 1301 4337 Recto
1325 4281 1412 4335 vetus
1436 4269 1545 4334 scholi·

535 4400 600 4455 asta
630 4393 746 4456 confert
776 4391 867 4455 Hom.
900 4392 938 4455 Il.
971 4392 1005 4455 Π
1037 4394 1098 4456 551
1131 4391 1373 4472 περιτελλομένων
1397 4391 1541 4454 ἐνιαυτῶν.

535 4511 682 4578 Similiter
704 4510 810 4597 llurip.
836 4511 902 4576 Alc.
927 4517 1009 4575 448:
1035 4513 1161 4594 Σπάρτᾳ
1179 4512 1290 4587 arcada
1306 4512 1392 4576 ἁνίκκ
1408 4508 1542 4591 Καρνείου
