3767 5534
907 752 970 815 427

432 956 507 1027 dum
530 955 659 1039 gloriam
682 953 848 1019 Pindarum
872 952 997 1038 quidam
1020 953 1204 1017 existimant.
1241 951 1353 1016 Verum
1379 951 1446 1015 Tel-

432 1072 538 1138 chines
553 1073 651 1137 habiti
666 1073 750 1137 fuere
770 1071 910 1137 Heliadis
928 1073 1132 1157 antiquiores:
1145 1079 1315 1136 utnarrant
1326 1070 1445 1148 Strabo,

430 1191 483 1256 L.-
503 1191 581 1258 XIV
615 1215 645 1277 p.
681 1194 762 1270 654,
793 1199 824 1255 et
854 1190 1011 1257 Diodorus
1041 1191 1100 1254 Sic.
1132 1189 1169 1255 L.
1193 1189 1222 1252 V
1246 1189 1281 1253 (l.
1307 1192 1366 1266 55,
1392 1191 1444 1254 56.

432 1309 583 1380 Pindarus
606 1310 687 1395 ipsos
711 1307 857 1376 Heliadas
880 1291 1094 1395 primigenitos
1116 1308 1217 1374 Rhodi
1240 1308 1354 1373 incolas
1370 1307 1446 1372 cele·

431 1428 509 1494 brat.
555 1425 676 1507 Quodsi
707 1447 779 1513 ergo
809 1428 943 1514 respexit
970 1428 1148 1505 Telchines,
1180 1427 1291 1492 famam
1321 1426 1445 1490 illorum

432 1545 552 1630 putavit
581 1545 822 1625 obscurandam,
850 1554 882 1611 et
904 1547 1003 1611 clarae
1026 1545 1144 1612 insulae
1168 1568 1223 1632 pro
1246 1546 1300 1610 illa
1322 1545 1447 1631 praesti·

431 1664 551 1749 mmmm
578 1665 659 1730 fama
687 1665 894 1751 incorruptam
921 1666 1151 1751 infucatamque
1181 1667 1294 1732 artium
1317 1666 1445 1751 gloriam

432 1782 656 1848 vindicandam.
707 1784 852 1849 Ceterum
887 1786 1040 1849 sententia
1075 1786 1216 1850 universe
1250 1785 1350 1869 posita
1384 1791 1448 1861 est,
1563 1863 1564 1867 Ἰ

431 1901 571 1969 fraudem
601 1923 663 1970 uon
695 1902 802 1967 cadere
828 1904 861 1970 in
885 1904 1067 1988 sapientiam
1090 1906 1253 1989 majorem,
1278 1904 1371 1981 siis,
1396 1903 1450 1988 qui

432 2040 500 2085 eam
529 2020 642 2098 habet,
674 2029 721 2085 est
751 2022 945 2107 intelligens:
974 2032 1076 2088 tamen
1099 2024 1229 2087 maxime
1252 2023 1290 2088 ad
1313 2021 1450 2109 Rhodios

432 2139 579 2223 pertinet.

482 2260 555 2321 loa.
579 2258 721 2326 δατέοντο.
746 2260 910 2346 Comparat
931 2262 1070 2347 Heynius
1087 2261 1215 2328 Hesiod.
1239 2262 1355 2345 Theog.
1374 2263 1448 2338 885,

434 2374 490 2440 ubi
511 2375 634 2460 Jupiter
656 2377 784 2443 devictis
808 2379 971 2445 Titanibus
995 2380 1124 2446 honores
1148 2380 1215 2445 Diis
1238 2379 1365 2443 dividit:

666 2499 680 2561 d
703 2497 733 2561 δὲ
755 2506 843 2564 σσῑσιι
865 2498 897 2564 ab
920 2498 1091 2565 διεδάσσατο
1113 2500 1214 2575 riuulo.

483 2617 558 2679 104.
595 2616 624 2679 ἐι
646 2616 775 2693 πελάγει
799 2619 912 2697 ποντίῳ.
936 2617 1029 2683 Recte
1044 2618 1180 2683 Telelius
1195 2625 1263 2682 tum
1278 2617 1339 2682 alia
1353 2639 1450 2681 exem·

434 2733 487 2818 pla
509 2733 614 2830 affert,
638 2740 706 2802 tum
730 2735 785 2820 Py.
809 2735 856 2800 [v
877 2740 918 2801 69
935 2738 1038 2821 ἐναλίᾳ
1053 2735 1154 2820 ἅλμα,
1171 2744 1203 2801 et
1217 2736 1339 2821 Fragm.
1357 2735 1447 2800 Pind.

434 2852 519 2938 apud
541 2851 732 2936 Boeckhium
757 2856 839 2933 259,
864 2854 947 2941 apud
970 2856 1125 2941 Heynium
1149 2855 1214 2920 Inc.
1233 2859 1293 2932 49,
1311 2877 1348 2919 ex
1363 2854 1448 2918 Plut.

434 2968 540 3056 Symp.v
561 2970 598 3037 L.
622 2970 697 3037 vlt
732 2972 859 3053 Quaest.
885 2974 913 3036 V
936 2974 962 3038 Ο
986 2977 1005 3037 2
1029 2970 1186 3040 ἔν’σδιτσυ
1212 2973 1351 3050 πελάγει.

482 3090 556 3155 100.
590 3090 740 3163 ἀπεόντος.
786 3090 869 3157 Dum
899 3092 1001 3158 lucem
1032 3092 1146 3158 ferebat
1172 3090 1281 3168 terris,
1307 3098 1342 3153 nt
1366 3070 1450 3173 patet

435 3227 470 3270 vs
495 3208 569 3272 113.

483 3325 556 3388 110.
593 3321 744 3402 ἄμπαλον.
781 3327 830 3392 Ad
845 3327 1061 3393 illustrandam
1077 3327 1220 3393 vocabuli
1234 3325 1449 3411 etymologiam

434 3447 517 3508 racto
547 3441 659 3508 collata
687 3451 761 3508 sunt
790 3441 904 3525 ἄνοδος,
935 3443 1119 3525 dastracum,
1149 3445 1345 3523 αισὶσιευαα,
1376 3441 1450 3523 ξύμ-

434 3556 534 3633 βολα.
602 3623 604 3627 .

484 3678 556 3741 118.
592 3680 807 3759 χρυσάμπυκα,
842 3682 940 3769 Epicu
964 3706 1048 3749 more
1070 3686 1189 3770 regium
1210 3686 1452 3770 divinitatisepi·

435 3793 553 3860 theton.
590 3796 637 3861 Of.
661 3798 715 3883 Py.
740 3800 793 3865 III
818 3803 881 3866 158
904 3804 1128 3884 χρυσαμπύκων
1150 3809 1277 3871 Μσισῖιι.

483 3916 574 3980 ’110.’
593 3917 661 3982 θεῶν
683 3914 769 3997 ὅρκον.
816 3921 967 4006 Magnum
987 3924 1219 4009 jusjurandum,
1237 3947 1305 4009 ¹quo
1329 3925 1382 3988 Dii
1405 3925 1450 3989 uti

436 4030 592 4110 solebant,
624 4034 748 4120 Stygem
779 4039 961 4105 invocando.
1007 4040 1076 4106 Hoc
1103 4042 1199 4126 igitur
1230 4042 1381 4107 Lachesin
1403 4042 1452 4106 uti

435 4172 536 4235 noque
558 4152 591 4216 id
613 4152 717 4219 fallere
740 4155 793 4221 Sol
816 4157 924 4222 voluit.
961 4159 1132 4225 Scholiasta
1155 4169 1241 4225 vetus
1266 4161 1303 4226 ed
1328 4184 1360 4224 vs
1387 4163 1448 4224 111

436 4266 558 4333 scribit:
582 4271 634 4343 σὺν
656 4272 794 4352 Λαχσσιι
815 4311 861 4325 -
882 4276 1032 4342 ἐκέλευσεν
1054 4280 1134 4359 αὐτῷ
1157 4279 1296 4359 ἐπικρῖναι
1319 4282 1371 4353 σὺν
1393 4278 1451 4344 Ῥό-

436 4383 489 4449 δον.
534 4387 611 4459 Τοὺς
638 4389 666 4453 δὲ
697 4390 773 4463 θεοὺς
800 4393 904 4469 ὀμόσαι
927 4396 1066 4471 πεποίηκε
1088 4398 1198 4472 μηδένα
1222 4405 1353 4478 παρερεῖι
1376 4398 1451 4476 μηδὲ

435 4503 595 4569 ἀναπεῖσαι
624 4506 672 4571 τὸν
698 4509 760 4578 Δία
781 4512 936 4614 γενομένης
960 4523 1012 4589 τῆς
1035 4515 1133 4599 χώρας
1155 4514 1241 4600 ἄλλῳ
1262 4516 1316 4581 stul
1339 4516 1447 4592 δοθῆναι
