3767 5534
1014 694 1079 755 384

540 894 624 960 aliud
648 883 819 981 exemplum
843 916 904 958 non
927 896 1010 959 novi.
1024 894 1269 975 Quodammodo
1290 902 1391 961 tamen
1408 898 1551 961 convenit

471 1042 473 1045 ·
541 1014 634 1101 Soph.
659 1014 735 1079 Oed.
761 1014 827 1079 Col.
854 1016 913 1080 741

851 1136 912 1205 τοῖς
935 1157 969 1198 οε
991 1133 1142 1211 Κονδμείονν
1165 1137 1235 1206 λεὼς

695 1259 785 1317 καλεῖ
803 1252 931 1325 δνκκίος,
956 1252 1039 1316 ἐκδὲ
1062 1259 1116 1317 τῶν
1140 1252 1262 1331 μάλιστ’
1286 1253 1353 1331 ἐγώ.

575 1364 638 1459 43.
674 1370 836 1451 στεφάνους
859 1371 986 1449 δέξοιντο.
1022 1370 1167 1436 Similiter
1190 1373 1254 1458 ipse
1275 1372 1460 1464 Pherenicus
1477 1374 1550 1439 Hie·

539 1493 621 1555 rouis
646 1513 742 1575 equus
765 1513 890 1555 coronas
914 1492 1065 1577 accepisse
1089 1490 1202 1556 dicitur
1219 1491 1278 1577 Py.
1302 1492 1355 1557 III
1380 1497 1454 1557 132.

584 1614 637 1675 46.
673 1610 784 1675 Pitana
813 1610 964 1675 Laconiae
995 1610 1067 1675 urbs
1091 1633 1162 1675 cum
1184 1612 1250 1696 ipsa
1273 1610 1382 1696 Sparta
1405 1634 1551 1676 memora·

540 1739 591 1795 tur
614 1730 720 1816 Ilurip.
735 1730 814 1795 Tro.
841 1733 936 1795 1101.
970 1729 1015 1794 cf.
1041 1730 1156 1795 Herod.
1181 1730 1233 1793 III
1258 1733 1309 1795 55.
1357 1730 1414 1795 lost
1436 1739 1467 1795 et
1491 1731 1551 1796 alia

494 1822 496 1831 Ι
538 1850 570 1913 in
601 1849 745 1926 Aeolide,
777 1850 814 1914 de
845 1872 907 1934 qua
937 1847 1046 1914 Strabo
1073 1849 1110 1931 L.
1133 1849 1217 1914 XIII
1240 1873 1270 1936 p.
1296 1853 1378 1927 614,
1403 1858 1433 1915 et
1456 1850 1549 1929 alibi,

539 1977 570 2033 et
600 1969 705 2055 Steph.
737 1969 934 2053 Byzantinus.
981 1968 1083 2033 Etiam
1115 1968 1245 2033 Pitanen
1275 1968 1373 2033 Elidis
1399 1976 1550 2034 memorat

537 2087 647 2153 Strabo
669 2088 705 2151 L.
730 2087 813 2151 VIII
837 2090 911 2152 343.
936 2086 996 2151 Sed
1020 2095 1100 2152 certe
1124 2087 1217 2151 situm
1239 2087 1278 2151 ad
1301 2086 1449 2152 Eurotam
1469 2103 1547 2165 non,

536 2207 567 2271 id
600 2206 682 2291 quod
714 2206 879 2270 scholiasta
905 2214 993 2271 vetus
1018 2206 1099 2284 vult,
1122 2206 1235 2270 idcirco
1258 2205 1411 2270 Pindarus
1434 2180 1549 2291 signifi·

539 2328 636 2404 cavit,
671 2333 707 2389 ut
740 2325 892 2389 Laconica
925 2324 1036 2389 Pitana
1070 2325 1107 2389 ab
1139 2324 1264 2388 Aeolica
1295 2325 1545 2410 distingueretur.

539 2444 607 2508 Hoc
631 2451 731 2508 autem
755 2444 822 2509 loco
846 2444 972 2507 heroine
995 2444 1197 2527 significatur,
1231 2443 1280 2507 cui
1303 2444 1364 2507 tuit
1384 2444 1438 2508 ille
1461 2444 1547 2508 locus

540 2564 739 2649 cognominis.
763 2563 886 2627 Dicitur
909 2586 927 2625 a
950 2563 1120 2626 scholiastis
1144 2562 1297 2627 veteribus
1321 2586 1356 2627 ea
1376 2563 1438 2627 filia
1453 2564 1548 2627 fuisse

538 2684 689 2748 Eurotae:
713 2683 847 2768 reliquae
870 2684 962 2767 hujus
985 2681 1106 2746 fabulae
1130 2689 1230 2767 partes
1251 2682 1324 2745 satis
1342 2705 1378 2746 ex
1393 2683 1460 2768 ipso
1476 2681 1548 2746 Pin-

535 2803 608 2866 daro
632 2802 865 2887 intelliguntur:
891 2802 949 2865 hoc
972 2802 1124 2865 nnumin
1147 2800 1263 2865 scholio
1286 2803 1453 2866 recentiore
1472 2802 1546 2886 legi·

535 2946 621 3000 mus,
652 2922 746 2985 filiam
777 2944 881 2985 recens
911 2930 1015 2986 natam
1047 2944 1065 2985 a
1095 2920 1204 2985 Pitane
1234 2921 1327 2985 fuisse
1359 2922 1544 3005 expositam,

535 3042 588 3106 sed
619 3042 656 3106 ab
687 3044 806 3127 Aepyto
837 3042 992 3105 iuventam
1023 3054 1054 3105 et
1076 3040 1252 3105 educatam:
1278 3062 1382 3103 verum
1406 3050 1546 3104 ornatam

534 3186 598 3227 esse
622 3185 639 3225 a
660 3161 793 3226 Pindaro
817 3160 961 3226 fabulam.

577 3283 630 3346 47.
667 3283 695 3346 ἐν
718 3278 783 3364 cipp.
820 3279 935 3345 Herod.
961 3280 977 3343 I
1001 3279 1049 3343 31.

580 3402 631 3463 51.
663 3400 816 3481 τκρίενίοον
839 3400 933 3464 ὠδῖνκ.
967 3398 1059 3462 Recte
1079 3397 1222 3462 videntur
1237 3397 1417 3461 scholiastae
1432 3397 1543 3463 referre

533 3542 585 3598 eo,
618 3519 700 3604 quod
732 3520 815 3604 virgo
848 3542 912 3583 esse
944 3518 1044 3582 adhuc
1075 3519 1226 3582 videretur
1258 3526 1288 3582 et
1314 3517 1409 3581 videri
1431 3518 1541 3582 vellet:

533 3661 718 3723 quamquam
749 3639 841 3703 etiam
873 3639 910 3702 de
943 3638 1040 3722 primo
1073 3645 1162 3722 partu
1193 3637 1252 3701 dici
1276 3644 1386 3722 potest.
1432 3639 1542 3702 Ὠδῖνκ

532 3756 570 3821 de
593 3758 659 3843 ipso
682 3758 768 3822 foetu
792 3758 883 3821 etiam
907 3757 1000 3822 habet
1023 3756 1205 3842 Euripides:
1228 3755 1290 3819 Jon
1312 3760 1354 3819 44

797 3875 824 3940 εί
844 3902 887 3949 τος
912 3877 1067 3955 Δελφίδων
1089 3878 1178 3952 τλκίκ
1200 3876 1265 3957 κίον

731 3996 864 4075 λονίρονίον
887 3996 958 4060 ὠδῖν’
983 3998 1011 4067 ἐς
1035 3998 1095 4061 θεοῦ
1120 3996 1201 4077 ῥίψονν
1225 3994 1318 4072 δόμον.

534 4116 616 4180 1487

776 4233 886 4315 δεκοίτῳ
910 4234 939 4299 δέ
962 4259 995 4298 τε
1018 4233 1104 4311 μηνὸς
1127 4237 1156 4298 ἑν
1179 4234 1274 4313 κύκλῳ

774 4353 891 4434 κρύφνίν
914 4356 946 4430 γ’
968 4354 1039 4417 ὠδῖν’
1062 4354 1157 4417 ἔτεκον
1183 4352 1287 4433 Φοίβῳ.

576 4475 627 4536 52.
662 4472 744 4553 κυρίῳ
766 4472 792 4537 δ’
814 4475 843 4538 ἐν
866 4476 944 4551 μκνί.
980 4472 1085 4558 Eurip.
1109 4471 1169 4536 Jon
1197 4474 1236 4537 14
