<?xml version="1.0" encoding="UTF-8"?>
<!DOCTYPE html PUBLIC "-//W3C//DTD XHTML 1.0 Transitional//EN"
    "http://www.w3.org/TR/xhtml1/DTD/xhtml1-transitional.dtd">
<html xmlns="http://www.w3.org/1999/xhtml" xml:lang="en" lang="en">
 <head>
  <title>
</title>
<meta http-equiv="Content-Type" content="text/html;charset=utf-8" />
  <meta name='ocr-system' content='tesseract 3.04.00' />
  <meta name='ocr-capabilities' content='ocr_page ocr_carea ocr_par ocr_line ocrx_word'/>
</head>
<body>
  <div class='ocr_page' id='page_1' title='image "./pindaricarminao00pindgoog_0417.png"; bbox 0 0 3767 5534; ppageno 0'>
   <div class='ocr_carea' id='block_1_1' title="bbox 996 698 1060 760">
    <p class='ocr_par' dir='ltr' id='par_1_1' title="bbox 996 698 1060 760">
     <span class='ocr_line' id='line_1_1' title="bbox 996 698 1060 760; baseline -0.031 0"><span class='ocrx_word' id='word_1_1' title='bbox 996 698 1060 760; x_wconf 82' lang='lat'>336</span> 
     </span>
    </p>
   </div>
   <div class='ocr_carea' id='block_1_2' title="bbox 433 897 1568 3130">
    <p class='ocr_par' dir='ltr' id='par_1_2' title="bbox 433 897 1535 2752">
     <span class='ocr_line' id='line_1_2' title="bbox 523 897 1532 983; baseline 0.001 -22"><span class='ocrx_word' id='word_1_2' title='bbox 523 898 673 963; x_wconf 87' lang='lat' dir='ltr'>celebrata</span> <span class='ocrx_word' id='word_1_3' title='bbox 696 899 859 983; x_wconf 82' lang='lat' dir='ltr'>significari</span> <span class='ocrx_word' id='word_1_4' title='bbox 883 900 1022 964; x_wconf 88' lang='lat' dir='ltr'>credunt.</span> <span class='ocrx_word' id='word_1_5' title='bbox 1070 897 1163 979; x_wconf 73' lang='lat' dir='ltr'>Quod</span> <span class='ocrx_word' id='word_1_6' title='bbox 1187 898 1276 983; x_wconf 84' lang='lat' dir='ltr'>longe</span> <span class='ocrx_word' id='word_1_7' title='bbox 1301 919 1387 961; x_wconf 89' lang='lat' dir='ltr'>secus</span> <span class='ocrx_word' id='word_1_8' title='bbox 1412 904 1475 962; x_wconf 87' lang='lat' dir='ltr'>est:</span> <span class='ocrx_word' id='word_1_9' title='bbox 1502 904 1532 962; x_wconf 90' lang='lat' dir='ltr'>et</span> 
     </span>
     <span class='ocr_line' id='line_1_3' title="bbox 523 1016 1535 1103; baseline 0.001 -23"><span class='ocrx_word' id='word_1_10' title='bbox 523 1016 561 1080; x_wconf 93' lang='lat' dir='ltr'>de</span> <span class='ocrx_word' id='word_1_11' title='bbox 584 1020 762 1082; x_wconf 89' lang='lat' dir='ltr'>commentis</span> <span class='ocrx_word' id='word_1_12' title='bbox 786 1018 936 1103; x_wconf 89' lang='lat' dir='ltr'>ejusmodi</span> <span class='ocrx_word' id='word_1_13' title='bbox 957 1020 1021 1103; x_wconf 90' lang='lat' dir='ltr'>jam</span> <span class='ocrx_word' id='word_1_14' title='bbox 1044 1019 1117 1081; x_wconf 87' lang='lat' dir='ltr'>satis</span> <span class='ocrx_word' id='word_1_15' title='bbox 1141 1018 1237 1081; x_wconf 88' lang='lat' dir='ltr'>multa</span> <span class='ocrx_word' id='word_1_16' title='bbox 1259 1017 1372 1081; x_wconf 82' lang='lat' dir='ltr'>dixisse</span> <span class='ocrx_word' id='word_1_17' title='bbox 1395 1016 1535 1081; x_wconf 83' lang='lat' dir='ltr'>videmur</span> 
     </span>
     <span class='ocr_line' id='line_1_4' title="bbox 523 1136 1532 1224; baseline 0.002 -26"><span class='ocrx_word' id='word_1_18' title='bbox 523 1136 610 1199; x_wconf 90' lang='lat' dir='ltr'>initio</span> <span class='ocrx_word' id='word_1_19' title='bbox 633 1137 843 1221; x_wconf 77' lang='lat' dir='ltr'>explicationis</span> <span class='ocrx_word' id='word_1_20' title='bbox 866 1138 959 1224; x_wconf 86' lang='lat' dir='ltr'>hujus</span> <span class='ocrx_word' id='word_1_21' title='bbox 983 1138 1134 1202; x_wconf 88' lang='lat' dir='ltr'>carminis.</span> <span class='ocrx_word' id='word_1_22' title='bbox 1152 1136 1192 1200; x_wconf 79' lang='lat' dir='ltr'>lit</span> <span class='ocrx_word' id='word_1_23' title='bbox 1208 1145 1288 1201; x_wconf 88' lang='lat' dir='ltr'>certe</span> <span class='ocrx_word' id='word_1_24' title='bbox 1303 1139 1398 1216; x_wconf 69' lang='grc' dir='ltr'>τέρμα</span> <span class='ocrx_word' id='word_1_25' title='bbox 1414 1137 1532 1215; x_wconf 75' lang='grc' dir='ltr'>δρόμου,</span> 
     </span>
     <span class='ocr_line' id='line_1_5' title="bbox 522 1255 1531 1339; baseline -0.001 -20"><span class='ocrx_word' id='word_1_26' title='bbox 522 1255 606 1339; x_wconf 92' lang='lat' dir='ltr'>quod</span> <span class='ocrx_word' id='word_1_27' title='bbox 627 1256 718 1320; x_wconf 91' lang='lat' dir='ltr'>modo</span> <span class='ocrx_word' id='word_1_28' title='bbox 740 1256 836 1321; x_wconf 89' lang='lat' dir='ltr'>Poeta</span> <span class='ocrx_word' id='word_1_29' title='bbox 856 1258 1052 1334; x_wconf 85' lang='lat' dir='ltr'>memoravit,</span> <span class='ocrx_word' id='word_1_30' title='bbox 1077 1279 1139 1321; x_wconf 91' lang='lat' dir='ltr'>uon</span> <span class='ocrx_word' id='word_1_31' title='bbox 1156 1266 1202 1320; x_wconf 91' lang='lat' dir='ltr'>est</span> <span class='ocrx_word' id='word_1_32' title='bbox 1217 1255 1462 1320; x_wconf 87' lang='lat' dir='ltr'>Theoxeniorum</span> <span class='ocrx_word' id='word_1_33' title='bbox 1478 1255 1531 1318; x_wconf 92' lang='lat' dir='ltr'>sed</span> 
     </span>
     <span class='ocr_line' id='line_1_6' title="bbox 522 1374 1533 1461; baseline -0.001 -23"><span class='ocrx_word' id='word_1_34' title='bbox 522 1374 750 1461; x_wconf 84' lang='lat' dir='ltr'>Olympiorum:</span> <span class='ocrx_word' id='word_1_35' title='bbox 775 1384 805 1440; x_wconf 91' lang='lat' dir='ltr'>et</span> <span class='ocrx_word' id='word_1_36' title='bbox 827 1378 930 1451; x_wconf 74' lang='grc' dir='ltr'>θαητὸς</span> <span class='ocrx_word' id='word_1_37' title='bbox 953 1379 1052 1453; x_wconf 69' lang='grc' dir='ltr'><strong>ἀγὼν,</strong></span> <span class='ocrx_word' id='word_1_38' title='bbox 1078 1398 1168 1461; x_wconf 91' lang='lat' dir='ltr'>quem</span> <span class='ocrx_word' id='word_1_39' title='bbox 1186 1376 1364 1460; x_wconf 80' lang='lat' dir='ltr'>insequente</span> <span class='ocrx_word' id='word_1_40' title='bbox 1380 1375 1533 1439; x_wconf 87' lang='lat' dir='ltr'>sententia</span> 
     </span>
     <span class='ocr_line' id='line_1_7' title="bbox 522 1469 1531 1581; baseline 0 -25"><span class='ocrx_word' id='word_1_41' title='bbox 522 1517 554 1557; x_wconf 88' lang='lat' dir='ltr'>vs</span> <span class='ocrx_word' id='word_1_42' title='bbox 576 1469 628 1557; x_wconf 70' lang='grc' dir='ltr'>ι66</span> <span class='ocrx_word' id='word_1_43' title='bbox 658 1503 822 1573; x_wconf 90' lang='lat' dir='ltr'>memorat,</span> <span class='ocrx_word' id='word_1_44' title='bbox 854 1494 1066 1581; x_wconf 84' lang='lat' dir='ltr'>Olympiorum</span> <span class='ocrx_word' id='word_1_45' title='bbox 1098 1502 1161 1573; x_wconf 87' lang='lat' dir='ltr'>est,</span> <span class='ocrx_word' id='word_1_46' title='bbox 1192 1494 1437 1558; x_wconf 88' lang='lat' dir='ltr'>Theoxeniorum</span> <span class='ocrx_word' id='word_1_47' title='bbox 1465 1515 1531 1557; x_wconf 86' lang='lat' dir='ltr'>esse</span> 
     </span>
     <span class='ocr_line' id='line_1_8' title="bbox 519 1612 1528 1699; baseline 0 -23"><span class='ocrx_word' id='word_1_48' title='bbox 519 1634 581 1676; x_wconf 93' lang='lat' dir='ltr'>non</span> <span class='ocrx_word' id='word_1_49' title='bbox 605 1620 714 1699; x_wconf 87' lang='lat' dir='ltr'>potest.</span> <span class='ocrx_word' id='word_1_50' title='bbox 761 1612 849 1693; x_wconf 79' lang='lat' dir='ltr'>Quae</span> <span class='ocrx_word' id='word_1_51' title='bbox 872 1635 943 1699; x_wconf 84' lang='lat' dir='ltr'>ergo</span> <span class='ocrx_word' id='word_1_52' title='bbox 967 1615 1042 1677; x_wconf 87' lang='lat' dir='ltr'>haec</span> <span class='ocrx_word' id='word_1_53' title='bbox 1065 1614 1144 1677; x_wconf 83' lang='lat' dir='ltr'>foret</span> <span class='ocrx_word' id='word_1_54' title='bbox 1167 1613 1306 1677; x_wconf 83' lang='lat' dir='ltr'>conlusio</span> <span class='ocrx_word' id='word_1_55' title='bbox 1328 1612 1528 1697; x_wconf 74' lang='lat' dir='ltr'>interpositae</span> 
     </span>
     <span class='ocr_line' id='line_1_9' title="bbox 521 1732 1530 1817; baseline -0.002 -22"><span class='ocrx_word' id='word_1_56' title='bbox 521 1734 681 1796; x_wconf 85' lang='lat' dir='ltr'>memoriae</span> <span class='ocrx_word' id='word_1_57' title='bbox 703 1733 773 1796; x_wconf 87' lang='lat' dir='ltr'>festi</span> <span class='ocrx_word' id='word_1_58' title='bbox 795 1733 935 1810; x_wconf 87' lang='lat' dir='ltr'>alterius,</span> <span class='ocrx_word' id='word_1_59' title='bbox 961 1732 1043 1816; x_wconf 89' lang='lat' dir='ltr'>quod</span> <span class='ocrx_word' id='word_1_60' title='bbox 1067 1733 1168 1817; x_wconf 91' lang='lat' dir='ltr'>ipsum</span> <span class='ocrx_word' id='word_1_61' title='bbox 1187 1732 1283 1796; x_wconf 89' lang='lat' dir='ltr'>Poeta</span> <span class='ocrx_word' id='word_1_62' title='bbox 1302 1754 1364 1796; x_wconf 91' lang='lat' dir='ltr'>non</span> <span class='ocrx_word' id='word_1_63' title='bbox 1381 1740 1530 1794; x_wconf 83' lang='lat' dir='ltr'>memoret</span> 
     </span>
     <span class='ocr_line' id='line_1_10' title="bbox 520 1849 1531 1936; baseline 0 -23"><span class='ocrx_word' id='word_1_64' title='bbox 520 1849 574 1914; x_wconf 88' lang='lat' dir='ltr'>sed</span> <span class='ocrx_word' id='word_1_65' title='bbox 589 1851 830 1936; x_wconf 87' lang='lat' dir='ltr'>conjectantibus</span> <span class='ocrx_word' id='word_1_66' title='bbox 847 1852 1069 1935; x_wconf 84' lang='lat' dir='ltr'>assequendum</span> <span class='ocrx_word' id='word_1_67' title='bbox 1085 1851 1258 1936; x_wconf 83' lang='lat' dir='ltr'>relinquat?</span> <span class='ocrx_word' id='word_1_68' title='bbox 1275 1850 1410 1914; x_wconf 90' lang='lat' dir='ltr'>Omnino</span> <span class='ocrx_word' id='word_1_69' title='bbox 1422 1850 1487 1922; x_wconf 87' lang='lat' dir='ltr'>adf</span> <span class='ocrx_word' id='word_1_70' title='bbox 1518 1886 1531 1897; x_wconf 94' lang='lat'><strong>·</strong></span> 
     </span>
     <span class='ocr_line' id='line_1_11' title="bbox 519 1969 1528 2056; baseline -0.001 -23"><span class='ocrx_word' id='word_1_71' title='bbox 519 1978 585 2034; x_wconf 90' lang='lat' dir='ltr'>tum</span> <span class='ocrx_word' id='word_1_72' title='bbox 610 1969 786 2055; x_wconf 90' lang='lat' dir='ltr'>Olympium</span> <span class='ocrx_word' id='word_1_73' title='bbox 811 1972 911 2035; x_wconf 88' lang='lat' dir='ltr'>venire</span> <span class='ocrx_word' id='word_1_74' title='bbox 934 1970 1083 2038; x_wconf 89' lang='lat' dir='ltr'>Hercules</span> <span class='ocrx_word' id='word_1_75' title='bbox 1107 1972 1243 2035; x_wconf 90' lang='lat' dir='ltr'>oratione</span> <span class='ocrx_word' id='word_1_76' title='bbox 1263 1970 1382 2056; x_wconf 91' lang='lat' dir='ltr'>poetica</span> <span class='ocrx_word' id='word_1_77' title='bbox 1396 1969 1528 2046; x_wconf 89' lang='lat' dir='ltr'>dicitur,</span> 
     </span>
     <span class='ocr_line' id='line_1_12' title="bbox 520 2090 1526 2175; baseline 0 -22"><span class='ocrx_word' id='word_1_78' title='bbox 520 2112 615 2174; x_wconf 94' lang='lat' dir='ltr'>quum</span> <span class='ocrx_word' id='word_1_79' title='bbox 639 2090 801 2174; x_wconf 84' lang='lat' dir='ltr'>singularis</span> <span class='ocrx_word' id='word_1_80' title='bbox 824 2112 897 2154; x_wconf 89' lang='lat' dir='ltr'>cura</span> <span class='ocrx_word' id='word_1_81' title='bbox 920 2090 1123 2175; x_wconf 84' lang='lat' dir='ltr'>significetur,</span> <span class='ocrx_word' id='word_1_82' title='bbox 1148 2112 1238 2173; x_wconf 89' lang='lat' dir='ltr'>quam</span> <span class='ocrx_word' id='word_1_83' title='bbox 1261 2091 1324 2175; x_wconf 85' lang='lat' dir='ltr'>ejus</span> <span class='ocrx_word' id='word_1_84' title='bbox 1340 2090 1410 2153; x_wconf 82' lang='lat' dir='ltr'>lasti</span> <span class='ocrx_word' id='word_1_85' title='bbox 1425 2097 1526 2174; x_wconf 87' lang='lat' dir='ltr'>gerat:</span> 
     </span>
     <span class='ocr_line' id='line_1_13' title="bbox 519 2208 1528 2293; baseline 0.001 -21"><span class='ocrx_word' id='word_1_86' title='bbox 519 2218 550 2272; x_wconf 89' lang='lat' dir='ltr'>et</span> <span class='ocrx_word' id='word_1_87' title='bbox 572 2230 627 2273; x_wconf 89' lang='lat' dir='ltr'>cur</span> <span class='ocrx_word' id='word_1_88' title='bbox 649 2232 718 2273; x_wconf 90' lang='lat' dir='ltr'>cum</span> <span class='ocrx_word' id='word_1_89' title='bbox 741 2208 922 2293; x_wconf 77' lang='lat' dir='ltr'>Tyndaridis</span> <span class='ocrx_word' id='word_1_90' title='bbox 946 2210 1064 2286; x_wconf 84' lang='lat' dir='ltr'>veniat,</span> <span class='ocrx_word' id='word_1_91' title='bbox 1089 2231 1180 2272; x_wconf 89' lang='lat' dir='ltr'>causa</span> <span class='ocrx_word' id='word_1_92' title='bbox 1202 2208 1359 2293; x_wconf 87' lang='lat' dir='ltr'>adjicitur,</span> <span class='ocrx_word' id='word_1_93' title='bbox 1382 2215 1443 2280; x_wconf 79' lang='grc' dir='ltr'>τοῖς</span> <span class='ocrx_word' id='word_1_94' title='bbox 1466 2210 1528 2288; x_wconf 73' lang='grc' dir='ltr'>γὰρ</span> 
     </span>
     <span class='ocr_line' id='line_1_14' title="bbox 433 2326 1525 2414; baseline -0.002 -22"><span class='ocrx_word' id='word_1_95' title='bbox 433 2401 439 2414; x_wconf 30' lang='lat'>¹</span> <span class='ocrx_word' id='word_1_96' title='bbox 519 2328 674 2408; x_wconf 77' lang='grc' dir='ltr'><em>ἐπέτροιπε.</em></span> <span class='ocrx_word' id='word_1_97' title='bbox 700 2326 782 2391; x_wconf 88' lang='lat' dir='ltr'>Oura</span> <span class='ocrx_word' id='word_1_98' title='bbox 805 2328 870 2391; x_wconf 90' lang='lat' dir='ltr'>ludi</span> <span class='ocrx_word' id='word_1_99' title='bbox 893 2327 1029 2413; x_wconf 90' lang='lat' dir='ltr'>Olympii</span> <span class='ocrx_word' id='word_1_100' title='bbox 1053 2327 1091 2391; x_wconf 90' lang='lat' dir='ltr'>ab</span> <span class='ocrx_word' id='word_1_101' title='bbox 1114 2328 1180 2413; x_wconf 91' lang='lat' dir='ltr'>ipso</span> <span class='ocrx_word' id='word_1_102' title='bbox 1204 2329 1303 2392; x_wconf 86' lang='lat' dir='ltr'>ornati</span> <span class='ocrx_word' id='word_1_103' title='bbox 1326 2336 1357 2391; x_wconf 93' lang='lat' dir='ltr'>et</span> <span class='ocrx_word' id='word_1_104' title='bbox 1375 2328 1525 2405; x_wconf 88' lang='lat' dir='ltr'>instituti,</span> 
     </span>
     <span class='ocr_line' id='line_1_15' title="bbox 518 2446 1525 2533; baseline 0 -22"><span class='ocrx_word' id='word_1_105' title='bbox 518 2459 622 2532; x_wconf 86' lang='lat' dir='ltr'>postea</span> <span class='ocrx_word' id='word_1_106' title='bbox 651 2446 832 2532; x_wconf 82' lang='lat' dir='ltr'>Tyndaridis</span> <span class='ocrx_word' id='word_1_107' title='bbox 862 2449 993 2526; x_wconf 89' lang='lat' dir='ltr'>tradita,</span> <span class='ocrx_word' id='word_1_108' title='bbox 1027 2471 1119 2513; x_wconf 89' lang='lat' dir='ltr'>causa</span> <span class='ocrx_word' id='word_1_109' title='bbox 1149 2450 1225 2526; x_wconf 84' lang='lat' dir='ltr'>fuit,</span> <span class='ocrx_word' id='word_1_110' title='bbox 1258 2470 1319 2533; x_wconf 92' lang='lat' dir='ltr'>qua</span> <span class='ocrx_word' id='word_1_111' title='bbox 1349 2446 1525 2533; x_wconf 79' lang='lat' dir='ltr'>Olympiam</span> 
     </span>
     <span class='ocr_line' id='line_1_16' title="bbox 518 2566 1526 2651; baseline 0.002 -22"><span class='ocrx_word' id='word_1_112' title='bbox 518 2589 587 2630; x_wconf 92' lang='lat' dir='ltr'>cum</span> <span class='ocrx_word' id='word_1_113' title='bbox 609 2566 672 2630; x_wconf 91' lang='lat' dir='ltr'>illis</span> <span class='ocrx_word' id='word_1_114' title='bbox 695 2568 829 2645; x_wconf 87' lang='lat' dir='ltr'>veniret,</span> <span class='ocrx_word' id='word_1_115' title='bbox 860 2590 921 2631; x_wconf 93' lang='lat' dir='ltr'>non</span> <span class='ocrx_word' id='word_1_116' title='bbox 946 2590 1006 2651; x_wconf 91' lang='lat' dir='ltr'>qua</span> <span class='ocrx_word' id='word_1_117' title='bbox 1030 2567 1068 2631; x_wconf 90' lang='lat' dir='ltr'>ad</span> <span class='ocrx_word' id='word_1_118' title='bbox 1092 2567 1175 2632; x_wconf 91' lang='lat' dir='ltr'>aliud</span> <span class='ocrx_word' id='word_1_119' title='bbox 1200 2590 1218 2631; x_wconf 92' lang='lat' dir='ltr'>a</span> <span class='ocrx_word' id='word_1_120' title='bbox 1239 2567 1409 2631; x_wconf 88' lang='lat' dir='ltr'>scholiastis</span> <span class='ocrx_word' id='word_1_121' title='bbox 1433 2567 1526 2631; x_wconf 89' lang='lat' dir='ltr'>inter·</span> 
     </span>
     <span class='ocr_line' id='line_1_17' title="bbox 517 2686 913 2752; baseline 0.005 -3"><span class='ocrx_word' id='word_1_122' title='bbox 517 2693 632 2750; x_wconf 89' lang='lat' dir='ltr'>sertum</span> <span class='ocrx_word' id='word_1_123' title='bbox 653 2686 764 2751; x_wconf 85' lang='lat' dir='ltr'>festum</span> <span class='ocrx_word' id='word_1_124' title='bbox 788 2688 913 2752; x_wconf 87' lang='lat' dir='ltr'>veniret.</span> 
     </span>
    </p>

    <p class='ocr_par' dir='ltr' id='par_1_3' title="bbox 562 2804 1521 2887">
     <span class='ocr_line' id='line_1_18' title="bbox 562 2804 1521 2887; baseline 0.002 -19"><span class='ocrx_word' id='word_1_125' title='bbox 562 2808 613 2868; x_wconf 90' lang='grc'>66.</span> <span class='ocrx_word' id='word_1_126' title='bbox 649 2807 721 2886; x_wconf 76' lang='grc' dir='ltr'><strong><em>περὶ.</em></strong></span> <span class='ocrx_word' id='word_1_127' title='bbox 759 2804 910 2870; x_wconf 84' lang='lat' dir='ltr'>Construe</span> <span class='ocrx_word' id='word_1_128' title='bbox 932 2807 1035 2883; x_wconf 65' lang='lat' dir='ltr'>duduc</span> <span class='ocrx_word' id='word_1_129' title='bbox 1058 2806 1121 2887; x_wconf 75' lang='lat' dir='ltr'>aspi</span> <span class='ocrx_word' id='word_1_130' title='bbox 1144 2808 1252 2887; x_wconf 68' lang='grc' dir='ltr'><em>ἀρετᾶς</em></span> <span class='ocrx_word' id='word_1_131' title='bbox 1274 2806 1378 2886; x_wconf 69' lang='grc' dir='ltr'><em>ἀνδρῶν</em></span> <span class='ocrx_word' id='word_1_132' title='bbox 1397 2830 1424 2871; x_wconf 90' lang='grc' dir='ltr'>κ.</span> <span class='ocrx_word' id='word_1_133' title='bbox 1443 2830 1473 2870; x_wconf 83' lang='grc' dir='ltr'>τ.</span> <span class='ocrx_word' id='word_1_134' title='bbox 1491 2819 1521 2871; x_wconf 75' lang='grc' dir='ltr'>λ.</span> 
     </span>
    </p>

    <p class='ocr_par' dir='ltr' id='par_1_4' title="bbox 514 2922 1568 3130">
     <span class='ocr_line' id='line_1_19' title="bbox 563 2922 1522 3010; baseline -0.002 -22"><span class='ocrx_word' id='word_1_135' title='bbox 563 2925 613 2988; x_wconf 84' lang='grc'>70.</span> <span class='ocrx_word' id='word_1_136' title='bbox 649 2924 784 2991; x_wconf 78' lang='grc' dir='ltr'><em>διδόντων.</em></span> <span class='ocrx_word' id='word_1_137' title='bbox 820 2924 990 2989; x_wconf 83' lang='lat' dir='ltr'>Praemium</span> <span class='ocrx_word' id='word_1_138' title='bbox 1020 2925 1142 3010; x_wconf 90' lang='lat' dir='ltr'>pietatis</span> <span class='ocrx_word' id='word_1_139' title='bbox 1171 2924 1306 2989; x_wconf 86' lang='lat' dir='ltr'>tribuere</span> <span class='ocrx_word' id='word_1_140' title='bbox 1328 2922 1522 3008; x_wconf 81' lang='lat' dir='ltr'>Tyndaridae</span> 
     </span>
     <span class='ocr_line' id='line_1_20' title="bbox 514 3042 1568 3130; baseline -0.001 -24"><span class='ocrx_word' id='word_1_141' title='bbox 514 3042 647 3108; x_wconf 90' lang='lat' dir='ltr'>Theroni</span> <span class='ocrx_word' id='word_1_142' title='bbox 681 3043 854 3123; x_wconf 88' lang='lat' dir='ltr'>victoriam,</span> <span class='ocrx_word' id='word_1_143' title='bbox 890 3045 950 3130; x_wconf 90' lang='lat' dir='ltr'>ipsi</span> <span class='ocrx_word' id='word_1_144' title='bbox 985 3044 1158 3108; x_wconf 84' lang='lat' dir='ltr'>certaminis</span> <span class='ocrx_word' id='word_1_145' title='bbox 1192 3042 1355 3129; x_wconf 89' lang='lat' dir='ltr'>praesides.</span> <span class='ocrx_word' id='word_1_146' title='bbox 1408 3042 1521 3128; x_wconf 87' lang='lat' dir='ltr'>Pelops</span> <span class='ocrx_word' id='word_1_147' title='bbox 1560 3081 1568 3098; x_wconf 65' lang='grc' dir='ltr'>ι</span> 
     </span>
    </p>
   </div>
   <div class='ocr_carea' id='block_1_3' title="bbox 513 3162 1520 3250">
    <p class='ocr_par' dir='ltr' id='par_1_5' title="bbox 513 3162 1520 3250">
     <span class='ocr_line' id='line_1_21' title="bbox 513 3162 1520 3250; baseline -0.003 -21"><span class='ocrx_word' id='word_1_148' title='bbox 513 3164 638 3230; x_wconf 88' lang='lat' dir='ltr'>eandem</span> <span class='ocrx_word' id='word_1_149' title='bbox 663 3165 845 3250; x_wconf 88' lang='lat' dir='ltr'>praeclaram</span> <span class='ocrx_word' id='word_1_150' title='bbox 865 3164 1032 3228; x_wconf 85' lang='lat' dir='ltr'>mercedem</span> <span class='ocrx_word' id='word_1_151' title='bbox 1054 3165 1163 3228; x_wconf 90' lang='lat' dir='ltr'>amoris</span> <span class='ocrx_word' id='word_1_152' title='bbox 1184 3187 1201 3228; x_wconf 92' lang='lat' dir='ltr'>a</span> <span class='ocrx_word' id='word_1_153' title='bbox 1221 3162 1368 3248; x_wconf 84' lang='lat' dir='ltr'>Neptuno</span> <span class='ocrx_word' id='word_1_154' title='bbox 1388 3164 1520 3248; x_wconf 88' lang='lat' dir='ltr'>accepit,</span> 
     </span>
    </p>
   </div>
   <div class='ocr_carea' id='block_1_4' title="bbox 513 3283 1518 3487">
    <p class='ocr_par' dir='ltr' id='par_1_6' title="bbox 513 3283 1518 3487">
     <span class='ocr_line' id='line_1_22' title="bbox 513 3283 703 3348; baseline 0 -1"><span class='ocrx_word' id='word_1_155' title='bbox 513 3283 563 3348; x_wconf 92' lang='lat' dir='ltr'>Ol.</span> <span class='ocrx_word' id='word_1_156' title='bbox 588 3284 605 3347; x_wconf 94' lang='lat' dir='ltr'>I</span> <span class='ocrx_word' id='word_1_157' title='bbox 630 3286 703 3347; x_wconf 83' lang='lat'><strong>139.</strong></span> 
     </span>
     <span class='ocr_line' id='line_1_23' title="bbox 557 3370 1518 3487; baseline -0.004 -18"><span class='ocrx_word' id='word_1_158' title='bbox 557 3370 609 3469; x_wconf 73' lang='lat' dir='ltr'>lt.</span> <span class='ocrx_word' id='word_1_159' title='bbox 640 3401 765 3479; x_wconf 68' lang='grc' dir='ltr'><em>ξεινίαις.</em></span> <span class='ocrx_word' id='word_1_160' title='bbox 798 3402 889 3487; x_wconf 89' lang='lat' dir='ltr'>Apud</span> <span class='ocrx_word' id='word_1_161' title='bbox 914 3401 1020 3486; x_wconf 81' lang='lat' dir='ltr'>Eurip.</span> <span class='ocrx_word' id='word_1_162' title='bbox 1046 3401 1154 3465; x_wconf 91' lang='lat' dir='ltr'>Helen.</span> <span class='ocrx_word' id='word_1_163' title='bbox 1180 3403 1280 3477; x_wconf 89' lang='grc'><strong>1666,</strong></span> <span class='ocrx_word' id='word_1_164' title='bbox 1305 3422 1396 3485; x_wconf 90' lang='lat' dir='ltr'>quem</span> <span class='ocrx_word' id='word_1_165' title='bbox 1414 3400 1518 3465; x_wconf 86' lang='lat' dir='ltr'>locum</span> 
     </span>
    </p>
   </div>
   <div class='ocr_carea' id='block_1_5' title="bbox 511 3519 1518 3606">
    <p class='ocr_par' dir='ltr' id='par_1_7' title="bbox 511 3519 1518 3606">
     <span class='ocr_line' id='line_1_24' title="bbox 511 3519 1518 3606; baseline 0 -22"><span class='ocrx_word' id='word_1_166' title='bbox 511 3520 550 3584; x_wconf 91' lang='lat' dir='ltr'>ad</span> <span class='ocrx_word' id='word_1_167' title='bbox 584 3544 618 3584; x_wconf 89' lang='lat' dir='ltr'>vs</span> <span class='ocrx_word' id='word_1_168' title='bbox 649 3524 668 3582; x_wconf 77' lang='lat'>2</span> <span class='ocrx_word' id='word_1_169' title='bbox 704 3520 880 3599; x_wconf 84' lang='lat' dir='ltr'>attulimus,</span> <span class='ocrx_word' id='word_1_170' title='bbox 911 3521 972 3606; x_wconf 90' lang='lat' dir='ltr'>ipsi</span> <span class='ocrx_word' id='word_1_171' title='bbox 1003 3521 1146 3585; x_wconf 88' lang='lat' dir='ltr'>Dioscuri</span> <span class='ocrx_word' id='word_1_172' title='bbox 1177 3542 1233 3584; x_wconf 91' lang='lat' dir='ltr'>sua</span> <span class='ocrx_word' id='word_1_173' title='bbox 1255 3541 1339 3583; x_wconf 88' lang='lat' dir='ltr'>sacra</span> <span class='ocrx_word' id='word_1_174' title='bbox 1362 3519 1518 3603; x_wconf 89' lang='lat' dir='ltr'>appellant</span> 
     </span>
    </p>
   </div>
   <div class='ocr_carea' id='block_1_6' title="bbox 511 3637 1517 3751">
    <p class='ocr_par' dir='ltr' id='par_1_8' title="bbox 511 3637 1517 3751">
     <span class='ocr_line' id='line_1_25' title="bbox 511 3637 1517 3751; baseline -0.003 -47"><span class='ocrx_word' id='word_1_175' title='bbox 511 3638 607 3716; x_wconf 75' lang='grc' dir='ltr'>ξένια,</span> <span class='ocrx_word' id='word_1_176' title='bbox 635 3662 696 3704; x_wconf 92' lang='lat' dir='ltr'>uon</span> <span class='ocrx_word' id='word_1_177' title='bbox 719 3647 821 3704; x_wconf 89' lang='lat' dir='ltr'>tamen</span> <span class='ocrx_word' id='word_1_178' title='bbox 843 3648 880 3751; x_wconf 75' lang='lat' dir='ltr'>dt</span> <span class='ocrx_word' id='word_1_179' title='bbox 902 3640 1112 3725; x_wconf 83' lang='lat' dir='ltr'>significentur</span> <span class='ocrx_word' id='word_1_180' title='bbox 1134 3661 1255 3703; x_wconf 90' lang='lat' dir='ltr'>mensae</span> <span class='ocrx_word' id='word_1_181' title='bbox 1278 3637 1390 3723; x_wconf 90' lang='lat' dir='ltr'>quibus</span> <span class='ocrx_word' id='word_1_182' title='bbox 1413 3638 1517 3724; x_wconf 90' lang='lat' dir='ltr'>hospi-</span> 
     </span>
    </p>
   </div>
   <div class='ocr_carea' id='block_1_7' title="bbox 510 3758 1545 4556">
    <p class='ocr_par' dir='ltr' id='par_1_9' title="bbox 510 3758 1545 4556">
     <span class='ocr_line' id='line_1_26' title="bbox 511 3758 1518 3847; baseline -0.002 -22"><span class='ocrx_word' id='word_1_183' title='bbox 511 3769 557 3825; x_wconf 93' lang='lat' dir='ltr'>tes</span> <span class='ocrx_word' id='word_1_184' title='bbox 588 3762 813 3847; x_wconf 82' lang='lat' dir='ltr'>exciperentur,</span> <span class='ocrx_word' id='word_1_185' title='bbox 846 3761 905 3825; x_wconf 82' lang='lat' dir='ltr'>sed.</span> <span class='ocrx_word' id='word_1_186' title='bbox 926 3760 1104 3847; x_wconf 89' lang='lat' dir='ltr'>simpliciter</span> <span class='ocrx_word' id='word_1_187' title='bbox 1127 3782 1210 3824; x_wconf 87' lang='lat' dir='ltr'>sacra</span> <span class='ocrx_word' id='word_1_188' title='bbox 1233 3759 1291 3823; x_wconf 93' lang='lat' dir='ltr'>sibi</span> <span class='ocrx_word' id='word_1_189' title='bbox 1314 3770 1350 3823; x_wconf 89' lang='lat' dir='ltr'>ut</span> <span class='ocrx_word' id='word_1_190' title='bbox 1372 3759 1441 3823; x_wconf 90' lang='lat' dir='ltr'>Diis</span> <span class='ocrx_word' id='word_1_191' title='bbox 1465 3758 1518 3823; x_wconf 92' lang='lat' dir='ltr'>do-</span> 
     </span>
     <span class='ocr_line' id='line_1_27' title="bbox 511 3878 1545 3965; baseline -0.001 -20"><span class='ocrx_word' id='word_1_192' title='bbox 511 3889 596 3946; x_wconf 87' lang='lat' dir='ltr'>nata:</span> <span class='ocrx_word' id='word_1_193' title='bbox 621 3881 704 3965; x_wconf 92' lang='lat' dir='ltr'>quod</span> <span class='ocrx_word' id='word_1_194' title='bbox 728 3881 870 3946; x_wconf 88' lang='lat' dir='ltr'>convenit</span> <span class='ocrx_word' id='word_1_195' title='bbox 893 3881 1039 3965; x_wconf 85' lang='lat' dir='ltr'>antiquae</span> <span class='ocrx_word' id='word_1_196' title='bbox 1063 3880 1099 3944; x_wconf 89' lang='lat' dir='ltr'>de</span> <span class='ocrx_word' id='word_1_197' title='bbox 1116 3880 1207 3943; x_wconf 90' lang='lat' dir='ltr'>sacris</span> <span class='ocrx_word' id='word_1_198' title='bbox 1223 3878 1405 3956; x_wconf 88' lang='lat' dir='ltr'>sententiae,</span> <span class='ocrx_word' id='word_1_199' title='bbox 1427 3902 1518 3964; x_wconf 89' lang='lat' dir='ltr'>quam</span> <span class='ocrx_word' id='word_1_200' title='bbox 1542 3897 1545 3904; x_wconf 83' lang='grc'><strong>’</strong></span> 
     </span>
     <span class='ocr_line' id='line_1_28' title="bbox 510 3996 1518 4085; baseline -0.003 -22"><span class='ocrx_word' id='word_1_201' title='bbox 510 4007 540 4063; x_wconf 90' lang='lat' dir='ltr'>et</span> <span class='ocrx_word' id='word_1_202' title='bbox 571 3998 645 4063; x_wconf 89' lang='lat' dir='ltr'>alibi</span> <span class='ocrx_word' id='word_1_203' title='bbox 677 4021 765 4085; x_wconf 89' lang='lat' dir='ltr'>saepe</span> <span class='ocrx_word' id='word_1_204' title='bbox 798 4021 968 4084; x_wconf 87' lang='lat' dir='ltr'>expressam</span> <span class='ocrx_word' id='word_1_205' title='bbox 998 3998 1269 4083; x_wconf 88' lang='lat' dir='ltr'>deprehendimus,</span> <span class='ocrx_word' id='word_1_206' title='bbox 1298 4005 1329 4061; x_wconf 92' lang='lat' dir='ltr'>et</span> <span class='ocrx_word' id='word_1_207' title='bbox 1350 3997 1431 4081; x_wconf 92' lang='lat' dir='ltr'>apud</span> <span class='ocrx_word' id='word_1_208' title='bbox 1456 3996 1518 4061; x_wconf 91' lang='lat' dir='ltr'>Ho-</span> 
     </span>
     <span class='ocr_line' id='line_1_29' title="bbox 511 4100 1517 4197; baseline -0.003 -15"><span class='ocrx_word' id='word_1_209' title='bbox 511 4141 643 4196; x_wconf 89' lang='lat' dir='ltr'>merum,</span> <span class='ocrx_word' id='word_1_210' title='bbox 667 4117 727 4183; x_wconf 87' lang='lat' dir='ltr'>Od.</span> <span class='ocrx_word' id='word_1_211' title='bbox 751 4118 788 4183; x_wconf 76' lang='lat' dir='ltr'>E.</span> <span class='ocrx_word' id='word_1_212' title='bbox 814 4121 893 4197; x_wconf 86' lang='lat'>100,</span> <span class='ocrx_word' id='word_1_213' title='bbox 918 4118 972 4182; x_wconf 91' lang='lat' dir='ltr'>ubi</span> <span class='ocrx_word' id='word_1_214' title='bbox 995 4100 1183 4194; x_wconf 84' lang='lat' dir='ltr'>Mercurius,</span> <span class='ocrx_word' id='word_1_215' title='bbox 1208 4139 1226 4180; x_wconf 92' lang='lat' dir='ltr'>a</span> <span class='ocrx_word' id='word_1_216' title='bbox 1247 4115 1322 4180; x_wconf 86' lang='lat' dir='ltr'>Jove</span> <span class='ocrx_word' id='word_1_217' title='bbox 1344 4117 1457 4180; x_wconf 85' lang='lat' dir='ltr'>missus</span> <span class='ocrx_word' id='word_1_218' title='bbox 1479 4116 1517 4180; x_wconf 87' lang='lat' dir='ltr'>ad</span> 
     </span>
     <span class='ocr_line' id='line_1_30' title="bbox 510 4235 1516 4324; baseline -0.001 -23"><span class='ocrx_word' id='word_1_219' title='bbox 510 4236 659 4324; x_wconf 86' lang='lat' dir='ltr'>Oalypso,</span> <span class='ocrx_word' id='word_1_220' title='bbox 695 4238 773 4302; x_wconf 87' lang='lat' dir='ltr'>viam</span> <span class='ocrx_word' id='word_1_221' title='bbox 808 4237 1027 4323; x_wconf 78' lang='lat' dir='ltr'>inhospitalem</span> <span class='ocrx_word' id='word_1_222' title='bbox 1063 4236 1202 4320; x_wconf 87' lang='lat' dir='ltr'>queritur</span> <span class='ocrx_word' id='word_1_223' title='bbox 1235 4245 1265 4299; x_wconf 91' lang='lat' dir='ltr'>et</span> <span class='ocrx_word' id='word_1_224' title='bbox 1298 4235 1516 4320; x_wconf 87' lang='lat' dir='ltr'>longinquam,</span> 
     </span>
     <span class='ocr_line' id='line_1_31' title="bbox 510 4354 1517 4440; baseline -0.002 -19"><span class='ocrx_word' id='word_1_225' title='bbox 510 4357 604 4421; x_wconf 87' lang='lat' dir='ltr'>nullis</span> <span class='ocrx_word' id='word_1_226' title='bbox 628 4357 786 4420; x_wconf 90' lang='lat' dir='ltr'>hominum</span> <span class='ocrx_word' id='word_1_227' title='bbox 810 4356 998 4421; x_wconf 88' lang='lat' dir='ltr'>hecatombis</span> <span class='ocrx_word' id='word_1_228' title='bbox 1023 4357 1229 4439; x_wconf 89' lang='lat' dir='ltr'>conspicuam.</span> <span class='ocrx_word' id='word_1_229' title='bbox 1269 4354 1413 4440; x_wconf 85' lang='lat' dir='ltr'>Appellat</span> <span class='ocrx_word' id='word_1_230' title='bbox 1436 4354 1517 4419; x_wconf 90' lang='lat' dir='ltr'>idem</span> 
     </span>
     <span class='ocr_line' id='line_1_32' title="bbox 511 4470 1514 4556; baseline -0.001 -20"><span class='ocrx_word' id='word_1_231' title='bbox 511 4473 604 4538; x_wconf 89' lang='lat' dir='ltr'>Poeta</span> <span class='ocrx_word' id='word_1_232' title='bbox 635 4496 719 4538; x_wconf 83' lang='lat' dir='ltr'>sacra</span> <span class='ocrx_word' id='word_1_233' title='bbox 750 4473 885 4538; x_wconf 87' lang='lat' dir='ltr'>Deorum</span> <span class='ocrx_word' id='word_1_234' title='bbox 916 4474 1021 4556; x_wconf 68' lang='lat' dir='ltr'>taire,</span> <span class='ocrx_word' id='word_1_235' title='bbox 1054 4471 1092 4536; x_wconf 89' lang='grc' dir='ltr'>Π.</span> <span class='ocrx_word' id='word_1_236' title='bbox 1124 4472 1140 4534; x_wconf 94' lang='grc' dir='ltr'>Ι</span> <span class='ocrx_word' id='word_1_237' title='bbox 1171 4474 1253 4547; x_wconf 74' lang='lat'>424,</span> <span class='ocrx_word' id='word_1_238' title='bbox 1286 4478 1316 4534; x_wconf 91' lang='lat' dir='ltr'>et</span> <span class='ocrx_word' id='word_1_239' title='bbox 1346 4470 1514 4550; x_wconf 87' lang='lat' dir='ltr'>Pindarus,</span> 
     </span>
    </p>
   </div>
   <div class='ocr_carea' id='block_1_8' title="bbox 0 0 1888 5534">
    <p class='ocr_par' dir='ltr' id='par_1_10' title="bbox 0 0 1888 5534">
     <span class='ocr_line' id='line_1_33' title="bbox 0 0 1888 5534; baseline 0 6"><span class='ocrx_word' id='word_1_240' title='bbox 0 0 1888 5534; x_wconf 95' lang='lat' dir='ltr'> </span> 
     </span>
    </p>
   </div>
  </div>
 </body>
</html>
