3767 5534
1003 737 1066 797 558

527 937 672 1001 invenire.
708 935 823 1000 Verum
848 943 922 1000 sunt
944 959 1047 1020 preces
1071 961 1126 1022 pro
1150 947 1239 1023 gente
1265 939 1544 1025 Oligaethidarum.

527 1060 635 1134 Κοῦφω
668 1054 752 1126 πόδες
781 1053 894 1117 habent
925 1054 1072 1138 agilitatis
1107 1064 1137 1119 et
1169 1057 1325 1122 facilitatis
1349 1060 1544 1143 significatio-

528 1195 613 1235 nem:
645 1172 808 1236 celeritatis
840 1171 965 1255 quidem
999 1154 1092 1257 Sopb.
1119 1175 1191 1239 Ant.
1217 1178 1281 1237 224
1305 1181 1412 1257 κοῦφον
1435 1176 1544 1257 ἐξάρας

528 1289 614 1354 addc.
660 1288 750 1353 Oonf.
775 1288 813 1352 ad
836 1287 887 1352 Ol.
912 1289 991 1353 XIV
1014 1294 1067 1355 24.
1103 1291 1257 1359 Ἐκνεῦσαιι
1274 1302 1377 1358 autem
1394 1304 1439 1358 est
1456 1298 1544 1379 quasi

529 1430 545 1471 e
557 1408 633 1471 mari
645 1408 852 1492 fluctibusque
865 1408 1016 1472 malorum
1028 1409 1153 1474 evadere
1163 1410 1243 1496 apud
1253 1411 1360 1497 Eurip.
1370 1412 1466 1497 Hipp.
1477 1417 1542 1479 470

896 1529 925 1598 ἐς
948 1527 978 1591 δὲ
1000 1530 1051 1601 τὴν
1073 1528 1171 1608 τύχην

527 1770 558 1827 et
582 1765 644 1828 817

679 1885 774 1944 cauda
796 1880 820 1943 δ’
842 1881 855 1944 ὃ
878 1879 1002 1958 τλάμων
1025 1880 1158 1960 πέλαγος
1183 1883 1277 1963 εἰσορῶ

678 2003 827 2079 τοσοῦτον,
852 1996 926 2062 ὥστε
945 1998 1056 2076 μήποτ’
1079 2000 1211 2065 ἐκνεῦσαι
1237 1999 1337 2065 πάλιν.

526 2120 592 2203 Age
620 2138 706 2181 vero:
731 2138 806 2179 num
829 2114 1043 2199 Oligaethidae
1067 2116 1293 2182 calamitatibus
1317 2119 1541 2183 circumventi?

525 2234 593 2299 Imo
634 2240 721 2298 tanta
750 2233 880 2296 landum
907 2234 1105 2298 maximarum
1137 2235 1237 2298 ornati
1268 2234 1473 2314 abundantia,
1506 2247 1542 2301 ut

525 2353 703 2417 viderentur
733 2351 822 2415 obrui
853 2372 960 2434 posse,
991 2373 1049 2414 nec
1080 2351 1197 2416 laetitia
1227 2375 1281 2437 per
1307 2354 1538 2438 temperantiam

525 2471 596 2535 frui.
633 2472 736 2552 Atque
758 2468 817 2533 hoc
840 2475 997 2553 precatur,
1023 2475 1058 2532 ut
1083 2478 1268 2553 cognoscant
1284 2494 1316 2535 se
1332 2471 1434 2555 ipsos,
1451 2474 1539 2557 cujus

526 2588 617 2651 sortis
646 2587 725 2663 sint,
749 2608 806 2649 nec
829 2585 933 2650 obruti
956 2587 1008 2650 sed
1032 2588 1128 2652 evecti
1153 2611 1206 2673 per
1228 2590 1485 2673 tranquillitatem
1509 2599 1539 2656 et

525 2703 744 2769 continentiam
772 2703 888 2787 optima
910 2702 1033 2767 demum
1056 2704 1211 2769 felicitatis
1236 2706 1398 2773 dulcedine
1423 2708 1538 2793 perfru-

526 2830 633 2888 antur:
657 2823 716 2886 hoc
741 2828 786 2885 est
808 2821 888 2885 illud
911 2820 995 2902 clupea
1018 2824 1095 2887 ἑλεῖν
1117 2823 1223 2904 dccxci
1248 2849 1281 2890 τε
1305 2825 1457 2903 rauracus:
1482 2828 1535 2911 Py.

526 2941 574 3005 XI
599 2945 651 3005 84.
682 2939 822 3004 Multum
845 2962 917 3004 sane
939 2941 1068 3005 interest
1091 2942 1171 3005 inter
1193 2951 1328 3007 nostram
1354 2946 1536 3009 sententiam

526 3068 555 3124 et
586 3059 794 3136 Boeckhium,
827 3057 940 3142 pedum
970 3058 1124 3124 levitatem
1157 3060 1196 3123 ad
1219 3061 1347 3125 victores
1370 3062 1440 3126 ideo
1465 3063 1537 3126 refe

524 3187 659 3255 rentem,
694 3176 768 3260 quia
803 3167 952 3240 currendo
987 3177 1196 3262 praestiterint
1228 3187 1258 3242 et
1289 3180 1423 3262 praemia
1454 3182 1536 3245 nacti

524 3296 595 3360 sint.
642 3293 702 3358 Sed
737 3301 819 3357 recte
852 3291 1065 3377 Nfigelsbacb,
1097 3294 1280 3359 Nachflom.
1312 3318 1343 3380 p.
1376 3299 1460 3375 213,
1492 3320 1537 3361 os·

523 3414 640 3491 tendit,
673 3411 827 3496 quomodo
856 3412 900 3496 pii
931 3410 1040 3476 Graeci
1070 3412 1211 3497 precibus
1243 3415 1305 3479 suis
1336 3436 1398 3477 non
1422 3425 1534 3480 sortem

523 3541 644 3600 tantum
676 3552 762 3595 suam
793 3552 897 3593 verum
928 3530 1020 3593 etiam
1051 3530 1186 3594 animum
1214 3531 1440 3595 commendasse
1467 3532 1535 3596 Diis

523 3652 700 3728 videantur,
724 3650 757 3713 in
780 3649 837 3712 hae
860 3669 1038 3731 quoquere
1061 3670 1123 3711 non
1148 3649 1211 3712 suis
1234 3649 1351 3714 viribus
1373 3649 1456 3714 freti.

933 3919 1125 3930 ——-—

868 4119 1065 4186 OLYMPIA
1093 4118 1180 4185 XIV.

567 4356 742 4425 Secundum
766 4358 943 4425 scholiastas
964 4357 1039 4423 hacc
1055 4357 1182 4421 victoria
1196 4364 1351 4441 reportata
1366 4365 1412 4421 est
1428 4355 1534 4442 Olym-

523 4477 612 4563 piade
642 4476 792 4544 LXXVI:
832 4478 914 4562 quod
945 4478 988 4542 ita
1017 4475 1209 4561 requendum
1240 4475 1399 4553 existimo,
1433 4494 1469 4538 ut
1499 4496 1534 4539 aa
