3767 5534
985 730 1049 790 298

505 925 609 1003 fratri,
641 926 695 1010 qui
719 935 905 993 memoratur
929 954 962 994 vs
988 934 1039 993 89.
1088 932 1209 1012 Quodsi
1228 933 1292 1018 jam
1317 940 1404 1011 tum,
1429 956 1528 1018 quum

504 1041 656 1108 Pindarus
688 1044 746 1109 hoc
777 1069 899 1113 carmen
931 1050 1093 1127 scriberet,
1120 1074 1171 1115 cae
1195 1051 1304 1116 turbae
1327 1051 1463 1116 Theroni
1488 1052 1526 1116 ab

504 1161 641 1228 Hierone
671 1172 772 1229 motae
802 1166 947 1246 luerunt,
973 1189 1049 1252 quas
1073 1171 1257 1247 memoravi,
1284 1178 1314 1233 et
1337 1170 1527 1256 Thrasydaei

504 1281 669 1347 crudelitas
700 1284 733 1347 in
764 1292 903 1369 apertum
938 1287 1167 1353 Himerensium
1191 1289 1296 1354 odium
1321 1289 1442 1373 erupit,
1467 1290 1526 1353 for·

504 1407 585 1463 tasse
608 1401 700 1465 tacite
725 1403 773 1465 his
797 1404 938 1487 precibus
963 1406 1088 1470 inclusit
1111 1406 1206 1471 Poeta
1227 1407 1351 1471 illorum
1371 1408 1524 1472 malorum

503 1522 795 1586 averruncationem.
832 1522 1014 1588 Xenocratis
1037 1525 1162 1608 quidem
1179 1526 1278 1589 filium
1293 1526 1522 1611 Thrasybulum

501 1640 639 1724 impense
658 1640 811 1731 laudarit,
833 1642 889 1727 Py.
907 1642 968 1721 VI,
987 1643 1064 1708 Isth.
1082 1644 1126 1709 ΙΙ.
1144 1645 1238 1710 Tacta
1254 1646 1380 1729 quidem
1397 1644 1434 1710 ea
1449 1654 1524 1710 sunt

501 1759 635 1823 carmina
658 1761 753 1845 prius.
790 1760 911 1841 Quodsi
931 1764 1059 1828 fortasse
1080 1765 1117 1829 ab
1134 1765 1261 1830 ineunte
1277 1774 1377 1830 aetate
1393 1764 1524 1851 Thrasy·

501 1877 596 1941 dacus
615 1879 678 1963 jam
699 1881 857 1965 praesagia
880 1882 1022 1966 praebuit
1045 1884 1110 1968 ejus
1134 1884 1287 1962 malitiae,
1312 1906 1391 1969 quae
1416 1891 1524 1969 postea

502 1997 657 2081 apparuit,
676 1998 740 2061 fieri
755 2006 871 2083 potest,
888 2007 925 2064 ut
940 2000 1125 2085 Thrasybuli
1142 2002 1280 2088 exemplo
1299 2012 1330 2067 et
1341 2002 1523 2068 laudatione

502 2116 731 2202 Thrasydaeum
753 2140 874 2183 movere
898 2120 991 2184 etad
1015 2122 1159 2186 virtutem
1183 2143 1323 2186 revocare
1347 2121 1492 2187 voluerit.

549 2241 601 2301 29.
636 2245 691 2303 τῶν
714 2239 744 2302 δὲ
766 2240 982 2321 πεπραγμένων
1005 2266 1032 2307 κ.
1054 2267 1082 2307 τ.
1103 2258 1133 2308 λ.
1169 2241 1274 2307 Refert
1297 2240 1372 2306 haec
1396 2240 1523 2307 Karste-

501 2357 572 2421 nius
595 2356 633 2421 ad
658 2359 834 2441 sequentia,
860 2368 897 2423 ut
920 2361 1020 2445 posita
1042 2361 1105 2425 sint
1128 2360 1167 2424 ad
1191 2359 1432 2446 praeparandam
1453 2381 1523 2424 nar·

501 2477 650 2541 rationem
674 2477 712 2541 de
736 2470 835 2563 piisca
858 2479 981 2543 victoris
1006 2488 1106 2564 gente.
1145 2478 1256 2563 Neque
1278 2479 1311 2544 id
1335 2501 1423 2565 nego.
1460 2478 1521 2544 Sed

503 2595 541 2659 ad
573 2596 785 2681 praecedentia
815 2620 937 2683 quoque
962 2600 1113 2684 pertinere
1137 2598 1214 2663 mihi
1237 2598 1390 2663 videntur.
1438 2597 1521 2664 Nam

452 2709 458 2718 ’
500 2714 649 2780 Theronis
672 2717 816 2801 majorae,
840 2718 940 2781 multa
963 2713 1137 2803 perpessos,
1162 2718 1265 2782 sedem
1289 2726 1320 2783 et
1339 2717 1520 2782 felicitatem

500 2835 653 2899 invenisse
684 2835 780 2914 dixit,
813 2838 940 2921 ejusque
968 2838 1033 2922 jam
1059 2837 1215 2901 felicitatis
1239 2836 1521 2922 perpetuitatema

499 2953 576 3017 Jove
599 2961 741 3039 precatus
765 2962 825 3019 est:
851 2956 965 3039 quibus
989 2955 1130 3040 precibus
1151 2956 1334 3020 sententiam
1354 2954 1434 3019 hanc
1449 2953 1521 3019 sub·

497 3074 619 3158 jungit,
652 3081 809 3159 praesente
839 3074 1003 3153 felicitate,
1029 3075 1054 3138 si
1078 3097 1144 3140 earn
1167 3074 1291 3159 Jupiter
1314 3073 1455 3138 stabilem
1479 3073 1520 3137 ef·

500 3191 597 3270 ficiat,
619 3193 756 3277 priorum
777 3193 929 3257 malorum
946 3194 1131 3261 oblivionem
1147 3194 1212 3276 fieri
1228 3193 1414 3277 significans.
1438 3190 1519 3255 Tum

500 3310 598 3395 magis
622 3313 797 3376 universam
821 3319 851 3376 et
874 3313 1043 3397 graviorem
1068 3313 1160 3380 etiam
1184 3312 1367 3378 sententiam
1387 3310 1518 3396 profert,

499 3428 594 3493 deleri
619 3431 697 3494 mala
720 3431 845 3496 sublimi
865 3432 1003 3496 fortuna:
1029 3438 1121 3515 atque
1139 3430 1211 3500 iude
1227 3430 1337 3494 transit
1353 3429 1391 3494 ad
1408 3428 1519 3494 Cadmi

498 3550 594 3628 filias,
631 3574 668 3615 ex
700 3575 831 3637 quarum
862 3560 953 3637 gente
984 3553 1044 3636 ipsi
1075 3551 1225 3619 Theronis
1256 3552 1385 3635 majores
1416 3555 1520 3613 essent

499 3670 661 3753 progeniti.
710 3670 774 3733 Has
806 3670 903 3757 igitur
932 3671 1135 3747 interserens,
1160 3669 1278 3754 duplici
1300 3690 1428 3734 munere
1451 3668 1520 3734 fun·

498 3788 598 3871 gitur:
623 3788 738 3866 altero,
763 3797 800 3852 ut
822 3789 921 3874 ipsam
945 3790 1062 3873 priscae
1086 3788 1236 3852 Theronis
1259 3787 1361 3872 gentis
1384 3792 1520 3851 vetusta-

497 3912 561 3971 tem
585 3906 734 3971 illustret:
759 3908 869 3984 altero,
895 3915 931 3971 ut
955 3908 1019 3991 ejus
1037 3906 1205 3971 uetustatis
1228 3905 1376 3990 exemplis
1397 3912 1520 3969 senten·

498 4026 572 4090 tiam
597 4049 680 4104 eam,
706 4049 797 4110 quam
821 4027 1000 4112 proposuit,
1026 4026 1194 4090 confirmet.

543 4148 596 4209 36.
632 4146 822 4223 πνλίγκννον.
860 4123 971 4210 Aesch.
997 4146 1106 4229 Agam.
1129 4146 1192 4209 571
1212 4145 1320 4220 ἀλγεῖν
1338 4142 1436 4223 τύχης
1456 4165 1519 4205 cra-

496 4263 643 4340 λννκόννυ.
692 4264 773 4329 Ibid.
799 4266 862 4328 863
888 4264 1029 4340 κληδόνας
1052 4263 1262 4341 παλιγκότους.

545 4385 598 4448 37.
633 4386 695 4450 θεοῦ
718 4391 814 4465 μοῖραι.
851 4385 975 4461 Postea,
1002 4387 1060 4463 65,
1085 4391 1172 4464 μοῖραν
1191 4382 1373 4467 simpliciter
1387 4381 1514 4446 dicitnr.

500 4500 589 4572 Oonf.
614 4502 652 4571 de
676 4503 802 4573 Pindari
825 4504 999 4589 Sapientia,
1024 4502 1127 4589 Caput
1149 4502 1166 4567 Ι
1189 4506 1205 4589 b
1229 4503 1259 4566 5.
1283 4523 1353 4587 pag.
1379 4503 1432 4566 27.
