3767 5534
918 684 980 753 519

440 879 567 963 ponitur
588 880 681 965 Pyth.
704 880 806 962 XXV.
842 880 930 964 Quae
951 887 1053 946 tamen
1069 879 1212 946 videntur
1228 902 1293 958 esse
1309 879 1449 960 confusa:

440 996 554 1082 quippe
581 997 708 1083 Pythias
740 998 849 1063 XXIX
878 998 988 1078 incidit
1019 1000 1051 1063 in
1079 997 1271 1083 Olympiadis
1294 996 1451 1061 LXXVII

440 1136 554 1193 annum
578 1116 720 1195 tertium,
746 1127 776 1188 et
798 1116 836 1197 ab
860 1117 935 1202 ipsis
960 1116 1133 1196 soholiastis,
1156 1115 1328 1201 appellatur
1351 1114 1450 1202 ἡὲξῆς

439 1232 563 1323 uoluta:
595 1233 682 1322 ideo³
714 1233 740 1297 si
771 1234 844 1298 haee
876 1233 1003 1299 victoria
1033 1232 1196 1318 Olympiea
1219 1240 1301 1299 reete
1324 1233 1450 1318 ponitur

439 1347 489 1413 Ol.
524 1349 696 1428 LXXVII,
728 1358 799 1415 ante
829 1350 862 1415 id
894 1360 1016 1435 tempus
1046 1350 1176 1435 Pythiae
1207 1352 1271 1436 ejus
1305 1350 1449 1415 victoriae

438 1467 597 1551 ponendae
619 1477 702 1552 sunt.
736 1468 911 1534 Boeekhius
934 1468 1058 1553 quidem
1082 1467 1290 1547 demonstrare
1306 1476 1448 1545 conatur,

438 1583 617 1650 scholiastes
639 1586 672 1648 in
695 1592 761 1661 tota
785 1585 971 1669 Pythiadum
995 1584 1193 1669 chronologia
1216 1584 1260 1648 ita
1275 1584 1449 1662 aberraret¹

437 1724 525 1789 varey
557 1711 594 1766 ut
619 1702 735 1788 singuli
758 1726 862 1778 eorum
886 1704 1006 1776 numeri
1029 1725 1091 1767 una
1114 1703 1264 1787 Pythiade
1288 1703 1373 1787 prius
1397 1725 1448 1788 po-

436 1820 530 1901 nepdi
552 1821 623 1897 sint.

481 1936 554 2003 Fuit
560 1986 569 2028 2
601 1945 638 2001 nt
666 1960 702 2008 ex
726 1938 793 2022 ipso
817 1938 949 2004 earmina
973 1945 1115 2022 apparet,
1140 1936 1299 2023 Ergoteles
1322 1938 1447 2001 natione

437 2053 586 2132 Cnosius,
610 2063 642 2119 et
664 2077 717 2142 per
733 2055 914 2120 seditionem
931 2054 1077 2139 expulsus
1094 2062 1140 2130 est
1155 2055 1268 2139 patria:
1288 2053 1446 2119 Cretenses

437 2172 560 2254 quidem
584 2173 722 2242 civitates
741 2172 847 2252 multis
864 2171 1068 2254 seditionibus
1084 2172 1230 2236 obnoxias
1249 2172 1340 2238 fuisse
1357 2172 1446 2239 docet

437 2291 631 2369 Aristoteles,
663 2291 756 2364 Polie.
788 2290 825 2355 L.
857 2290 893 2369 Il
921 2290 956 2354 O.
984 2289 1065 2370 VII:
1099 2289 1242 2366 τυλλάιιις
1266 2290 1445 2368 ἐκβάλλουσι

435 2409 597 2483 συστάντες
627 2410 700 2481 τινὲς
729 2411 795 2485 τοὺς
818 2409 942 2487 edomans
967 2408 984 2485 ἢ
1007 2414 1063 2473 τῶν
1086 2409 1286 2501 συναρχόντων
1309 2412 1404 2474 αὐτῶν
1427 2411 1444 2486 ἢ

435 2531 490 2607 τῷν
520 2526 651 2597 idumeis:
675 2564 719 2574 -
741 2526 851 2616 alflaan
878 2526 908 2595 dl
934 2523 1188 2610 διαλαμβάνοντες
1212 2527 1260 2591 τὸν
1283 2528 1371 2602 δῆμον
1394 2528 1443 2592 καὶ

433 2643 500 2727 τοὺς
526 2644 631 2724 <aluam
653 2645 817 2724 μοναρχίαν
840 2650 929 2710 ποιεῖν
952 2643 1002 2708 καὶ
1026 2642 1193 2724 στασιάζειν
1217 2644 1266 2714 καὶ
1290 2643 1443 2724 μάχεσθαι

433 2760 501 2839 πρὸς
523 2762 681 2838 dundanae.
716 2761 811 2845 Vepit
834 2768 937 2826 autem
960 2760 1119 2845 Ergoteles
1145 2760 1323 2843 Himeram,
1338 2762 1444 2845 ibique

433 2877 507 2947 ciuis
531 2878 591 2948 fnit
613 2888 643 2949 et
667 2879 758 2963 hujus
782 2877 914 2951 eiritatis
938 2878 1061 2942 nomine
1084 2900 1159 2941 usus
1183 2880 1284 2943 estin
1307 2880 1443 2964 haeyie

433 2997 520 3076 toria.
567 2996 654 3061 Idem
669 3003 851 3083 postquam
883 3019 920 3059 ex
951 2996 1050 3080 patria
1081 2995 1173 3078 abiit,
1207 2995 1284 3060 duas
1316 2997 1442 3082 Pythias

434 3113 574 3189 vlotoriaa
605 3113 771 3199 reportavit
793 3120 824 3193 et
847 3113 1027 3195 Isthmiam:
1053 3113 1123 3184 ride
1147 3136 1180 3177 vs
1205 3117 1257 3178 26.
1305 3114 1442 3185 Eandem

433 3231 527 3305 tradit,
557 3232 594 3303 de
625 3232 683 3298 hoe
715 3232 778 3310 uiro
809 3232 987 3313 memoriam
1009 3232 1178 3296 Pausanias
1202 3231 1238 3296 L.
1263 3230 1310 3295 VI
1334 3232 1369 3296 Ο.
1394 3232 1441 3296 IV

434 3351 468 3412 7:
504 3348 590 3412 addit
624 3349 749 3428 alteram
783 3348 959 3434 Olympiam
994 3349 1165 3427 victoriam,
1203 3348 1329 3414 alteram
1360 3348 1445 3414 Isth-

433 3465 538 3543 miam,
563 3465 639 3530 duas
655 3465 836 3548 Nemeaeus:
853 3489 960 3549 verum
975 3440 1033 3542 hae
1049 3476 1144 3544 certe,
1163 3489 1179 3529 a
1196 3466 1330 3531 Pindaro
1346 3488 1442 3550 quum

431 3604 495 3666 nep
521 3590 741 3663 memorentur,
766 3591 871 3669 postea
894 3585 922 3648 ei
946 3584 1112 3669 contigisse
1135 3584 1289 3668 putandae
1313 3593 1395 3648 sunt.

477 3698 583 3779 Ouum
614 3707 715 3764 autem
747 3699 897 3765 Pindarus
929 3708 1077 3765 memoret
1107 3699 1183 3764 duas
1216 3702 1281 3784 ejus
1313 3699 1439 3783 Pythias

432 3817 591 3894 victorias,
622 3838 684 3884 nou
715 3824 884 3901 potuerunt
913 3817 984 3881 illae
1012 3817 1148 3882 accidere
1171 3817 1323 3903 posterius
1348 3839 1438 3899 qnam
1568 3881 1572 3890 ,

431 3933 581 4018 Pythiade
608 3932 735 4002 XXVII
767 3941 798 3997 et
824 3934 976 4018 Pythiade
1003 3933 1164 3998 XXVIII:
1194 3956 1323 4017 quarum
1346 3934 1442 4000 altera

432 4051 542 4116 incidit
572 4053 604 4132 in
627 4051 817 4137 Olympiadis
841 4051 961 4115 LXXV
985 4075 1098 4118 annum
1121 4052 1264 4128 tertium,
1289 4052 1384 4115 altera
1407 4052 1439 4114 in

431 4169 622 4256 Olympiadis
652 4168 789 4235 LXXVI
820 4191 935 4238 annum
966 4170 1101 4245 tertium.
1148 4169 1249 4254 Igitur
1282 4179 1351 4234 ante
1382 4168 1439 4232 hos

431 4310 527 4368 epyros
557 4286 645 4352 illum
668 4286 826 4370 Himeram
850 4287 967 4364 venisse
991 4289 1190 4356 statuendum
1213 4293 1267 4349 est.
1315 4284 1439 4358 Etenim

431 4411 462 4468 et
484 4404 651 4482 Pausanias
673 4404 815 4490 idppeam
839 4426 960 4481 eausam
984 4404 1078 4486 ¹fuisse
1101 4403 1192 4484 dicit,
1218 4425 1272 4469 eur
1295 4404 1327 4467 in
1345 4404 1438 4494 vieto-
