<?xml version="1.0" encoding="UTF-8"?>
<!DOCTYPE html PUBLIC "-//W3C//DTD XHTML 1.0 Transitional//EN"
    "http://www.w3.org/TR/xhtml1/DTD/xhtml1-transitional.dtd">
<html xmlns="http://www.w3.org/1999/xhtml" xml:lang="en" lang="en">
 <head>
  <title>
</title>
<meta http-equiv="Content-Type" content="text/html;charset=utf-8" />
  <meta name='ocr-system' content='tesseract 3.04.00' />
  <meta name='ocr-capabilities' content='ocr_page ocr_carea ocr_par ocr_line ocrx_word'/>
</head>
<body>
  <div class='ocr_page' id='page_1' title='image "./pindaricarminao00pindgoog_0173.png"; bbox 0 0 3767 5534; ppageno 0'>
   <div class='ocr_carea' id='block_1_1' title="bbox 916 696 976 755">
    <p class='ocr_par' dir='ltr' id='par_1_1' title="bbox 916 696 976 755">
     <span class='ocr_line' id='line_1_1' title="bbox 916 696 976 755; baseline 0 0"><span class='ocrx_word' id='word_1_1' title='bbox 916 696 976 755; x_wconf 71' lang='lat'>119</span> 
     </span>
    </p>
   </div>
   <div class='ocr_carea' id='block_1_2' title="bbox 584 871 1448 3003">
    <p class='ocr_par' dir='ltr' id='par_1_2' title="bbox 617 871 1304 1214">
     <span class='ocr_line' id='line_1_2' title="bbox 661 871 1304 978; baseline 0.003 -18"><span class='ocrx_word' id='word_1_2' title='bbox 661 921 747 961; x_wconf 94' lang='grc' dir='ltr'><em>κοινον</em></span> <span class='ocrx_word' id='word_1_3' title='bbox 769 898 798 968; x_wconf 79' lang='grc' dir='ltr'>ἐς</span> <span class='ocrx_word' id='word_1_4' title='bbox 820 871 920 977; x_wconf 77' lang='grc' dir='ltr'><em>χάραν</em></span> <span class='ocrx_word' id='word_1_5' title='bbox 943 894 1025 973; x_wconf 80' lang='grc' dir='ltr'><em>ἴμεν,</em></span> <span class='ocrx_word' id='word_1_6' title='bbox 1048 895 1159 978; x_wconf 79' lang='grc' dir='ltr'><em>φάμας</em></span> <span class='ocrx_word' id='word_1_7' title='bbox 1182 896 1304 962; x_wconf 82' lang='grc' dir='ltr'><em>θπισθεν.</em></span> 
     </span>
     <span class='ocr_line' id='line_1_3' title="bbox 816 1016 1066 1082; baseline 0.008 -2"><span class='ocrx_word' id='word_1_8' title='bbox 816 1026 851 1080; x_wconf 91' lang='grc' dir='ltr'>Σ.</span> <span class='ocrx_word' id='word_1_9' title='bbox 875 1016 909 1080; x_wconf 63' lang='grc' dir='ltr'>θ.</span> <span class='ocrx_word' id='word_1_10' title='bbox 956 1027 991 1081; x_wconf 87' lang='lat' dir='ltr'>K.</span> <span class='ocrx_word' id='word_1_11' title='bbox 1016 1016 1066 1082; x_wconf 76' lang='grc' dir='ltr'>ια’.</span> 
     </span>
     <span class='ocr_line' id='line_1_4' title="bbox 617 1135 983 1214; baseline -0.008 -13"><span class='ocrx_word' id='word_1_12' title='bbox 617 1136 722 1201; x_wconf 78' lang='grc' dir='ltr'><em>’Ἰκοντο</em></span> <span class='ocrx_word' id='word_1_13' title='bbox 745 1136 770 1199; x_wconf 76' lang='grc' dir='ltr'>δ’</span> <span class='ocrx_word' id='word_1_14' title='bbox 788 1136 908 1214; x_wconf 75' lang='grc' dir='ltr'><em>ὑψηλοῖο</em></span> <span class='ocrx_word' id='word_1_15' title='bbox 932 1135 983 1199; x_wconf 80' lang='grc' dir='ltr'>πέ-</span> 
     </span>
    </p>

    <p class='ocr_par' dir='ltr' id='par_1_3' title="bbox 661 1251 1048 1333">
     <span class='ocr_line' id='line_1_5' title="bbox 661 1251 1048 1333; baseline 0 -16"><span class='ocrx_word' id='word_1_16' title='bbox 661 1278 730 1332; x_wconf 89' lang='grc' dir='ltr'><em>τραν</em></span> <span class='ocrx_word' id='word_1_17' title='bbox 755 1251 902 1331; x_wconf 82' lang='grc' dir='ltr'><em>άλθβατον</em></span> <span class='ocrx_word' id='word_1_18' title='bbox 922 1253 1048 1333; x_wconf 81' lang='grc' dir='ltr'><em>Κρονίου·</em></span> 
     </span>
    </p>

    <p class='ocr_par' dir='ltr' id='par_1_4' title="bbox 615 1372 1278 1687">
     <span class='ocr_line' id='line_1_6' title="bbox 615 1372 1172 1452; baseline -0.005 -15"><span class='ocrx_word' id='word_1_19' title='bbox 615 1372 706 1437; x_wconf 88' lang='grc' dir='ltr'><em>Ἔνθα</em></span> <span class='ocrx_word' id='word_1_20' title='bbox 728 1374 752 1437; x_wconf 79' lang='grc' dir='ltr'><em>οἱ</em></span> <span class='ocrx_word' id='word_1_21' title='bbox 775 1373 876 1437; x_wconf 78' lang='grc' dir='ltr'><em>ὤπασε</em></span> <span class='ocrx_word' id='word_1_22' title='bbox 900 1374 1035 1452; x_wconf 74' lang='grc' dir='ltr'><em>θησαυρὸν</em></span> <span class='ocrx_word' id='word_1_23' title='bbox 1060 1372 1172 1448; x_wconf 70' lang='grc' dir='ltr'><em>διθνμον</em></span> 
     </span>
     <span class='ocr_line' id='line_1_7' title="bbox 617 1490 1278 1574; baseline -0.005 -18"><span class='ocrx_word' id='word_1_24' title='bbox 617 1492 829 1563; x_wconf 78' lang='grc' dir='ltr'><em>Μαντοσθνας·</em></span> <span class='ocrx_word' id='word_1_25' title='bbox 858 1490 930 1556; x_wconf 90' lang='grc' dir='ltr'><em>τθκα</em></span> <span class='ocrx_word' id='word_1_26' title='bbox 954 1491 1278 1574; x_wconf 58' lang='lat' dir='ltr'>praecantatorum</span> 
     </span>
     <span class='ocr_line' id='line_1_8' title="bbox 619 1607 1009 1687; baseline -0.003 -12"><span class='ocrx_word' id='word_1_27' title='bbox 619 1609 747 1675; x_wconf 77' lang='grc' dir='ltr'><em>Ψενθέων</em></span> <span class='ocrx_word' id='word_1_28' title='bbox 771 1608 939 1687; x_wconf 75' lang='grc' dir='ltr'><em>άγναστον·</em></span> <span class='ocrx_word' id='word_1_29' title='bbox 964 1607 1009 1674; x_wconf 79' lang='grc' dir='ltr'><em>εὖ·</em></span> 
     </span>
    </p>

    <p class='ocr_par' dir='ltr' id='par_1_5' title="bbox 616 1728 1448 2170">
     <span class='ocr_line' id='line_1_9' title="bbox 661 1728 1161 1811; baseline 0.004 -18"><span class='ocrx_word' id='word_1_30' title='bbox 661 1732 688 1793; x_wconf 86' lang='grc' dir='ltr'><em>τ’</em></span> <span class='ocrx_word' id='word_1_31' title='bbox 716 1728 751 1794; x_wconf 82' lang='grc' dir='ltr'><em>θον</em></span> <span class='ocrx_word' id='word_1_32' title='bbox 774 1730 803 1793; x_wconf 75' lang='grc' dir='ltr'>δὲ</span> <span class='ocrx_word' id='word_1_33' title='bbox 826 1729 1053 1811; x_wconf 65' lang='grc' dir='ltr'>θρασυμάχανος</span> <span class='ocrx_word' id='word_1_34' title='bbox 1076 1732 1161 1795; x_wconf 75' lang='grc' dir='ltr'><em>ἐλθὼν</em></span> 
     </span>
     <span class='ocr_line' id='line_1_10' title="bbox 616 1847 1448 1932; baseline -0.002 -19"><span class='ocrx_word' id='word_1_35' title='bbox 616 1847 791 1930; x_wconf 74' lang='grc' dir='ltr'><em>Ἠρακλέης,</em></span> <span class='ocrx_word' id='word_1_36' title='bbox 815 1849 918 1926; x_wconf 84' lang='grc' dir='ltr'><em>σεμνὸν</em></span> <span class='ocrx_word' id='word_1_37' title='bbox 941 1848 1026 1922; x_wconf 81' lang='grc' dir='ltr'><em>θάλος</em></span> <span class='ocrx_word' id='word_1_38' title='bbox 1046 1849 1230 1932; x_wconf 75' lang='grc' dir='ltr'><em>Ἀλκαϊδάν,</em></span> <span class='ocrx_word' id='word_1_39' title='bbox 1249 1850 1337 1929; x_wconf 72' lang='grc' dir='ltr'><em>πατρὶ</em></span> <span class='ocrx_word' id='word_1_40' title='bbox 1389 1852 1448 1912; x_wconf 85' lang='grc'>115</span> 
     </span>
     <span class='ocr_line' id='line_1_11' title="bbox 617 1968 1172 2050; baseline 0.004 -19"><span class='ocrx_word' id='word_1_41' title='bbox 617 1968 735 2048; x_wconf 86' lang='grc' dir='ltr'><em>Ἑορτάν</em></span> <span class='ocrx_word' id='word_1_42' title='bbox 758 1993 792 2033; x_wconf 88' lang='grc' dir='ltr'>τε</span> <span class='ocrx_word' id='word_1_43' title='bbox 816 1968 900 2050; x_wconf 74' lang='grc' dir='ltr'><em>κτίσρ</em></span> <span class='ocrx_word' id='word_1_44' title='bbox 924 1968 1172 2049; x_wconf 75' lang='grc' dir='ltr'><em>πλειστόμβροτον</em></span> 
     </span>
     <span class='ocr_line' id='line_1_12' title="bbox 617 2087 1098 2170; baseline 0.004 -20"><span class='ocrx_word' id='word_1_45' title='bbox 617 2087 728 2163; x_wconf 84' lang='grc' dir='ltr'><em>Τεθμθν</em></span> <span class='ocrx_word' id='word_1_46' title='bbox 751 2112 784 2150; x_wconf 88' lang='grc' dir='ltr'>τε</span> <span class='ocrx_word' id='word_1_47' title='bbox 807 2088 948 2165; x_wconf 76' lang='grc' dir='ltr'><em>μέγιστον</em></span> <span class='ocrx_word' id='word_1_48' title='bbox 972 2088 1098 2170; x_wconf 80' lang='grc' dir='ltr'><em>άέθλαν,</em></span> 
     </span>
    </p>

    <p class='ocr_par' dir='ltr' id='par_1_6' title="bbox 584 2203 1204 2638">
     <span class='ocr_line' id='line_1_13' title="bbox 615 2203 1204 2288; baseline 0.002 -17"><span class='ocrx_word' id='word_1_49' title='bbox 615 2207 700 2280; x_wconf 79' lang='grc' dir='ltr'><em>Ζηνὸς</em></span> <span class='ocrx_word' id='word_1_50' title='bbox 723 2209 771 2271; x_wconf 82' lang='grc' dir='ltr'>ἐπ’</span> <span class='ocrx_word' id='word_1_51' title='bbox 794 2206 944 2288; x_wconf 75' lang='grc' dir='ltr'><em>ἀκροτάτῳ</em></span> <span class='ocrx_word' id='word_1_52' title='bbox 967 2207 1060 2287; x_wconf 76' lang='grc' dir='ltr'><em>βωμῷ</em></span> <span class='ocrx_word' id='word_1_53' title='bbox 1082 2207 1143 2272; x_wconf 79' lang='grc' dir='ltr'><em>τότ’</em></span> <span class='ocrx_word' id='word_1_54' title='bbox 1167 2203 1204 2272; x_wconf 84' lang='grc' dir='ltr'>αὖ</span> 
     </span>
     <span class='ocr_line' id='line_1_14' title="bbox 584 2325 1070 2405; baseline 0.002 -16"><span class='ocrx_word' id='word_1_55' title='bbox 584 2330 593 2349; x_wconf 81' lang='grc'><strong><em>’</em></strong></span> <span class='ocrx_word' id='word_1_56' title='bbox 617 2325 785 2405; x_wconf 74' lang='grc' dir='ltr'><em>Χρηστάριον</em></span> <span class='ocrx_word' id='word_1_57' title='bbox 808 2326 903 2391; x_wconf 76' lang='grc' dir='ltr'><em>θέσθαι</em></span> <span class='ocrx_word' id='word_1_58' title='bbox 926 2325 1070 2390; x_wconf 78' lang='grc' dir='ltr'><em>κέλευσεν.</em></span> 
     </span>
     <span class='ocr_line' id='line_1_15' title="bbox 809 2443 1069 2511; baseline 0.004 -1"><span class='ocrx_word' id='word_1_59' title='bbox 809 2443 856 2510; x_wconf 87' lang='grc' dir='ltr'>Ἀ.</span> <span class='ocrx_word' id='word_1_60' title='bbox 881 2444 915 2509; x_wconf 76' lang='grc' dir='ltr'>δ’.</span> <span class='ocrx_word' id='word_1_61' title='bbox 963 2456 996 2510; x_wconf 88' lang='grc' dir='ltr'>Κ.</span> <span class='ocrx_word' id='word_1_62' title='bbox 1019 2446 1069 2511; x_wconf 78' lang='grc' dir='ltr'>ια’.</span> 
     </span>
     <span class='ocr_line' id='line_1_16' title="bbox 613 2560 1112 2638; baseline 0.002 -11"><span class='ocrx_word' id='word_1_63' title='bbox 613 2562 667 2638; x_wconf 78' lang='grc' dir='ltr'>Ἐξ</span> <span class='ocrx_word' id='word_1_64' title='bbox 689 2560 721 2627; x_wconf 78' lang='grc' dir='ltr'><em>οὗ</em></span> <span class='ocrx_word' id='word_1_65' title='bbox 744 2564 932 2628; x_wconf 79' lang='grc' dir='ltr'><em>πολύκλειτον</em></span> <span class='ocrx_word' id='word_1_66' title='bbox 955 2564 1019 2628; x_wconf 84' lang='grc' dir='ltr'><em>καθ’</em></span> <span class='ocrx_word' id='word_1_67' title='bbox 1039 2565 1112 2630; x_wconf 67' lang='grc' dir='ltr'>’Έλ-</span> 
     </span>
    </p>

    <p class='ocr_par' dir='ltr' id='par_1_7' title="bbox 660 2683 1024 2761">
     <span class='ocr_line' id='line_1_17' title="bbox 660 2683 1024 2761; baseline 0 -16"><span class='ocrx_word' id='word_1_68' title='bbox 660 2697 755 2754; x_wconf 81' lang='grc' dir='ltr'><em>λανας</em></span> <span class='ocrx_word' id='word_1_69' title='bbox 778 2683 859 2758; x_wconf 75' lang='grc' dir='ltr'><em>γένος</em></span> <span class='ocrx_word' id='word_1_70' title='bbox 883 2684 1024 2761; x_wconf 79' lang='grc' dir='ltr'><em>Ἰαμιθάν.</em></span> 
     </span>
    </p>

    <p class='ocr_par' dir='ltr' id='par_1_8' title="bbox 612 2799 1310 3003">
     <span class='ocr_line' id='line_1_18' title="bbox 612 2799 1310 2882; baseline 0 -16"><span class='ocrx_word' id='word_1_71' title='bbox 612 2801 728 2879; x_wconf 80' lang='grc' dir='ltr'><em>’Όλβος</em></span> <span class='ocrx_word' id='word_1_72' title='bbox 752 2799 807 2881; x_wconf 71' lang='grc' dir='ltr'>ἅμ’</span> <span class='ocrx_word' id='word_1_73' title='bbox 829 2802 944 2866; x_wconf 79' lang='grc' dir='ltr'><em>ἕσπετο.</em></span> <span class='ocrx_word' id='word_1_74' title='bbox 991 2808 1141 2879; x_wconf 80' lang='grc' dir='ltr'><em>Τιμάντες</em></span> <span class='ocrx_word' id='word_1_75' title='bbox 1165 2802 1189 2864; x_wconf 76' lang='grc' dir='ltr'>δ’</span> <span class='ocrx_word' id='word_1_76' title='bbox 1204 2802 1310 2882; x_wconf 82' lang='grc' dir='ltr'><em>οὶρετάς</em></span> 
     </span>
     <span class='ocr_line' id='line_1_19' title="bbox 613 2917 1243 3003; baseline 0 -19"><span class='ocrx_word' id='word_1_77' title='bbox 613 2920 665 2991; x_wconf 81' lang='grc' dir='ltr'>Ἐς</span> <span class='ocrx_word' id='word_1_78' title='bbox 687 2921 818 3001; x_wconf 79' lang='grc' dir='ltr'><em>Φανερθιν</em></span> <span class='ocrx_word' id='word_1_79' title='bbox 841 2922 902 2985; x_wconf 76' lang='grc' dir='ltr'><em>ὁδὸν</em></span> <span class='ocrx_word' id='word_1_80' title='bbox 925 2922 1070 3003; x_wconf 84' lang='grc' dir='ltr'><em>ἔρχονται.</em></span> <span class='ocrx_word' id='word_1_81' title='bbox 1094 2917 1243 3001; x_wconf 72' lang='grc' dir='ltr'><em>τεκμαίρει</em></span> 
     </span>
    </p>
   </div>
   <div class='ocr_carea' id='block_1_3' title="bbox 329 3165 1451 3713">
    <p class='ocr_par' dir='ltr' id='par_1_9' title="bbox 467 3165 1446 3231">
     <span class='ocr_line' id='line_1_20' title="bbox 467 3165 1446 3231; baseline -0.003 -15"><span class='ocrx_word' id='word_1_82' title='bbox 467 3168 526 3217; x_wconf 77' lang='lat'>112.</span> <span class='ocrx_word' id='word_1_83' title='bbox 552 3169 645 3219; x_wconf 79' lang='grc' dir='ltr'><em>ἀκώιιν.</em></span> <span class='ocrx_word' id='word_1_84' title='bbox 679 3167 787 3230; x_wconf 80' lang='lat' dir='ltr'>Heyuiua</span> <span class='ocrx_word' id='word_1_85' title='bbox 810 3170 903 3224; x_wconf 82' lang='grc' dir='ltr'><em>θοισὺεν,</em></span> <span class='ocrx_word' id='word_1_86' title='bbox 929 3167 993 3231; x_wconf 91' lang='lat' dir='ltr'>quod</span> <span class='ocrx_word' id='word_1_87' title='bbox 1017 3170 1053 3216; x_wconf 82' lang='lat' dir='ltr'>eat</span> <span class='ocrx_word' id='word_1_88' title='bbox 1070 3167 1095 3215; x_wconf 89' lang='lat' dir='ltr'>ia</span> <span class='ocrx_word' id='word_1_89' title='bbox 1113 3165 1182 3217; x_wconf 79' lang='lat' dir='ltr'>Uret.</span> <span class='ocrx_word' id='word_1_90' title='bbox 1200 3166 1229 3214; x_wconf 92' lang='grc' dir='ltr'>Β.</span> <span class='ocrx_word' id='word_1_91' title='bbox 1264 3165 1361 3229; x_wconf 87' lang='lat' dir='ltr'>Reliqui</span> <span class='ocrx_word' id='word_1_92' title='bbox 1377 3165 1446 3222; x_wconf 81' lang='lat' dir='ltr'>libri,</span> 
     </span>
    </p>

    <p class='ocr_par' dir='ltr' id='par_1_10' title="bbox 329 3263 1451 3713">
     <span class='ocr_line' id='line_1_21' title="bbox 329 3263 742 3329; baseline 0.002 -16"><span class='ocrx_word' id='word_1_93' title='bbox 329 3305 331 3313; x_wconf 78' lang='grc'>,</span> <span class='ocrx_word' id='word_1_94' title='bbox 430 3268 550 3329; x_wconf 85' lang='lat' dir='ltr'>quantum</span> <span class='ocrx_word' id='word_1_95' title='bbox 567 3263 633 3321; x_wconf 83' lang='lat' dir='ltr'>ecio,</span> <span class='ocrx_word' id='word_1_96' title='bbox 648 3266 742 3314; x_wconf 68' lang='grc' dir='ltr'><em>οἰκοῦσιν.</em></span> 
     </span>
     <span class='ocr_line' id='line_1_22' title="bbox 469 3355 1447 3429; baseline -0.006 -22"><span class='ocrx_word' id='word_1_97' title='bbox 469 3359 526 3407; x_wconf 83' lang='grc'><strong>115.</strong></span> <span class='ocrx_word' id='word_1_98' title='bbox 551 3363 633 3429; x_wconf 80' lang='grc' dir='ltr'><em>πατρὶ.</em></span> <span class='ocrx_word' id='word_1_99' title='bbox 666 3359 774 3423; x_wconf 80' lang='lat' dir='ltr'>Heyniue</span> <span class='ocrx_word' id='word_1_100' title='bbox 797 3366 885 3428; x_wconf 72' lang='grc' dir='ltr'><em>πατρὸς</em></span> <span class='ocrx_word' id='word_1_101' title='bbox 909 3355 935 3409; x_wconf 79' lang='grc' dir='ltr'>θ’.</span> <span class='ocrx_word' id='word_1_102' title='bbox 970 3359 1008 3406; x_wconf 82' lang='lat' dir='ltr'>Ita</span> <span class='ocrx_word' id='word_1_103' title='bbox 1031 3357 1111 3421; x_wconf 77' lang='lat' dir='ltr'>plures</span> <span class='ocrx_word' id='word_1_104' title='bbox 1136 3358 1199 3406; x_wconf 88' lang='lat' dir='ltr'>libri.</span> <span class='ocrx_word' id='word_1_105' title='bbox 1233 3358 1261 3405; x_wconf 94' lang='lat' dir='ltr'>In</span> <span class='ocrx_word' id='word_1_106' title='bbox 1279 3356 1334 3406; x_wconf 81' lang='lat' dir='ltr'>Ald.</span> <span class='ocrx_word' id='word_1_107' title='bbox 1352 3356 1403 3405; x_wconf 88' lang='lat' dir='ltr'>Pal.</span> <span class='ocrx_word' id='word_1_108' title='bbox 1422 3356 1447 3405; x_wconf 83' lang='lat' dir='ltr'>O.</span> 
     </span>
     <span class='ocr_line' id='line_1_23' title="bbox 434 3453 1451 3524; baseline -0.003 -19"><span class='ocrx_word' id='word_1_109' title='bbox 434 3458 502 3505; x_wconf 83' lang='lat' dir='ltr'>Gott.</span> <span class='ocrx_word' id='word_1_110' title='bbox 522 3456 597 3504; x_wconf 84' lang='lat' dir='ltr'>Vatic.</span> <span class='ocrx_word' id='word_1_111' title='bbox 615 3456 742 3519; x_wconf 77' lang='lat' dir='ltr'>paucisque</span> <span class='ocrx_word' id='word_1_112' title='bbox 759 3461 881 3519; x_wconf 72' lang='lat' dir='ltr'>praeterea</span> <span class='ocrx_word' id='word_1_113' title='bbox 898 3458 975 3524; x_wconf 75' lang='grc' dir='ltr'><em>πατρὶ</em></span> <span class='ocrx_word' id='word_1_114' title='bbox 993 3454 1021 3505; x_wconf 86' lang='grc' dir='ltr'>θ’.</span> <span class='ocrx_word' id='word_1_115' title='bbox 1056 3455 1087 3503; x_wconf 95' lang='lat' dir='ltr'>1n</span> <span class='ocrx_word' id='word_1_116' title='bbox 1105 3453 1196 3502; x_wconf 83' lang='lat' dir='ltr'>acholio</span> <span class='ocrx_word' id='word_1_117' title='bbox 1215 3453 1358 3502; x_wconf 87' lang='lat' dir='ltr'>recentiore:</span> <span class='ocrx_word' id='word_1_118' title='bbox 1371 3455 1451 3521; x_wconf 76' lang='grc' dir='ltr'><em>ἑορτήν</em></span> 
     </span>
     <span class='ocr_line' id='line_1_24' title="bbox 434 3551 1450 3623; baseline -0.004 -17"><span class='ocrx_word' id='word_1_119' title='bbox 434 3574 461 3606; x_wconf 87' lang='grc' dir='ltr'>τε</span> <span class='ocrx_word' id='word_1_120' title='bbox 478 3558 519 3606; x_wconf 66' lang='grc' dir='ltr'><em>τοῦ</em></span> <span class='ocrx_word' id='word_1_121' title='bbox 535 3558 622 3623; x_wconf 79' lang='grc' dir='ltr'><em>πατρὸς</em></span> <span class='ocrx_word' id='word_1_122' title='bbox 639 3555 709 3605; x_wconf 69' lang='lat' dir='ltr'>colret</span> <span class='ocrx_word' id='word_1_123' title='bbox 725 3556 803 3623; x_wconf 68' lang='grc' dir='ltr'><em>κτθσῃι</em></span> <span class='ocrx_word' id='word_1_124' title='bbox 822 3556 893 3616; x_wconf 83' lang='lat' dir='ltr'>etque</span> <span class='ocrx_word' id='word_1_125' title='bbox 911 3552 936 3601; x_wconf 89' lang='lat' dir='ltr'>in</span> <span class='ocrx_word' id='word_1_126' title='bbox 954 3552 1001 3601; x_wconf 88' lang='lat' dir='ltr'>alio</span> <span class='ocrx_word' id='word_1_127' title='bbox 1019 3552 1111 3601; x_wconf 83' lang='lat' dir='ltr'>scholio</span> <span class='ocrx_word' id='word_1_128' title='bbox 1129 3551 1260 3601; x_wconf 81' lang='lat' dir='ltr'>recentiore</span> <span class='ocrx_word' id='word_1_129' title='bbox 1278 3551 1409 3615; x_wconf 76' lang='lat' dir='ltr'>particulae</span> <span class='ocrx_word' id='word_1_130' title='bbox 1424 3568 1450 3602; x_wconf 83' lang='grc' dir='ltr'><em>τι</em></span> 
     </span>
     <span class='ocr_line' id='line_1_25' title="bbox 433 3647 1448 3713; baseline -0.003 -15"><span class='ocrx_word' id='word_1_131' title='bbox 433 3649 540 3699; x_wconf 79' lang='lat' dir='ltr'>rationes</span> <span class='ocrx_word' id='word_1_132' title='bbox 555 3649 688 3698; x_wconf 85' lang='lat' dir='ltr'>redduntur</span> <span class='ocrx_word' id='word_1_133' title='bbox 705 3665 787 3713; x_wconf 88' lang='lat' dir='ltr'>parurn</span> <span class='ocrx_word' id='word_1_134' title='bbox 806 3648 919 3706; x_wconf 86' lang='lat' dir='ltr'>idoneae,</span> <span class='ocrx_word' id='word_1_135' title='bbox 937 3648 1004 3697; x_wconf 87' lang='lat' dir='ltr'>velut</span> <span class='ocrx_word' id='word_1_136' title='bbox 1021 3649 1109 3697; x_wconf 80' lang='lat' dir='ltr'>festum</span> <span class='ocrx_word' id='word_1_137' title='bbox 1127 3648 1199 3697; x_wconf 80' lang='lat' dir='ltr'>etium</span> <span class='ocrx_word' id='word_1_138' title='bbox 1215 3647 1288 3696; x_wconf 76' lang='lat' dir='ltr'>fuisso</span> <span class='ocrx_word' id='word_1_139' title='bbox 1302 3647 1448 3710; x_wconf 85' lang='lat' dir='ltr'>reliquorum</span> 
     </span>
    </p>
   </div>
   <div class='ocr_carea' id='block_1_4' title="bbox 436 3717 1449 3815">
    <p class='ocr_par' dir='ltr' id='par_1_11' title="bbox 436 3717 1449 3815">
     <span class='ocr_line' id='line_1_26' title="bbox 436 3717 1449 3815; baseline -0.003 -21"><span class='ocrx_word' id='word_1_140' title='bbox 436 3745 547 3795; x_wconf 85' lang='lat' dir='ltr'>undecim</span> <span class='ocrx_word' id='word_1_141' title='bbox 573 3746 680 3793; x_wconf 83' lang='lat' dir='ltr'>deorum.</span> <span class='ocrx_word' id='word_1_142' title='bbox 714 3717 744 3792; x_wconf 73' lang='lat' dir='ltr'>ln</span> <span class='ocrx_word' id='word_1_143' title='bbox 770 3748 849 3792; x_wconf 83' lang='lat' dir='ltr'>vetere</span> <span class='ocrx_word' id='word_1_144' title='bbox 875 3744 967 3792; x_wconf 88' lang='lat' dir='ltr'>scholio</span> <span class='ocrx_word' id='word_1_145' title='bbox 994 3747 1040 3792; x_wconf 83' lang='lat' dir='ltr'>est:</span> <span class='ocrx_word' id='word_1_146' title='bbox 1067 3748 1106 3795; x_wconf 78' lang='lat' dir='ltr'>aad</span> <span class='ocrx_word' id='word_1_147' title='bbox 1128 3746 1193 3815; x_wconf 71' lang='grc' dir='ltr'><em>κτίσῃ</em></span> <span class='ocrx_word' id='word_1_148' title='bbox 1217 3752 1251 3810; x_wconf 80' lang='grc' dir='ltr'><em>τῷ</em></span> <span class='ocrx_word' id='word_1_149' title='bbox 1275 3745 1343 3793; x_wconf 79' lang='grc' dir='ltr'><em>αὐτοῦ</em></span> <span class='ocrx_word' id='word_1_150' title='bbox 1368 3746 1449 3809; x_wconf 67' lang='grc' dir='ltr'><em>πατρὶ.</em></span> 
     </span>
    </p>
   </div>
   <div class='ocr_carea' id='block_1_5' title="bbox 434 3837 1451 4386">
    <p class='ocr_par' dir='ltr' id='par_1_12' title="bbox 435 3837 1450 4001">
     <span class='ocr_line' id='line_1_27' title="bbox 435 3837 1450 3905; baseline -0.004 -16"><span class='ocrx_word' id='word_1_151' title='bbox 435 3841 516 3905; x_wconf 80' lang='lat' dir='ltr'>Igitur</span> <span class='ocrx_word' id='word_1_152' title='bbox 539 3856 612 3904; x_wconf 87' lang='lat' dir='ltr'>quum</span> <span class='ocrx_word' id='word_1_153' title='bbox 637 3840 695 3888; x_wconf 87' lang='lat' dir='ltr'>haec</span> <span class='ocrx_word' id='word_1_154' title='bbox 716 3844 793 3888; x_wconf 80' lang='lat' dir='ltr'>essent</span> <span class='ocrx_word' id='word_1_155' title='bbox 815 3840 893 3904; x_wconf 84' lang='lat' dir='ltr'>posita</span> <span class='ocrx_word' id='word_1_156' title='bbox 909 3840 934 3887; x_wconf 90' lang='lat' dir='ltr'>in</span> <span class='ocrx_word' id='word_1_157' title='bbox 953 3840 1023 3887; x_wconf 89' lang='lat' dir='ltr'>initio</span> <span class='ocrx_word' id='word_1_158' title='bbox 1042 3855 1123 3888; x_wconf 81' lang='lat' dir='ltr'>verano</span> <span class='ocrx_word' id='word_1_159' title='bbox 1140 3838 1273 3903; x_wconf 84' lang='lat' dir='ltr'>sequentis,</span> <span class='ocrx_word' id='word_1_160' title='bbox 1292 3837 1363 3886; x_wconf 87' lang='lat' dir='ltr'>metri</span> <span class='ocrx_word' id='word_1_161' title='bbox 1381 3853 1450 3886; x_wconf 82' lang='lat' dir='ltr'>cauea</span> 
     </span>
     <span class='ocr_line' id='line_1_28' title="bbox 435 3935 1367 4001; baseline -0.005 -14"><span class='ocrx_word' id='word_1_162' title='bbox 435 3937 538 3987; x_wconf 85' lang='lat' dir='ltr'>motatio</span> <span class='ocrx_word' id='word_1_163' title='bbox 561 3936 622 3985; x_wconf 80' lang='lat' dir='ltr'>tacta</span> <span class='ocrx_word' id='word_1_164' title='bbox 639 3952 689 3985; x_wconf 81' lang='lat' dir='ltr'>esse</span> <span class='ocrx_word' id='word_1_165' title='bbox 708 3936 817 3994; x_wconf 85' lang='lat' dir='ltr'>ridetur,</span> <span class='ocrx_word' id='word_1_166' title='bbox 836 3942 860 3985; x_wconf 87' lang='lat' dir='ltr'>et</span> <span class='ocrx_word' id='word_1_167' title='bbox 877 3936 997 4001; x_wconf 80' lang='lat' dir='ltr'>scriptura</span> <span class='ocrx_word' id='word_1_168' title='bbox 1014 3953 1040 3985; x_wconf 87' lang='lat' dir='ltr'>ea</span> <span class='ocrx_word' id='word_1_169' title='bbox 1058 3936 1146 3994; x_wconf 80' lang='lat' dir='ltr'>fuisse,</span> <span class='ocrx_word' id='word_1_170' title='bbox 1164 3951 1234 3999; x_wconf 84' lang='lat' dir='ltr'>quam</span> <span class='ocrx_word' id='word_1_171' title='bbox 1252 3935 1367 3984; x_wconf 76' lang='lat' dir='ltr'>dedimus.</span> 
     </span>
    </p>

    <p class='ocr_par' dir='ltr' id='par_1_13' title="bbox 434 4029 1451 4288">
     <span class='ocr_line' id='line_1_29' title="bbox 468 4029 1449 4102; baseline -0.004 -21"><span class='ocrx_word' id='word_1_172' title='bbox 468 4033 524 4081; x_wconf 88' lang='lat'>118.</span> <span class='ocrx_word' id='word_1_173' title='bbox 549 4038 679 4102; x_wconf 78' lang='grc' dir='ltr'><em>ἀκροτάτῳ.</em></span> <span class='ocrx_word' id='word_1_174' title='bbox 713 4032 821 4095; x_wconf 82' lang='lat' dir='ltr'>Hcyniue</span> <span class='ocrx_word' id='word_1_175' title='bbox 838 4032 913 4080; x_wconf 86' lang='lat' dir='ltr'>edidit</span> <span class='ocrx_word' id='word_1_176' title='bbox 930 4037 1062 4101; x_wconf 67' lang='grc' dir='ltr'><em>ἀκροτάτοις</em></span> <span class='ocrx_word' id='word_1_177' title='bbox 1081 4048 1129 4081; x_wconf 89' lang='lat' dir='ltr'>non</span> <span class='ocrx_word' id='word_1_178' title='bbox 1147 4031 1205 4079; x_wconf 79' lang='lat' dir='ltr'>eatis</span> <span class='ocrx_word' id='word_1_179' title='bbox 1221 4030 1271 4079; x_wconf 86' lang='lat' dir='ltr'>acio</span> <span class='ocrx_word' id='word_1_180' title='bbox 1287 4046 1333 4094; x_wconf 88' lang='lat' dir='ltr'>qua</span> <span class='ocrx_word' id='word_1_181' title='bbox 1348 4029 1449 4078; x_wconf 85' lang='lat' dir='ltr'>auctori-</span> 
     </span>
     <span class='ocr_line' id='line_1_30' title="bbox 434 4124 1450 4192; baseline -0.004 -16"><span class='ocrx_word' id='word_1_182' title='bbox 434 4131 485 4176; x_wconf 79' lang='lat' dir='ltr'>tate</span> <span class='ocrx_word' id='word_1_183' title='bbox 510 4131 552 4176; x_wconf 84' lang='lat' dir='ltr'>ent</span> <span class='ocrx_word' id='word_1_184' title='bbox 577 4143 655 4176; x_wconf 84' lang='lat' dir='ltr'>cauea.</span> <span class='ocrx_word' id='word_1_185' title='bbox 689 4127 715 4175; x_wconf 88' lang='lat' dir='ltr'>Si</span> <span class='ocrx_word' id='word_1_186' title='bbox 733 4126 786 4190; x_wconf 78' lang='lat' dir='ltr'>jota</span> <span class='ocrx_word' id='word_1_187' title='bbox 809 4128 971 4192; x_wconf 81' lang='lat' dir='ltr'>subscriptum</span> <span class='ocrx_word' id='word_1_188' title='bbox 995 4128 1020 4177; x_wconf 92' lang='lat' dir='ltr'>in</span> <span class='ocrx_word' id='word_1_189' title='bbox 1043 4128 1112 4177; x_wconf 88' lang='lat' dir='ltr'>libris</span> <span class='ocrx_word' id='word_1_190' title='bbox 1135 4127 1329 4192; x_wconf 76' lang='lat' dir='ltr'>praetermissum</span> <span class='ocrx_word' id='word_1_191' title='bbox 1352 4130 1401 4174; x_wconf 82' lang='lat' dir='ltr'>eet:</span> <span class='ocrx_word' id='word_1_192' title='bbox 1426 4124 1450 4173; x_wconf 93' lang='lat' dir='ltr'>id</span> 
     </span>
     <span class='ocr_line' id='line_1_31' title="bbox 435 4221 1451 4288; baseline -0.004 -16"><span class='ocrx_word' id='word_1_193' title='bbox 435 4223 532 4288; x_wconf 86' lang='lat' dir='ltr'>quidem</span> <span class='ocrx_word' id='word_1_194' title='bbox 543 4239 655 4288; x_wconf 72' lang='lat' dir='ltr'>persaepe</span> <span class='ocrx_word' id='word_1_195' title='bbox 666 4223 706 4281; x_wconf 84' lang='lat' dir='ltr'>fit,</span> <span class='ocrx_word' id='word_1_196' title='bbox 719 4223 786 4272; x_wconf 89' lang='lat' dir='ltr'>velut</span> <span class='ocrx_word' id='word_1_197' title='bbox 798 4223 822 4271; x_wconf 92' lang='lat' dir='ltr'>in</span> <span class='ocrx_word' id='word_1_198' title='bbox 835 4223 992 4287; x_wconf 73' lang='lat' dir='ltr'>inscriptione</span> <span class='ocrx_word' id='word_1_199' title='bbox 1003 4224 1076 4288; x_wconf 84' lang='lat' dir='ltr'>hujna</span> <span class='ocrx_word' id='word_1_200' title='bbox 1088 4224 1210 4281; x_wconf 81' lang='lat' dir='ltr'>carminis,</span> <span class='ocrx_word' id='word_1_201' title='bbox 1224 4227 1251 4271; x_wconf 91' lang='lat' dir='ltr'>nt</span> <span class='ocrx_word' id='word_1_202' title='bbox 1260 4221 1451 4272; x_wconf 79' lang='lat' dir='ltr'>memoravimus.</span> 
     </span>
    </p>

    <p class='ocr_par' dir='ltr' id='par_1_14' title="bbox 471 4318 1451 4386">
     <span class='ocr_line' id='line_1_32' title="bbox 471 4318 1451 4386; baseline 0 -18"><span class='ocrx_word' id='word_1_203' title='bbox 471 4319 527 4368; x_wconf 81' lang='lat'>118.</span> <span class='ocrx_word' id='word_1_204' title='bbox 553 4319 603 4371; x_wconf 79' lang='grc' dir='ltr'><em>τότ’</em></span> <span class='ocrx_word' id='word_1_205' title='bbox 626 4320 662 4370; x_wconf 84' lang='grc' dir='ltr'>αὖ.</span> <span class='ocrx_word' id='word_1_206' title='bbox 697 4319 748 4368; x_wconf 87' lang='lat' dir='ltr'>Pul.</span> <span class='ocrx_word' id='word_1_207' title='bbox 772 4319 793 4367; x_wconf 90' lang='lat' dir='ltr'><strong>B</strong></span> <span class='ocrx_word' id='word_1_208' title='bbox 815 4319 872 4368; x_wconf 89' lang='lat' dir='ltr'>hacc</span> <span class='ocrx_word' id='word_1_209' title='bbox 893 4320 1003 4369; x_wconf 89' lang='lat' dir='ltr'>omittit:</span> <span class='ocrx_word' id='word_1_210' title='bbox 1027 4320 1050 4368; x_wconf 88' lang='lat' dir='ltr'>in</span> <span class='ocrx_word' id='word_1_211' title='bbox 1074 4321 1125 4369; x_wconf 82' lang='lat' dir='ltr'>Pal.</span> <span class='ocrx_word' id='word_1_212' title='bbox 1142 4320 1162 4369; x_wconf 82' lang='lat'><strong>0</strong></span> <span class='ocrx_word' id='word_1_213' title='bbox 1180 4324 1204 4368; x_wconf 89' lang='lat' dir='ltr'>et</span> <span class='ocrx_word' id='word_1_214' title='bbox 1221 4319 1288 4368; x_wconf 86' lang='lat' dir='ltr'>Gott.</span> <span class='ocrx_word' id='word_1_215' title='bbox 1306 4318 1354 4371; x_wconf 79' lang='grc' dir='ltr'><em>τότ’</em></span> <span class='ocrx_word' id='word_1_216' title='bbox 1372 4320 1451 4386; x_wconf 75' lang='grc' dir='ltr'><em>αὐτῷ,</em></span> 
     </span>
    </p>
   </div>
   <div class='ocr_carea' id='block_1_6' title="bbox 436 4417 1003 4585">
    <p class='ocr_par' dir='ltr' id='par_1_15' title="bbox 436 4417 1003 4585">
     <span class='ocr_line' id='line_1_33' title="bbox 436 4417 821 4481; baseline 0 -16"><span class='ocrx_word' id='word_1_217' title='bbox 436 4417 491 4467; x_wconf 79' lang='lat' dir='ltr'>Ald.</span> <span class='ocrx_word' id='word_1_218' title='bbox 509 4417 559 4468; x_wconf 84' lang='grc' dir='ltr'><em>τότ’</em></span> <span class='ocrx_word' id='word_1_219' title='bbox 576 4418 657 4481; x_wconf 63' lang='grc' dir='ltr'><em>σάκκοι,</em></span> <span class='ocrx_word' id='word_1_220' title='bbox 677 4417 715 4465; x_wconf 84' lang='lat' dir='ltr'>vel</span> <span class='ocrx_word' id='word_1_221' title='bbox 733 4417 762 4469; x_wconf 77' lang='grc' dir='ltr'>αὖ</span> <span class='ocrx_word' id='word_1_222' title='bbox 778 4437 821 4469; x_wconf 86' lang='grc' dir='ltr'><em>τοι.</em></span> 
     </span>
     <span class='ocr_line' id='line_1_34' title="bbox 473 4513 1003 4585; baseline -0.004 -20"><span class='ocrx_word' id='word_1_223' title='bbox 473 4514 529 4565; x_wconf 78' lang='lat'>122.</span> <span class='ocrx_word' id='word_1_224' title='bbox 555 4516 606 4585; x_wconf 79' lang='grc' dir='ltr'>ἄρ’.</span> <span class='ocrx_word' id='word_1_225' title='bbox 641 4514 710 4564; x_wconf 80' lang='lat' dir='ltr'>Uret.</span> <span class='ocrx_word' id='word_1_226' title='bbox 728 4516 749 4564; x_wconf 79' lang='lat' dir='ltr'>A</span> <span class='ocrx_word' id='word_1_227' title='bbox 767 4518 791 4563; x_wconf 87' lang='lat' dir='ltr'>et</span> <span class='ocrx_word' id='word_1_228' title='bbox 808 4513 859 4563; x_wconf 87' lang='lat' dir='ltr'>Pal.</span> <span class='ocrx_word' id='word_1_229' title='bbox 877 4514 896 4562; x_wconf 84' lang='lat' dir='ltr'>C</span> <span class='ocrx_word' id='word_1_230' title='bbox 915 4514 934 4564; x_wconf 80' lang='grc' dir='ltr'>δ’</span> <span class='ocrx_word' id='word_1_231' title='bbox 952 4514 1003 4583; x_wconf 78' lang='grc' dir='ltr'><em>ἅμ’.</em></span> 
     </span>
    </p>
   </div>
   <div class='ocr_carea' id='block_1_7' title="bbox 0 0 1891 5534">
    <p class='ocr_par' dir='ltr' id='par_1_16' title="bbox 0 0 1891 5534">
     <span class='ocr_line' id='line_1_35' title="bbox 0 0 1891 5534; baseline 0 0"><span class='ocrx_word' id='word_1_232' title='bbox 0 0 1891 5534; x_wconf 95' lang='lat' dir='ltr'> </span> 
     </span>
    </p>
   </div>
  </div>
 </body>
</html>
