<?xml version="1.0" encoding="UTF-8"?>
<!DOCTYPE html PUBLIC "-//W3C//DTD XHTML 1.0 Transitional//EN"
    "http://www.w3.org/TR/xhtml1/DTD/xhtml1-transitional.dtd">
<html xmlns="http://www.w3.org/1999/xhtml" xml:lang="en" lang="en">
 <head>
  <title>
</title>
<meta http-equiv="Content-Type" content="text/html;charset=utf-8" />
  <meta name='ocr-system' content='tesseract 3.04.00' />
  <meta name='ocr-capabilities' content='ocr_page ocr_carea ocr_par ocr_line ocrx_word'/>
</head>
<body>
  <div class='ocr_page' id='page_1' title='image "./pindaricarminao00pindgoog_0595.png"; bbox 0 0 3767 5534; ppageno 0'>
   <div class='ocr_carea' id='block_1_1' title="bbox 913 714 976 773">
    <p class='ocr_par' dir='ltr' id='par_1_1' title="bbox 913 714 976 773">
     <span class='ocr_line' id='line_1_1' title="bbox 913 714 976 773; baseline 0.032 -2"><span class='ocrx_word' id='word_1_1' title='bbox 913 714 976 773; x_wconf 77' lang='lat'><strong>512</strong></span> 
     </span>
    </p>
   </div>
   <div class='ocr_carea' id='block_1_2' title="bbox 437 914 1429 1000">
    <p class='ocr_par' dir='ltr' id='par_1_2' title="bbox 437 914 1429 1000">
     <span class='ocr_line' id='line_1_2' title="bbox 437 914 1429 1000; baseline 0.01 -23"><span class='ocrx_word' id='word_1_2' title='bbox 437 937 566 979; x_wconf 87' lang='lat' dir='ltr'><strong>carmen.</strong></span> <span class='ocrx_word' id='word_1_3' title='bbox 614 914 776 978; x_wconf 89' lang='lat' dir='ltr'><strong>Genitivus</strong></span> <span class='ocrx_word' id='word_1_4' title='bbox 798 914 911 990; x_wconf 76' lang='grc' dir='ltr'><em>μελέων</em></span> <span class='ocrx_word' id='word_1_5' title='bbox 934 914 1114 1000; x_wconf 83' lang='lat' dir='ltr'><strong>adjungitur</strong></span> <span class='ocrx_word' id='word_1_6' title='bbox 1139 916 1287 981; x_wconf 89' lang='lat' dir='ltr'><strong>vocabulo</strong></span> <span class='ocrx_word' id='word_1_7' title='bbox 1312 922 1429 994; x_wconf 60' lang='lat' dir='ltr'><strong>,aaran</strong></span> 
     </span>
    </p>
   </div>
   <div class='ocr_carea' id='block_1_3' title="bbox 484 1032 1451 1123">
    <p class='ocr_par' dir='ltr' id='par_1_3' title="bbox 484 1032 1451 1123">
     <span class='ocr_line' id='line_1_3' title="bbox 484 1032 1451 1123; baseline 0.009 -29"><span class='ocrx_word' id='word_1_8' title='bbox 484 1034 556 1096; x_wconf 81' lang='lat'>101.</span> <span class='ocrx_word' id='word_1_9' title='bbox 591 1033 661 1110; x_wconf 68' lang='grc' dir='ltr'><strong>ποκ’</strong></span> <span class='ocrx_word' id='word_1_10' title='bbox 684 1032 785 1096; x_wconf 74' lang='grc' dir='ltr'><strong><em>εὐκλέϊ</em></strong></span> <span class='ocrx_word' id='word_1_11' title='bbox 807 1032 909 1113; x_wconf 65' lang='grc' dir='ltr'><strong><em>Δίρκᾳ.</em></strong></span> <span class='ocrx_word' id='word_1_12' title='bbox 946 1032 1059 1095; x_wconf 83' lang='lat' dir='ltr'>Dircen</span> <span class='ocrx_word' id='word_1_13' title='bbox 1082 1033 1177 1097; x_wconf 81' lang='lat' dir='ltr'><strong>fuisse</strong></span> <span class='ocrx_word' id='word_1_14' title='bbox 1195 1035 1311 1100; x_wconf 83' lang='lat' dir='ltr'><strong>fontem</strong></span> <span class='ocrx_word' id='word_1_15' title='bbox 1327 1038 1360 1101; x_wconf 89' lang='lat' dir='ltr'><strong>in</strong></span> <span class='ocrx_word' id='word_1_16' title='bbox 1379 1060 1451 1123; x_wconf 79' lang='lat' dir='ltr'><strong>agro</strong></span> 
     </span>
    </p>
   </div>
   <div class='ocr_carea' id='block_1_4' title="bbox 431 1148 1453 4548">
    <p class='ocr_par' dir='ltr' id='par_1_4' title="bbox 431 1148 1453 3478">
     <span class='ocr_line' id='line_1_4' title="bbox 436 1148 1451 1233; baseline 0.003 -22"><span class='ocrx_word' id='word_1_17' title='bbox 436 1148 600 1225; x_wconf 78' lang='lat' dir='ltr'><strong>Thebane,</strong></span> <span class='ocrx_word' id='word_1_18' title='bbox 633 1154 757 1233; x_wconf 87' lang='lat' dir='ltr'><strong>propter</strong></span> <span class='ocrx_word' id='word_1_19' title='bbox 789 1170 878 1231; x_wconf 92' lang='lat' dir='ltr'><strong>quem</strong></span> <span class='ocrx_word' id='word_1_20' title='bbox 906 1148 971 1233; x_wconf 91' lang='lat' dir='ltr'><strong>ipse</strong></span> <span class='ocrx_word' id='word_1_21' title='bbox 994 1148 1146 1212; x_wconf 85' lang='lat' dir='ltr'><strong>Pindarus</strong></span> <span class='ocrx_word' id='word_1_22' title='bbox 1170 1148 1207 1213; x_wconf 88' lang='lat' dir='ltr'><strong>ab</strong></span> <span class='ocrx_word' id='word_1_23' title='bbox 1232 1150 1364 1215; x_wconf 89' lang='lat' dir='ltr'><strong>Horatio</strong></span> <span class='ocrx_word' id='word_1_24' title='bbox 1390 1151 1451 1216; x_wconf 86' lang='lat' dir='ltr'><strong>dic·</strong></span> 
     </span>
     <span class='ocr_line' id='line_1_5' title="bbox 435 1265 1448 1351; baseline 0.005 -21"><span class='ocrx_word' id='word_1_25' title='bbox 435 1276 486 1350; x_wconf 83' lang='lat' dir='ltr'><strong>tus</strong></span> <span class='ocrx_word' id='word_1_26' title='bbox 509 1267 549 1330; x_wconf 90' lang='lat' dir='ltr'><strong>sit</strong></span> <span class='ocrx_word' id='word_1_27' title='bbox 571 1267 719 1330; x_wconf 83' lang='lat' dir='ltr'><strong>Dircaeus</strong></span> <span class='ocrx_word' id='word_1_28' title='bbox 742 1288 877 1351; x_wconf 82' lang='lat' dir='ltr'><strong>cygnus,</strong></span> <span class='ocrx_word' id='word_1_29' title='bbox 902 1265 939 1330; x_wconf 91' lang='lat' dir='ltr'><strong>L.</strong></span> <span class='ocrx_word' id='word_1_30' title='bbox 965 1265 1011 1329; x_wconf 88' lang='lat' dir='ltr'><strong>IV</strong></span> <span class='ocrx_word' id='word_1_31' title='bbox 1035 1265 1094 1330; x_wconf 86' lang='lat' dir='ltr'><strong>Od.</strong></span> <span class='ocrx_word' id='word_1_32' title='bbox 1120 1267 1154 1331; x_wconf 92' lang='grc' dir='ltr'><strong>ΙΙ</strong></span> <span class='ocrx_word' id='word_1_33' title='bbox 1180 1270 1240 1346; x_wconf 80' lang='lat'><strong>25,</strong></span> <span class='ocrx_word' id='word_1_34' title='bbox 1265 1270 1340 1333; x_wconf 88' lang='lat' dir='ltr'><strong>satis</strong></span> <span class='ocrx_word' id='word_1_35' title='bbox 1365 1279 1448 1335; x_wconf 90' lang='lat' dir='ltr'><strong>certe</strong></span> 
     </span>
     <span class='ocr_line' id='line_1_6' title="bbox 435 1383 1453 1473; baseline 0.005 -26"><span class='ocrx_word' id='word_1_36' title='bbox 435 1391 543 1448; x_wconf 93' lang='lat' dir='ltr'><strong>notum</strong></span> <span class='ocrx_word' id='word_1_37' title='bbox 566 1392 621 1449; x_wconf 88' lang='lat' dir='ltr'><strong>est.</strong></span> <span class='ocrx_word' id='word_1_38' title='bbox 657 1383 774 1448; x_wconf 84' lang='lat' dir='ltr'><strong>Verum</strong></span> <span class='ocrx_word' id='word_1_39' title='bbox 797 1384 837 1447; x_wconf 89' lang='lat' dir='ltr'><strong>ad</strong></span> <span class='ocrx_word' id='word_1_40' title='bbox 863 1407 931 1449; x_wconf 91' lang='lat' dir='ltr'><strong>eum</strong></span> <span class='ocrx_word' id='word_1_41' title='bbox 956 1384 1071 1449; x_wconf 88' lang='lat' dir='ltr'><strong>fontem</strong></span> <span class='ocrx_word' id='word_1_42' title='bbox 1096 1387 1230 1450; x_wconf 89' lang='lat' dir='ltr'><strong>carmina</strong></span> <span class='ocrx_word' id='word_1_43' title='bbox 1254 1410 1320 1451; x_wconf 89' lang='lat' dir='ltr'><strong>sero</strong></span> <span class='ocrx_word' id='word_1_44' title='bbox 1346 1388 1453 1473; x_wconf 84' lang='lat' dir='ltr'><strong>Agesi-</strong></span> 
     </span>
     <span class='ocr_line' id='line_1_7' title="bbox 433 1502 1452 1591; baseline 0.003 -24"><span class='ocrx_word' id='word_1_45' title='bbox 433 1502 523 1568; x_wconf 90' lang='lat' dir='ltr'><strong>damo</strong></span> <span class='ocrx_word' id='word_1_46' title='bbox 547 1503 723 1587; x_wconf 81' lang='lat' dir='ltr'><strong>apparuisse</strong></span> <span class='ocrx_word' id='word_1_47' title='bbox 744 1503 828 1568; x_wconf 89' lang='lat' dir='ltr'><strong>dicit.</strong></span> <span class='ocrx_word' id='word_1_48' title='bbox 866 1505 970 1588; x_wconf 85' lang='lat' dir='ltr'><strong>Atque</strong></span> <span class='ocrx_word' id='word_1_49' title='bbox 986 1503 1044 1568; x_wconf 89' lang='lat' dir='ltr'><strong>hoe</strong></span> <span class='ocrx_word' id='word_1_50' title='bbox 1060 1526 1107 1567; x_wconf 91' lang='lat' dir='ltr'><strong>me</strong></span> <span class='ocrx_word' id='word_1_51' title='bbox 1124 1505 1282 1583; x_wconf 90' lang='lat' dir='ltr'><strong>admonet,</strong></span> <span class='ocrx_word' id='word_1_52' title='bbox 1301 1513 1337 1570; x_wconf 90' lang='lat' dir='ltr'><strong>ut</strong></span> <span class='ocrx_word' id='word_1_53' title='bbox 1353 1528 1452 1591; x_wconf 87' lang='lat' dir='ltr'><strong>pauca</strong></span> 
     </span>
     <span class='ocr_line' id='line_1_8' title="bbox 433 1620 1452 1707; baseline 0.004 -22"><span class='ocrx_word' id='word_1_54' title='bbox 433 1621 562 1685; x_wconf 85' lang='lat' dir='ltr'><strong>scribam</strong></span> <span class='ocrx_word' id='word_1_55' title='bbox 595 1620 633 1685; x_wconf 88' lang='lat' dir='ltr'><strong>de</strong></span> <span class='ocrx_word' id='word_1_56' title='bbox 665 1621 834 1685; x_wconf 90' lang='lat' dir='ltr'><strong>multorum</strong></span> <span class='ocrx_word' id='word_1_57' title='bbox 862 1622 1063 1706; x_wconf 80' lang='lat' dir='ltr'><strong>interpretum</strong></span> <span class='ocrx_word' id='word_1_58' title='bbox 1088 1645 1124 1685; x_wconf 89' lang='lat' dir='ltr'><strong>ea</strong></span> <span class='ocrx_word' id='word_1_59' title='bbox 1146 1644 1237 1700; x_wconf 87' lang='lat' dir='ltr'><strong>cura,</strong></span> <span class='ocrx_word' id='word_1_60' title='bbox 1263 1646 1326 1707; x_wconf 91' lang='lat' dir='ltr'><strong>qna</strong></span> <span class='ocrx_word' id='word_1_61' title='bbox 1350 1625 1452 1707; x_wconf 90' lang='lat' dir='ltr'><strong>iuqui-</strong></span> 
     </span>
     <span class='ocr_line' id='line_1_9' title="bbox 432 1739 1449 1826; baseline 0.003 -22"><span class='ocrx_word' id='word_1_62' title='bbox 432 1748 501 1804; x_wconf 90' lang='lat' dir='ltr'><strong>rant</strong></span> <span class='ocrx_word' id='word_1_63' title='bbox 531 1739 668 1805; x_wconf 87' lang='lat' dir='ltr'><strong>studiose</strong></span> <span class='ocrx_word' id='word_1_64' title='bbox 700 1747 730 1803; x_wconf 92' lang='lat' dir='ltr'><strong>et</strong></span> <span class='ocrx_word' id='word_1_65' title='bbox 757 1740 923 1803; x_wconf 75' lang='lat' dir='ltr'><strong>ostendant</strong></span> <span class='ocrx_word' id='word_1_66' title='bbox 946 1740 1013 1804; x_wconf 91' lang='lat' dir='ltr'><strong>loca</strong></span> <span class='ocrx_word' id='word_1_67' title='bbox 1036 1763 1070 1804; x_wconf 89' lang='lat' dir='ltr'><strong>ac</strong></span> <span class='ocrx_word' id='word_1_68' title='bbox 1094 1748 1251 1826; x_wconf 85' lang='lat' dir='ltr'><strong>tempora,</strong></span> <span class='ocrx_word' id='word_1_69' title='bbox 1276 1744 1364 1826; x_wconf 90' lang='lat' dir='ltr'><strong>queis</strong></span> <span class='ocrx_word' id='word_1_70' title='bbox 1389 1744 1449 1807; x_wconf 90' lang='lat' dir='ltr'><strong>sin·</strong></span> 
     </span>
     <span class='ocr_line' id='line_1_10' title="bbox 432 1858 1448 1944; baseline 0.003 -23"><span class='ocrx_word' id='word_1_71' title='bbox 432 1859 506 1944; x_wconf 85' lang='lat' dir='ltr'><strong>gula</strong></span> <span class='ocrx_word' id='word_1_72' title='bbox 529 1858 654 1922; x_wconf 89' lang='lat' dir='ltr'><strong>Pindari</strong></span> <span class='ocrx_word' id='word_1_73' title='bbox 678 1859 812 1922; x_wconf 86' lang='lat' dir='ltr'><strong>earmina</strong></span> <span class='ocrx_word' id='word_1_74' title='bbox 835 1866 958 1922; x_wconf 83' lang='lat' dir='ltr'><strong>cantata</strong></span> <span class='ocrx_word' id='word_1_75' title='bbox 982 1860 1060 1923; x_wconf 82' lang='lat' dir='ltr'><strong>sint:</strong></span> <span class='ocrx_word' id='word_1_76' title='bbox 1089 1882 1185 1943; x_wconf 90' lang='lat' dir='ltr'><strong>quum</strong></span> <span class='ocrx_word' id='word_1_77' title='bbox 1208 1860 1252 1923; x_wconf 88' lang='lat' dir='ltr'><strong>ita</strong></span> <span class='ocrx_word' id='word_1_78' title='bbox 1268 1859 1397 1924; x_wconf 89' lang='lat' dir='ltr'><strong>Poetam</strong></span> <span class='ocrx_word' id='word_1_79' title='bbox 1413 1883 1448 1925; x_wconf 87' lang='lat' dir='ltr'><strong>ea</strong></span> 
     </span>
     <span class='ocr_line' id='line_1_11' title="bbox 432 1977 1447 2064; baseline 0.002 -23"><span class='ocrx_word' id='word_1_80' title='bbox 432 1977 592 2063; x_wconf 84' lang='lat' dir='ltr'><strong>perfecisse</strong></span> <span class='ocrx_word' id='word_1_81' title='bbox 624 1983 655 2040; x_wconf 90' lang='lat' dir='ltr'><strong>et</strong></span> <span class='ocrx_word' id='word_1_82' title='bbox 687 1977 857 2041; x_wconf 85' lang='lat' dir='ltr'><strong>elaborasse</strong></span> <span class='ocrx_word' id='word_1_83' title='bbox 882 1978 1071 2055; x_wconf 81' lang='lat' dir='ltr'><strong>existiment,</strong></span> <span class='ocrx_word' id='word_1_84' title='bbox 1096 1985 1132 2040; x_wconf 89' lang='lat' dir='ltr'><strong>ut</strong></span> <span class='ocrx_word' id='word_1_85' title='bbox 1156 2000 1192 2041; x_wconf 93' lang='lat' dir='ltr'><strong>ea</strong></span> <span class='ocrx_word' id='word_1_86' title='bbox 1214 1979 1305 2043; x_wconf 91' lang='lat' dir='ltr'><strong>certis</strong></span> <span class='ocrx_word' id='word_1_87' title='bbox 1330 2002 1447 2064; x_wconf 85' lang='lat' dir='ltr'><strong>semper</strong></span> 
     </span>
     <span class='ocr_line' id='line_1_12' title="bbox 432 2095 1448 2181; baseline 0.003 -22"><span class='ocrx_word' id='word_1_88' title='bbox 432 2095 714 2181; x_wconf 86' lang='lat' dir='ltr'><strong>opportunitatibus</strong></span> <span class='ocrx_word' id='word_1_89' title='bbox 738 2096 914 2161; x_wconf 88' lang='lat' dir='ltr'><strong>destinaret.</strong></span> <span class='ocrx_word' id='word_1_90' title='bbox 953 2095 1063 2179; x_wconf 90' lang='lat' dir='ltr'><strong>Neque</strong></span> <span class='ocrx_word' id='word_1_91' title='bbox 1087 2118 1142 2181; x_wconf 82' lang='lat' dir='ltr'><strong>ego</strong></span> <span class='ocrx_word' id='word_1_92' title='bbox 1167 2119 1232 2161; x_wconf 89' lang='lat' dir='ltr'><strong>eam</strong></span> <span class='ocrx_word' id='word_1_93' title='bbox 1256 2119 1365 2162; x_wconf 87' lang='lat' dir='ltr'><strong>curam</strong></span> <span class='ocrx_word' id='word_1_94' title='bbox 1380 2120 1448 2163; x_wconf 89' lang='lat' dir='ltr'><strong>con·</strong></span> 
     </span>
     <span class='ocr_line' id='line_1_13' title="bbox 431 2213 1445 2299; baseline 0.002 -21"><span class='ocrx_word' id='word_1_95' title='bbox 431 2223 550 2278; x_wconf 91' lang='lat' dir='ltr'><strong>temno:</strong></span> <span class='ocrx_word' id='word_1_96' title='bbox 583 2236 639 2277; x_wconf 90' lang='lat' dir='ltr'><strong>nec</strong></span> <span class='ocrx_word' id='word_1_97' title='bbox 671 2213 841 2298; x_wconf 85' lang='lat' dir='ltr'><strong>quidquam</strong></span> <span class='ocrx_word' id='word_1_98' title='bbox 875 2215 961 2299; x_wconf 88' lang='lat' dir='ltr'><strong>parvi</strong></span> <span class='ocrx_word' id='word_1_99' title='bbox 993 2214 1089 2292; x_wconf 89' lang='lat' dir='ltr'><strong>facio,</strong></span> <span class='ocrx_word' id='word_1_100' title='bbox 1122 2214 1205 2299; x_wconf 92' lang='lat' dir='ltr'><strong>quod</strong></span> <span class='ocrx_word' id='word_1_101' title='bbox 1234 2215 1273 2279; x_wconf 88' lang='lat' dir='ltr'><strong>ad</strong></span> <span class='ocrx_word' id='word_1_102' title='bbox 1297 2216 1445 2280; x_wconf 91' lang='lat' dir='ltr'><strong>rationem</strong></span> 
     </span>
     <span class='ocr_line' id='line_1_14' title="bbox 431 2332 1443 2418; baseline 0.001 -21"><span class='ocrx_word' id='word_1_103' title='bbox 431 2334 601 2397; x_wconf 88' lang='lat' dir='ltr'><strong>carminum</strong></span> <span class='ocrx_word' id='word_1_104' title='bbox 626 2332 750 2396; x_wconf 87' lang='lat' dir='ltr'><strong>Pindari</strong></span> <span class='ocrx_word' id='word_1_105' title='bbox 774 2334 926 2417; x_wconf 84' lang='lat' dir='ltr'><strong>pertineat</strong></span> <span class='ocrx_word' id='word_1_106' title='bbox 949 2333 1174 2398; x_wconf 86' lang='lat' dir='ltr'><strong>illustrandam.</strong></span> <span class='ocrx_word' id='word_1_107' title='bbox 1211 2333 1331 2398; x_wconf 83' lang='lat' dir='ltr'><strong>Verum</strong></span> <span class='ocrx_word' id='word_1_108' title='bbox 1351 2356 1443 2418; x_wconf 91' lang='lat' dir='ltr'><strong>quan·</strong></span> 
     </span>
     <span class='ocr_line' id='line_1_15' title="bbox 432 2452 1446 2537; baseline 0.003 -22"><span class='ocrx_word' id='word_1_109' title='bbox 432 2452 534 2537; x_wconf 92' lang='lat' dir='ltr'><strong>doque</strong></span> <span class='ocrx_word' id='word_1_110' title='bbox 556 2452 641 2516; x_wconf 90' lang='lat' dir='ltr'><strong>illam</strong></span> <span class='ocrx_word' id='word_1_111' title='bbox 666 2474 767 2516; x_wconf 90' lang='lat' dir='ltr'><strong>curam</strong></span> <span class='ocrx_word' id='word_1_112' title='bbox 792 2452 905 2515; x_wconf 87' lang='lat' dir='ltr'><strong>lrnstra</strong></span> <span class='ocrx_word' id='word_1_113' title='bbox 928 2475 993 2515; x_wconf 86' lang='lat' dir='ltr'><strong>esse</strong></span> <span class='ocrx_word' id='word_1_114' title='bbox 1017 2452 1163 2516; x_wconf 84' lang='lat' dir='ltr'><strong>arbitror:</strong></span> <span class='ocrx_word' id='word_1_115' title='bbox 1189 2460 1283 2537; x_wconf 90' lang='lat' dir='ltr'><strong>atque</strong></span> <span class='ocrx_word' id='word_1_116' title='bbox 1299 2453 1359 2517; x_wconf 92' lang='lat' dir='ltr'><strong>hoc</strong></span> <span class='ocrx_word' id='word_1_117' title='bbox 1375 2474 1446 2519; x_wconf 88' lang='lat' dir='ltr'><strong>sane</strong></span> 
     </span>
     <span class='ocr_line' id='line_1_16' title="bbox 432 2569 1446 2653; baseline 0.002 -20"><span class='ocrx_word' id='word_1_118' title='bbox 432 2570 508 2634; x_wconf 89' lang='lat' dir='ltr'><strong>mihi</strong></span> <span class='ocrx_word' id='word_1_119' title='bbox 532 2576 669 2633; x_wconf 88' lang='lat' dir='ltr'><strong>constare</strong></span> <span class='ocrx_word' id='word_1_120' title='bbox 691 2569 823 2646; x_wconf 87' lang='lat' dir='ltr'><strong>videtur,</strong></span> <span class='ocrx_word' id='word_1_121' title='bbox 841 2570 966 2634; x_wconf 89' lang='lat' dir='ltr'><strong>minime</strong></span> <span class='ocrx_word' id='word_1_122' title='bbox 983 2571 1015 2635; x_wconf 89' lang='lat' dir='ltr'><strong>in</strong></span> <span class='ocrx_word' id='word_1_123' title='bbox 1032 2571 1140 2653; x_wconf 86' lang='lat' dir='ltr'><strong>quovis</strong></span> <span class='ocrx_word' id='word_1_124' title='bbox 1157 2571 1290 2635; x_wconf 89' lang='lat' dir='ltr'><strong>carmine</strong></span> <span class='ocrx_word' id='word_1_125' title='bbox 1306 2570 1446 2635; x_wconf 87' lang='lat' dir='ltr'><strong>faciendo</strong></span> 
     </span>
     <span class='ocr_line' id='line_1_17' title="bbox 434 2688 1444 2774; baseline 0.002 -22"><span class='ocrx_word' id='word_1_126' title='bbox 434 2689 522 2752; x_wconf 90' lang='lat' dir='ltr'><strong>illum</strong></span> <span class='ocrx_word' id='word_1_127' title='bbox 546 2688 695 2772; x_wconf 86' lang='lat' dir='ltr'><strong>ejusmodi</strong></span> <span class='ocrx_word' id='word_1_128' title='bbox 718 2689 872 2751; x_wconf 88' lang='lat' dir='ltr'><strong>intentum</strong></span> <span class='ocrx_word' id='word_1_129' title='bbox 897 2688 991 2752; x_wconf 84' lang='lat' dir='ltr'><strong>fuisse</strong></span> <span class='ocrx_word' id='word_1_130' title='bbox 1015 2689 1189 2773; x_wconf 87' lang='lat' dir='ltr'><strong>proposito,</strong></span> <span class='ocrx_word' id='word_1_131' title='bbox 1214 2688 1268 2753; x_wconf 89' lang='lat' dir='ltr'><strong>sed</strong></span> <span class='ocrx_word' id='word_1_132' title='bbox 1292 2696 1444 2774; x_wconf 82' lang='lat' dir='ltr'><strong>spectasse</strong></span> 
     </span>
     <span class='ocr_line' id='line_1_18' title="bbox 434 2807 1447 2893; baseline 0.003 -24"><span class='ocrx_word' id='word_1_133' title='bbox 434 2808 556 2871; x_wconf 87' lang='lat' dir='ltr'><strong>victoris</strong></span> <span class='ocrx_word' id='word_1_134' title='bbox 578 2808 705 2891; x_wconf 86' lang='lat' dir='ltr'><strong>gaudia,</strong></span> <span class='ocrx_word' id='word_1_135' title='bbox 730 2808 756 2870; x_wconf 88' lang='lat' dir='ltr'><strong>si</strong></span> <span class='ocrx_word' id='word_1_136' title='bbox 779 2807 885 2872; x_wconf 90' lang='lat' dir='ltr'><strong>laudes</strong></span> <span class='ocrx_word' id='word_1_137' title='bbox 910 2831 927 2871; x_wconf 92' lang='lat' dir='ltr'><strong>a</strong></span> <span class='ocrx_word' id='word_1_138' title='bbox 949 2831 980 2872; x_wconf 94' lang='lat' dir='ltr'><strong>se</strong></span> <span class='ocrx_word' id='word_1_139' title='bbox 997 2807 1165 2892; x_wconf 89' lang='lat' dir='ltr'><strong>praeclaras</strong></span> <span class='ocrx_word' id='word_1_140' title='bbox 1182 2809 1348 2891; x_wconf 87' lang='lat' dir='ltr'><strong>acciperet,</strong></span> <span class='ocrx_word' id='word_1_141' title='bbox 1366 2830 1447 2893; x_wconf 85' lang='lat' dir='ltr'><strong>speo-</strong></span> 
     </span>
     <span class='ocr_line' id='line_1_19' title="bbox 433 2924 1447 3011; baseline 0 -22"><span class='ocrx_word' id='word_1_142' title='bbox 433 2934 512 2990; x_wconf 86' lang='lat' dir='ltr'><strong>tasse</strong></span> <span class='ocrx_word' id='word_1_143' title='bbox 543 2927 657 3011; x_wconf 86' lang='lat' dir='ltr'><strong>patriae</strong></span> <span class='ocrx_word' id='word_1_144' title='bbox 688 2927 812 2990; x_wconf 90' lang='lat' dir='ltr'><strong>victoris</strong></span> <span class='ocrx_word' id='word_1_145' title='bbox 846 2927 992 3010; x_wconf 83' lang='lat' dir='ltr'><strong>gloriam,</strong></span> <span class='ocrx_word' id='word_1_146' title='bbox 1017 2932 1167 3011; x_wconf 88' lang='lat' dir='ltr'><strong>spectasse</strong></span> <span class='ocrx_word' id='word_1_147' title='bbox 1190 2924 1320 2989; x_wconf 88' lang='lat' dir='ltr'><strong>laudum</strong></span> <span class='ocrx_word' id='word_1_148' title='bbox 1344 2948 1447 2990; x_wconf 89' lang='lat' dir='ltr'><strong>earum</strong></span> 
     </span>
     <span class='ocr_line' id='line_1_20' title="bbox 434 3041 1447 3130; baseline -0.004 -20"><span class='ocrx_word' id='word_1_149' title='bbox 434 3046 561 3130; x_wconf 86' lang='lat' dir='ltr'><strong>ejusque</strong></span> <span class='ocrx_word' id='word_1_150' title='bbox 586 3044 701 3129; x_wconf 83' lang='lat' dir='ltr'><strong>gloriae</strong></span> <span class='ocrx_word' id='word_1_151' title='bbox 716 3052 746 3107; x_wconf 91' lang='lat' dir='ltr'><strong>et</strong></span> <span class='ocrx_word' id='word_1_152' title='bbox 761 3066 887 3107; x_wconf 88' lang='lat' dir='ltr'><strong>suorum</strong></span> <span class='ocrx_word' id='word_1_153' title='bbox 904 3044 1074 3108; x_wconf 88' lang='lat' dir='ltr'><strong>carminum</strong></span> <span class='ocrx_word' id='word_1_154' title='bbox 1091 3043 1313 3108; x_wconf 88' lang='lat' dir='ltr'><strong>aeternitatem.</strong></span> <span class='ocrx_word' id='word_1_155' title='bbox 1357 3041 1447 3106; x_wconf 85' lang='lat' dir='ltr'><strong>Certe</strong></span> 
     </span>
     <span class='ocr_line' id='line_1_21' title="bbox 434 3161 1448 3247; baseline -0.004 -19"><span class='ocrx_word' id='word_1_156' title='bbox 434 3186 470 3228; x_wconf 88' lang='lat' dir='ltr'><strong>ea</strong></span> <span class='ocrx_word' id='word_1_157' title='bbox 499 3185 562 3227; x_wconf 90' lang='lat' dir='ltr'><strong>uon</strong></span> <span class='ocrx_word' id='word_1_158' title='bbox 593 3162 631 3226; x_wconf 93' lang='lat' dir='ltr'><strong>ad</strong></span> <span class='ocrx_word' id='word_1_159' title='bbox 659 3162 749 3227; x_wconf 90' lang='lat' dir='ltr'><strong>breve</strong></span> <span class='ocrx_word' id='word_1_160' title='bbox 773 3170 894 3247; x_wconf 91' lang='lat' dir='ltr'><strong>tempus</strong></span> <span class='ocrx_word' id='word_1_161' title='bbox 917 3163 1053 3246; x_wconf 83' lang='lat' dir='ltr'><strong>gustari,</strong></span> <span class='ocrx_word' id='word_1_162' title='bbox 1078 3161 1132 3225; x_wconf 90' lang='lat' dir='ltr'><strong>sed</strong></span> <span class='ocrx_word' id='word_1_163' title='bbox 1156 3162 1343 3246; x_wconf 88' lang='lat' dir='ltr'><strong>sempiterna</strong></span> <span class='ocrx_word' id='word_1_164' title='bbox 1366 3183 1448 3245; x_wconf 87' lang='lat' dir='ltr'><strong>prae·</strong></span> 
     </span>
     <span class='ocr_line' id='line_1_22' title="bbox 434 3281 749 3346; baseline -0.003 0"><span class='ocrx_word' id='word_1_165' title='bbox 434 3282 522 3346; x_wconf 88' lang='lat' dir='ltr'><strong>conia</strong></span> <span class='ocrx_word' id='word_1_166' title='bbox 545 3304 609 3346; x_wconf 83' lang='lat' dir='ltr'><strong>esse</strong></span> <span class='ocrx_word' id='word_1_167' title='bbox 633 3281 749 3345; x_wconf 89' lang='lat' dir='ltr'><strong>voluit:</strong></span> 
     </span>
     <span class='ocr_line' id='line_1_23' title="bbox 589 3396 1273 3478; baseline -0.001 -15"><span class='ocrx_word' id='word_1_168' title='bbox 589 3399 767 3478; x_wconf 65' lang='grc' dir='ltr'><em>μελιγάρυες</em></span> <span class='ocrx_word' id='word_1_169' title='bbox 791 3396 871 3473; x_wconf 77' lang='grc' dir='ltr'><em>ὕμνοι</em></span> <span class='ocrx_word' id='word_1_170' title='bbox 896 3398 1018 3478; x_wconf 78' lang='grc' dir='ltr'><em>ὑστέρων</em></span> <span class='ocrx_word' id='word_1_171' title='bbox 1041 3397 1134 3477; x_wconf 68' lang='grc' dir='ltr'><strong><em>ἀρχαὶ</em></strong></span> <span class='ocrx_word' id='word_1_172' title='bbox 1158 3398 1273 3475; x_wconf 73' lang='grc' dir='ltr'><strong><em>λόγων·</em></strong></span> 
     </span>
    </p>

    <p class='ocr_par' dir='ltr' id='par_1_5' title="bbox 432 3515 1450 4548">
     <span class='ocr_line' id='line_1_24' title="bbox 435 3515 1444 3601; baseline -0.003 -18"><span class='ocrx_word' id='word_1_173' title='bbox 435 3518 485 3583; x_wconf 92' lang='lat' dir='ltr'><strong>Ol.</strong></span> <span class='ocrx_word' id='word_1_174' title='bbox 509 3517 558 3582; x_wconf 87' lang='lat' dir='ltr'><strong>XI</strong></span> <span class='ocrx_word' id='word_1_175' title='bbox 583 3520 611 3581; x_wconf 91' lang='lat'><strong>5.</strong></span> <span class='ocrx_word' id='word_1_176' title='bbox 648 3517 689 3581; x_wconf 79' lang='lat' dir='ltr'><strong>Et</strong></span> <span class='ocrx_word' id='word_1_177' title='bbox 711 3518 769 3581; x_wconf 89' lang='lat' dir='ltr'><strong>hoo</strong></span> <span class='ocrx_word' id='word_1_178' title='bbox 793 3515 917 3601; x_wconf 89' lang='lat' dir='ltr'><strong>quidem</strong></span> <span class='ocrx_word' id='word_1_179' title='bbox 937 3516 1005 3579; x_wconf 92' lang='lat' dir='ltr'><strong>loco</strong></span> <span class='ocrx_word' id='word_1_180' title='bbox 1021 3538 1083 3579; x_wconf 91' lang='lat' dir='ltr'><strong>non</strong></span> <span class='ocrx_word' id='word_1_181' title='bbox 1101 3516 1139 3579; x_wconf 93' lang='lat' dir='ltr'><strong>ad</strong></span> <span class='ocrx_word' id='word_1_182' title='bbox 1156 3524 1272 3580; x_wconf 89' lang='lat' dir='ltr'><strong>certum</strong></span> <span class='ocrx_word' id='word_1_183' title='bbox 1291 3516 1444 3601; x_wconf 88' lang='lat' dir='ltr'><strong>quoddam</strong></span> 
     </span>
     <span class='ocr_line' id='line_1_25' title="bbox 433 3631 1450 3718; baseline -0.003 -16"><span class='ocrx_word' id='word_1_184' title='bbox 433 3637 606 3702; x_wconf 87' lang='lat' dir='ltr'><strong>convivium</strong></span> <span class='ocrx_word' id='word_1_185' title='bbox 638 3644 691 3699; x_wconf 89' lang='lat' dir='ltr'><strong>aut</strong></span> <span class='ocrx_word' id='word_1_186' title='bbox 722 3635 857 3718; x_wconf 88' lang='lat' dir='ltr'><strong>aliquam</strong></span> <span class='ocrx_word' id='word_1_187' title='bbox 889 3656 1018 3698; x_wconf 85' lang='lat' dir='ltr'><strong>coronae</strong></span> <span class='ocrx_word' id='word_1_188' title='bbox 1050 3634 1253 3718; x_wconf 87' lang='lat' dir='ltr'><strong>portationem</strong></span> <span class='ocrx_word' id='word_1_189' title='bbox 1277 3631 1450 3699; x_wconf 86' lang='lat' dir='ltr'><strong>ornandam</strong></span> 
     </span>
     <span class='ocr_line' id='line_1_26' title="bbox 432 3752 1445 3837; baseline -0.002 -19"><span class='ocrx_word' id='word_1_190' title='bbox 432 3762 553 3819; x_wconf 83' lang='lat' dir='ltr'><strong>carmen</strong></span> <span class='ocrx_word' id='word_1_191' title='bbox 585 3754 735 3837; x_wconf 88' lang='lat' dir='ltr'><strong>pertinere</strong></span> <span class='ocrx_word' id='word_1_192' title='bbox 767 3752 924 3816; x_wconf 83' lang='lat' dir='ltr'><strong>videmus:</strong></span> <span class='ocrx_word' id='word_1_193' title='bbox 957 3774 1013 3815; x_wconf 92' lang='lat' dir='ltr'><strong>nec</strong></span> <span class='ocrx_word' id='word_1_194' title='bbox 1045 3752 1168 3836; x_wconf 87' lang='lat' dir='ltr'><strong>scripsit</strong></span> <span class='ocrx_word' id='word_1_195' title='bbox 1191 3752 1303 3829; x_wconf 88' lang='lat' dir='ltr'><strong>Poeta,</strong></span> <span class='ocrx_word' id='word_1_196' title='bbox 1328 3759 1366 3816; x_wconf 89' lang='lat' dir='ltr'><strong>ut</strong></span> <span class='ocrx_word' id='word_1_197' title='bbox 1390 3754 1445 3816; x_wconf 93' lang='lat' dir='ltr'><strong>hoc</strong></span> 
     </span>
     <span class='ocr_line' id='line_1_27' title="bbox 433 3868 1444 3956; baseline 0 -21"><span class='ocrx_word' id='word_1_198' title='bbox 433 3892 571 3956; x_wconf 90' lang='lat' dir='ltr'><strong>quoque,</strong></span> <span class='ocrx_word' id='word_1_199' title='bbox 585 3871 723 3953; x_wconf 88' lang='lat' dir='ltr'><strong>quamvis</strong></span> <span class='ocrx_word' id='word_1_200' title='bbox 735 3870 891 3934; x_wconf 89' lang='lat' dir='ltr'><strong>minutum</strong></span> <span class='ocrx_word' id='word_1_201' title='bbox 904 3869 1054 3947; x_wconf 87' lang='lat' dir='ltr'><strong>videatur,</strong></span> <span class='ocrx_word' id='word_1_202' title='bbox 1068 3868 1236 3948; x_wconf 88' lang='lat' dir='ltr'><strong>attendam,</strong></span> <span class='ocrx_word' id='word_1_203' title='bbox 1250 3873 1319 3950; x_wconf 68' lang='lat' dir='ltr'><strong>exp*</strong></span> <span class='ocrx_word' id='word_1_204' title='bbox 1330 3871 1444 3941; x_wconf 69' lang='grc' dir='ltr'><strong>εὐκλέας</strong></span> 
     </span>
     <span class='ocr_line' id='line_1_28' title="bbox 433 3987 1446 4072; baseline -0.003 -18"><span class='ocrx_word' id='word_1_205' title='bbox 433 3990 557 4069; x_wconf 62' lang='lat' dir='ltr'><strong>maner,</strong></span> <span class='ocrx_word' id='word_1_206' title='bbox 589 3990 677 4072; x_wconf 85' lang='lat' dir='ltr'><strong>quasi</strong></span> <span class='ocrx_word' id='word_1_207' title='bbox 703 3989 796 4053; x_wconf 90' lang='lat' dir='ltr'><strong>missa</strong></span> <span class='ocrx_word' id='word_1_208' title='bbox 818 3988 890 4052; x_wconf 90' lang='lat' dir='ltr'><strong>inde</strong></span> <span class='ocrx_word' id='word_1_209' title='bbox 913 3989 1061 4066; x_wconf 85' lang='lat' dir='ltr'><strong>carmina,</strong></span> <span class='ocrx_word' id='word_1_210' title='bbox 1086 3987 1139 4051; x_wconf 92' lang='lat' dir='ltr'><strong>sed</strong></span> <span class='ocrx_word' id='word_1_211' title='bbox 1162 3989 1245 4067; x_wconf 71' lang='grc' dir='ltr'><strong>παρὰ</strong></span> <span class='ocrx_word' id='word_1_212' title='bbox 1270 3989 1380 4068; x_wconf 65' lang='lat' dir='ltr'><strong>alpes:</strong></span> <span class='ocrx_word' id='word_1_213' title='bbox 1403 3987 1446 4052; x_wconf 88' lang='lat' dir='ltr'><strong>ibi</strong></span> 
     </span>
     <span class='ocr_line' id='line_1_29' title="bbox 433 4107 1446 4192; baseline 0 -22"><span class='ocrx_word' id='word_1_214' title='bbox 433 4130 451 4171; x_wconf 97' lang='lat' dir='ltr'><strong>a</strong></span> <span class='ocrx_word' id='word_1_215' title='bbox 480 4107 614 4171; x_wconf 90' lang='lat' dir='ltr'><strong>Pindaro</strong></span> <span class='ocrx_word' id='word_1_216' title='bbox 648 4108 771 4171; x_wconf 88' lang='lat' dir='ltr'><strong>condita</strong></span> <span class='ocrx_word' id='word_1_217' title='bbox 802 4116 1027 4192; x_wconf 86' lang='lat' dir='ltr'><strong>apparuerunt,</strong></span> <span class='ocrx_word' id='word_1_218' title='bbox 1061 4115 1195 4189; x_wconf 88' lang='lat' dir='ltr'><strong>suntque</strong></span> <span class='ocrx_word' id='word_1_219' title='bbox 1225 4107 1334 4170; x_wconf 80' lang='lat' dir='ltr'><strong>victori</strong></span> <span class='ocrx_word' id='word_1_220' title='bbox 1359 4108 1446 4190; x_wconf 87' lang='lat' dir='ltr'><strong>qnasi</strong></span> 
     </span>
     <span class='ocr_line' id='line_1_30' title="bbox 433 4226 1444 4310; baseline -0.001 -20"><span class='ocrx_word' id='word_1_221' title='bbox 433 4248 499 4290; x_wconf 90' lang='lat' dir='ltr'><strong>sero</strong></span> <span class='ocrx_word' id='word_1_222' title='bbox 529 4234 601 4290; x_wconf 88' lang='lat' dir='ltr'><strong>uata</strong></span> <span class='ocrx_word' id='word_1_223' title='bbox 631 4249 668 4289; x_wconf 79' lang='lat' dir='ltr'><strong>ex</strong></span> <span class='ocrx_word' id='word_1_224' title='bbox 699 4249 793 4290; x_wconf 88' lang='lat' dir='ltr'><strong>uxore</strong></span> <span class='ocrx_word' id='word_1_225' title='bbox 816 4226 976 4310; x_wconf 82' lang='lat' dir='ltr'><strong>progenies</strong></span> <span class='ocrx_word' id='word_1_226' title='bbox 1000 4226 1091 4288; x_wconf 89' lang='lat' dir='ltr'><strong>etiam</strong></span> <span class='ocrx_word' id='word_1_227' title='bbox 1115 4226 1264 4288; x_wconf 89' lang='lat' dir='ltr'><strong>morituro</strong></span> <span class='ocrx_word' id='word_1_228' title='bbox 1288 4226 1444 4290; x_wconf 87' lang='lat' dir='ltr'><strong>solatium.</strong></span> 
     </span>
     <span class='ocr_line' id='line_1_31' title="bbox 432 4342 1445 4430; baseline 0.001 -23"><span class='ocrx_word' id='word_1_229' title='bbox 432 4343 573 4408; x_wconf 83' lang='lat' dir='ltr'><strong>Profecto</strong></span> <span class='ocrx_word' id='word_1_230' title='bbox 596 4343 736 4428; x_wconf 90' lang='lat' dir='ltr'><strong>quidem,</strong></span> <span class='ocrx_word' id='word_1_231' title='bbox 762 4345 788 4407; x_wconf 91' lang='lat' dir='ltr'><strong>si</strong></span> <span class='ocrx_word' id='word_1_232' title='bbox 811 4343 870 4407; x_wconf 90' lang='lat' dir='ltr'><strong>hoc</strong></span> <span class='ocrx_word' id='word_1_233' title='bbox 893 4365 1014 4407; x_wconf 88' lang='lat' dir='ltr'><strong>carmen</strong></span> <span class='ocrx_word' id='word_1_234' title='bbox 1038 4342 1158 4406; x_wconf 89' lang='lat' dir='ltr'><strong>solenni</strong></span> <span class='ocrx_word' id='word_1_235' title='bbox 1178 4342 1298 4408; x_wconf 88' lang='lat' dir='ltr'><strong>cuidam</strong></span> <span class='ocrx_word' id='word_1_236' title='bbox 1317 4366 1445 4430; x_wconf 86' lang='lat' dir='ltr'><strong>pompae</strong></span> 
     </span>
     <span class='ocr_line' id='line_1_32' title="bbox 434 4462 1445 4548; baseline -0.001 -21"><span class='ocrx_word' id='word_1_237' title='bbox 434 4463 481 4527; x_wconf 90' lang='lat' dir='ltr'><strong>vel</strong></span> <span class='ocrx_word' id='word_1_238' title='bbox 510 4463 602 4527; x_wconf 86' lang='lat' dir='ltr'><strong>alicui</strong></span> <span class='ocrx_word' id='word_1_239' title='bbox 633 4463 676 4527; x_wconf 90' lang='lat' dir='ltr'><strong>rei</strong></span> <span class='ocrx_word' id='word_1_240' title='bbox 699 4462 791 4526; x_wconf 91' lang='lat' dir='ltr'><strong>simili</strong></span> <span class='ocrx_word' id='word_1_241' title='bbox 816 4462 955 4526; x_wconf 89' lang='lat' dir='ltr'><strong>debitum</strong></span> <span class='ocrx_word' id='word_1_242' title='bbox 979 4462 1105 4537; x_wconf 85' lang='lat' dir='ltr'><strong>fuisset,</strong></span> <span class='ocrx_word' id='word_1_243' title='bbox 1131 4483 1229 4544; x_wconf 86' lang='lat' dir='ltr'><strong>neque</strong></span> <span class='ocrx_word' id='word_1_244' title='bbox 1253 4462 1284 4524; x_wconf 91' lang='lat' dir='ltr'><strong>in</strong></span> <span class='ocrx_word' id='word_1_245' title='bbox 1310 4469 1445 4548; x_wconf 87' lang='lat' dir='ltr'><strong>tempore</strong></span> 
     </span>
    </p>
   </div>
   <div class='ocr_carea' id='block_1_5' title="bbox 0 0 1888 5534">
    <p class='ocr_par' dir='ltr' id='par_1_6' title="bbox 0 0 1888 5534">
     <span class='ocr_line' id='line_1_33' title="bbox 0 0 1888 5534; baseline 0 1"><span class='ocrx_word' id='word_1_246' title='bbox 0 0 1888 5534; x_wconf 95' lang='lat' dir='ltr'><strong> </strong></span> 
     </span>
    </p>
   </div>
  </div>
 </body>
</html>
