3767 5534
919 718 961 781 ⁷4

432 919 496 982 suis
519 918 614 1003 ipsam
639 919 818 1003 sapientiam
839 918 1072 982 commendavit.
1108 918 1193 983 Haeo
1208 943 1279 984 vero
1291 920 1455 1005 justitiam·

433 1036 522 1100 etiam
556 1038 644 1121 quasi
673 1060 783 1122 parens
811 1037 874 1101 sive
896 1037 979 1101 fovet
1002 1038 1066 1101 sive
1089 1039 1242 1103 eontinet:
1268 1047 1350 1103 certe
1373 1040 1446 1103 haee

428 1154 567 1239 justitiae
594 1154 692 1218 officia
714 1154 847 1217 vidimus
871 1177 889 1217 a
910 1154 1045 1218 Pindaro
1068 1157 1198 1222 maxime
1222 1156 1444 1235 commendari,

432 1279 469 1335 ut
491 1295 649 1336 caveamus
673 1281 703 1337 et
726 1272 764 1336 ab
788 1273 965 1337 adulatione
989 1282 1020 1337 et
1043 1298 1060 1337 a
1083 1275 1252 1353 calumnia,
1277 1283 1448 1358 quaesunt

432 1390 553 1454 veritati
572 1391 703 1455 maxime
719 1392 870 1455 contraria
888 1392 977 1470 vitia,
995 1392 1224 1476 habeamusque
1240 1398 1348 1478 peetus
1365 1415 1450 1477 aper·

432 1515 501 1571 tum
523 1515 554 1571 et
576 1508 727 1573 sincerum
750 1532 918 1593 verumque
941 1531 1120 1573 sermonem.
1136 1511 1159 1595 1)

477 1626 593 1690 Verum
628 1627 703 1691 haee
737 1650 856 1691 summa
890 1628 1058 1713 sapientiae
1093 1629 1190 1692 virtus
1220 1629 1288 1713 ipsa
1317 1651 1355 1693 ex
1387 1650 1449 1713 quo

433 1745 517 1809 fonte
540 1746 713 1823 hauriatur,
738 1746 804 1831 ipse
827 1769 882 1809 nos
906 1746 1028 1811 divinus
1045 1754 1129 1811 vates
1146 1747 1281 1812 edoceat.
1318 1747 1450 1826 „Unum

434 1864 575 1949 idemque
597 1865 757 1929 ¹hominum
783 1890 817 1930 ac
840 1866 976 1930 Deorum
1000 1889 1096 1951 genus
1120 1873 1182 1930 est:
1207 1890 1244 1931 ex
1268 1889 1331 1931 una
1353 1874 1452 1933 matre

433 1984 584 2068 spiramus
615 1984 755 2068 utrique:
780 1984 833 2049 sed
856 1984 948 2070 longe
972 1992 1088 2049 secreta
1112 1985 1207 2049 distat
1230 1986 1387 2070 potentia,
1415 1995 1451 2050 ut

434 2126 532 2189 genus
563 2103 722 2168 hominum
749 2103 874 2188 quidem
897 2104 976 2168 nilril
1000 2104 1055 2181 sit,
1081 2126 1211 2168 aeneum
1234 2126 1305 2168 vero
1329 2104 1452 2170 eoelum

434 2223 560 2286 immota
583 2244 701 2306 semper
723 2228 845 2285 maneat
867 2220 964 2285 sedes.
1000 2220 1220 2286 Verumtamen
1240 2222 1343 2307 aliquo
1357 2221 1454 2287 modo

435 2365 507 2405 sane
537 2363 641 2405 sumus
664 2340 888 2405 immortalibus
911 2340 1025 2404 similes
1049 2339 1097 2403 vel
1119 2361 1231 2424 magno
1254 2340 1380 2425 ingenio
1404 2338 1455 2404 vel

435 2468 562 2539 natura,
594 2482 780 2546 quamquam
806 2460 916 2538 nescii,
941 2459 979 2523 ad
1003 2481 1094 2544 quam
1118 2458 1179 2523 diei
1202 2459 1327 2544 aevique
1350 2458 1455 2522 brevis

435 2588 546 2645 metam
580 2601 702 2643 cursum
736 2584 875 2641 nostrum
909 2601 974 2642 sors
1007 2576 1264 2662 praescripserit.”
1279 2577 1304 2661 2)
1349 2576 1455 2661 Igitur

438 2698 552 2783 ingenii
575 2703 762 2781 naturaeque
785 2697 970 2781 praestantia
992 2695 1173 2760 mortalibus
1196 2717 1266 2759 eum
1286 2694 1354 2759 Diis
1373 2716 1458 2760 com·

436 2817 538 2880 munis
568 2822 631 2880 est:
662 2816 796 2880 cernitur
826 2838 861 2879 ea
889 2815 1032 2880 diviuitas
1055 2815 1088 2879 in
1112 2814 1261 2899 sapientia
1286 2822 1317 2880 et
1339 2814 1456 2879 intelli-

436 2935 540 3019 gentia
574 2934 653 2997 veri:
689 2934 746 2997 hae
780 2934 933 3018 praestitit
967 2935 1031 3018 ipse
1062 2932 1214 2996 Pindarus
1246 2954 1339 3018 seque
1371 2954 1458 3017 prae·

436 3061 516 3119 stare
549 3055 655 3117 sensit.
701 3053 776 3117 Ideo
811 3053 981 3137 sapientem
1015 3057 1103 3115 voeat
1138 3074 1224 3129 eum,
1261 3052 1315 3136 qui
1345 3057 1459 3116 natura

436 3195 491 3237 sua
514 3174 554 3236 sit
577 3194 679 3235 rerum
701 3171 894 3254 intelligens:
909 3170 932 3255 3)
950 3192 1010 3256 qua
1025 3168 1230 3253 intelligentia
1246 3169 1300 3254 qui
1315 3175 1457 3247 careant,

437 3314 499 3356 non
530 3298 660 3377 possunt
691 3313 758 3354 eam
789 3288 934 3353 discendo
966 3308 1177 3372 compensare,
1209 3286 1262 3351 sed
1286 3287 1400 3351 curiosi
1423 3293 1456 3351 et

437 3411 579 3496 loquaces
602 3408 736 3473 evadunt
758 3415 789 3472 et
812 3414 967 3492 tamquam
990 3406 1073 3469 corvi
1096 3402 1390 3505 obstrepuntudovis
1407 3406 1456 3469 avi

438 3529 568 3594 divinae.
581 3529 605 3612 4)
651 3527 720 3590 Hoc
753 3525 842 3611 quale
866 3526 924 3603 sit,
949 3524 1075 3609 planum
1097 3524 1135 3587 iis
1159 3524 1256 3587 faeere
1278 3544 1341 3586 non
1365 3522 1455 3601 licet,

438 3648 492 3732 qui
519 3647 658 3711 nesciant
688 3666 780 3730 quam
811 3643 928 3707 distent
958 3642 1130 3726 intelligere
1162 3648 1193 3704 et
1224 3641 1378 3726 aeoipere,
1403 3641 1458 3726 qui

437 3766 536 3830 multa
559 3764 712 3828 audiendo
735 3762 927 3847 legendoque
951 3766 1118 3837 noverunt,
1144 3780 1243 3844 neque
1267 3780 1332 3822 eam
1356 3758 1459 3843 sogni-

438 3886 555 3949 tionam
576 3882 618 3947 ad
636 3876 767 3953 naturae
789 3902 860 3944 suae
875 3879 1054 3964 ingeniique
1071 3876 1287 3961 praestantiam
1303 3876 1457 3959 pertinere

439 4004 621 4079 voluerunt,
654 4001 791 4065 homines
822 3999 906 4063 docti
929 3997 1151 4082 significatione
1175 3994 1311 4079 passiva,
1336 3994 1457 4058 actione

445 4201 615 4210 *-

477 4334 500 4395 1)
524 4333 594 4382 (torf.
612 4348 670 4397 paq.
688 4332 727 4379 54.
858 4330 883 4389 2)
901 4330 967 4379 Nem.
992 4328 1033 4376 VI.
1052 4325 1141 4375 1-13,
1176 4324 1286 4373 Fortasse
1304 4322 1377 4371 etism
1395 4320 1459 4371 buno

441 4430 522 4479 locum
543 4414 647 4493 raspsiit
663 4427 753 4476 Paulus
770 4424 913 4490 Apostolus,
934 4425 989 4473 Aet.
1006 4424 1090 4485 Apost.
1108 4437 1128 4473 e.
1146 4420 1186 4476 17.
1203 4434 1236 4471 ar.
1254 4419 1295 4471 28.

477 4526 501 4592 3)
520 4526 556 4575 01.
575 4525 614 4575 ΙΙ.
632 4525 689 4573 154.
855 4524 880 4582 4)
898 4520 962 4570 [bid.
976 4520 1032 4575 156,
