3767 5534
921 734 963 793 68

431 934 567 999 Deorum
587 935 748 1010 honorem,
769 933 813 996 sic
833 932 871 996 ad
890 931 1067 995 mortalium
1089 932 1271 997 suavitatem
1286 934 1450 1018 pertinuit.

431 1056 460 1117 A
490 1054 576 1118 lucro
608 1052 738 1117 alienam
769 1058 886 1115 tantam
915 1058 979 1113 tarn
1001 1056 1205 1134 praestantem
1228 1052 1328 1137 poesis
1352 1060 1450 1117 artem

434 1196 572 1237 summus
595 1172 692 1235 Poeta
714 1170 813 1233 duxit.
845 1169 1002 1252 „Antiqui
1025 1169 1163 1235 homines
1173 1170 1203 1248 ,'’
1227 1172 1347 1255 inquit,
1372 1174 1452 1257 „qui

430 1292 463 1355 in
494 1314 654 1355 aurearum
686 1312 811 1352 currum
841 1288 1003 1351 Musarum
1035 1288 1255 1367 ascendebant,
1284 1289 1451 1374 gloriosam

431 1410 576 1474 citharam
601 1410 699 1486 nacti,
724 1407 812 1471 facile
836 1406 1017 1470 emittebant
1040 1406 1145 1471 dulces
1166 1408 1312 1492 hymnos,
1333 1409 1359 1472 si
1380 1409 1451 1493 quis

431 1535 510 1592 esset
541 1526 647 1612 pulcer
676 1526 862 1609 haberetque
892 1523 1022 1588 Veneris
1054 1525 1291 1591 conciliatricem
1316 1534 1449 1592 aetatem

432 1646 650 1710 dulcissimam.
696 1642 807 1728 Neque
835 1643 916 1706 enim
940 1650 1005 1706 erat
1027 1650 1093 1706 tum
1119 1643 1210 1707 Musa
1233 1644 1314 1709 lucri
1337 1645 1452 1731 cupida

431 1788 489 1829 nec
511 1764 713 1828 mercenaria:
737 1784 837 1845 neque
859 1761 1039 1825 emebantur
1059 1762 1231 1847 ajucnnda
1250 1762 1451 1847 Terpsichore

432 1884 536 1948 dulcia
569 1883 719 1959 carmina,
754 1904 811 1945 nee
845 1882 977 1945 frontem
1011 1880 1166 1945 habebant
1187 1888 1313 1967 argento
1334 1882 1452 1948 obduc-

430 2002 526 2066 tam.'’
540 2002 564 2085 ¹)
610 2001 738 2085 Scripsit
770 2001 844 2064 haec
876 2000 914 2063 ad
945 1999 1189 2085 Thrasybulum,
1205 2037 1209 2042 ·
1223 2023 1314 2085 quern
1342 2001 1452 2066 dilexit

432 2121 557 2199 eximie,
586 2120 754 2184 Pindarus:
779 2119 994 2203 ostenditque,
1020 2119 1174 2203 quomodo
1198 2120 1331 2185 voluerit
1354 2121 1451 2185 animi

433 2248 463 2304 et
486 2239 622 2303 caritatis
647 2261 751 2303 verum
774 2238 985 2301 testimonium
1008 2239 1125 2302 musieb
1148 2240 1311 2318 contineri,
1333 2240 1452 2324 subque

430 2365 513 2436 arte,
545 2358 628 2441 quod
660 2358 818 2443 attigimus
849 2363 953 2434 antea,
985 2358 1050 2441 ipse
1077 2358 1212 2422 caritatis
1240 2365 1271 2422 et
1294 2359 1450 2425 amicitiae

432 2476 622 2562 praeclarum
653 2476 808 2561 quoddam
839 2476 1013 2560 exemplum
1037 2477 1184 2541 condidit.
1198 2477 1222 2561 ²)
1268 2476 1326 2555 Et,
1352 2500 1451 2562 quum

432 2601 511 2659 esset
531 2594 731 2658 certaminum
751 2594 832 2657 etin
852 2594 987 2677 parando
1008 2600 1038 2657 et
1056 2594 1089 2657 in
1109 2594 1291 2679 perficiendo
1308 2617 1450 2659 summus

431 2712 534 2789 labor,
567 2734 716 2775 summam
745 2711 836 2774 etiam
859 2711 974 2795 gloriae
998 2712 1197 2789 suavitatem,
1222 2734 1376 2776 summum
1400 2736 1451 2777 su-

431 2854 519 2895 ornm
542 2830 712 2894 carminum
735 2830 903 2913 praemium
928 2829 1014 2893 dedit
1035 2830 1214 2895 victoribus:
1236 2830 1321 2895 velut
1342 2831 1451 2916 Agesi-

432 2949 520 3013 damo
545 2972 666 3012 carmen
689 2948 773 3013 misit
797 2971 863 3012 sero
887 2948 1029 3031 quidem,
1055 2949 1108 3012 sed
1131 2948 1360 3027 dulcissimum,
1386 2971 1450 3034 qno

431 3075 555 3152 accepto
589 3074 692 3153 posset
722 3066 774 3131 ille
805 3066 948 3131 lubenter
980 3090 995 3131 e
1025 3067 1088 3129 vita
1120 3066 1290 3131 discedere:
1322 3067 1449 3145 „mollis

430 3185 563 3263 sonna,’'
598 3185 715 3268 inquit,
748 3184 940 3261 „carminum
972 3183 1011 3247 ad
1042 3184 1149 3248 tibiam
1180 3193 1335 3263 occurret,
1368 3207 1449 3269 quae

430 3327 497 3369 sero
529 3304 667 3388 quamvis
699 3311 914 3388 apparuerunt.
963 3303 1022 3367 Sed
1053 3310 1090 3368 ut
1121 3304 1219 3388 proles
1253 3327 1289 3368 ex
1316 3304 1449 3389 conjuge

430 3424 509 3508 patri
543 3422 713 3486 desiderata
744 3422 827 3485 venit
854 3424 917 3507 jam
951 3422 988 3486 ab
1020 3430 1119 3487 aetate
1147 3423 1318 3507 juventutis
1350 3445 1448 3509 regre-

431 3542 528 3606 dienti
559 3548 754 3625 mentemque
782 3543 847 3627 ejus
871 3564 1055 3627 magnopere
1078 3542 1205 3606 caritate
1227 3542 1327 3618 fovet,
1353 3564 1449 3626 quan-

431 3660 596 3744 doquidem
632 3660 754 3724 divitias
789 3660 914 3724 domino
945 3662 1113 3726 adventitio
1144 3661 1243 3726 alieno
1274 3660 1448 3744 relinquere

344 3867 348 3874 Ι
431 3777 641 3841 tristissimum
663 3778 806 3842 morienti
830 3785 889 3842 est:
915 3780 959 3842 sic
979 3779 1070 3843 etiam
1091 3780 1205 3862 siquis
1225 3778 1339 3864 pulcris
1355 3777 1447 3843 rebus

432 3894 574 3980 perfectis
609 3895 675 3959 sine
709 3896 859 3973 carmine,
896 3896 1096 3981 Agesidame,
1127 3896 1161 3960 in
1190 3895 1289 3960 Hadis
1321 3894 1448 3960 domum

432 4012 551 4089 veniat,
583 4013 706 4077 inanem
737 4013 826 4077 duxit
858 4014 1000 4098 spiritum
1025 4021 1056 4078 et
1079 4014 1219 4098 exiguam
1243 4013 1384 4099 adjunxit
1406 4013 1450 4077 la·

433 4130 500 4194 bori
531 4130 742 4208 dulcedinem:
774 4131 832 4196 tibi
860 4154 933 4216 ,vero
965 4132 1063 4196 dulcis
1095 4132 1161 4217 lyra
1192 4139 1223 4195 et
1246 4132 1347 4195 suavis
1371 4131 1449 4196 tibia

432 4247 556 4311 laudern
588 4248 792 4334 adspergunt:
825 4249 913 4313 alunt
943 4249 1037 4313 latam
1060 4250 1186 4335 gloriam
1210 4249 1290 4313 filiae
1312 4248 1448 4314 Pierides

469 4508 494 4570 l)
510 4508 571 4559 Isth.
588 4509 626 4558 ΙῙ.
643 4508 720 4559 initio.
822 4510 847 4572 2)
866 4510 932 4560 Cous
942 4527 999 4575 pao.
1019 4513 1057 4562 50.
