3767 5534
923 672 963 734 55

467 869 597 935 vehemens
624 872 657 936 in
684 871 801 936 invidia
831 872 992 936 refutanda
1019 895 1143 961 eorum,
1172 872 1226 956 qui
1253 871 1448 936 detraherent

464 984 551 1067 gloriae
577 996 607 1053 et
634 990 795 1054 obscurare
822 990 948 1054 fortium
977 991 1112 1054 virorum
1136 990 1289 1075 praeclara
1313 989 1447 1053 facinora

463 1115 626 1172 comrentur.
641 1108 666 1191 ¹)
712 1107 822 1192 Neque
852 1109 934 1172 enim
963 1108 1109 1192 injustam
1132 1108 1384 1173 obtrectationem
1407 1108 1449 1172 fe·

460 1224 560 1289 undam
582 1249 648 1290 esse
672 1227 805 1311 putavit:
830 1227 961 1311 ideoque
979 1228 1067 1312 quasi
1086 1227 1196 1311 lupum
1216 1227 1296 1290 dixit
1316 1227 1446 1290 inimicis

458 1362 591 1409 cornere
619 1353 766 1431 oportere.

488 1461 601 1541 Scilicet
620 1464 694 1549 ipsis
715 1464 884 1529 inimicitiis
903 1463 1091 1528 delectatum
1110 1463 1205 1527 fuisse
1222 1462 1391 1531 Pindarum
1406 1487 1445 1527 ne

454 1580 508 1662 quis
529 1582 698 1646 existimet:
723 1583 776 1647 sed
801 1582 864 1645 sive
887 1604 986 1659 ames,
1011 1582 1074 1645 sive
1096 1581 1238 1646 inimicus
1262 1582 1318 1659 sis,
1343 1588 1447 1668 aperto

452 1703 552 1776 laesae
571 1700 663 1793 jubet
686 1702 797 1765 animo.
837 1700 918 1781 Nam
943 1708 1050 1765 contra
1072 1701 1212 1764 caritates
1236 1700 1447 1785 amicitiasque

449 1817 543 1899 quanti
565 1818 705 1895 duxerit,
729 1818 862 1900 vidimus
886 1829 985 1902 antea.
1025 1819 1123 1904 quue
1147 1819 1238 1883 etiam
1262 1827 1387 1905 apparet
1411 1839 1447 1883 ex

446 1936 604 2019 praeceptis
639 1936 694 2013 iis,
726 1936 839 2020 quibus
871 1936 1040 2001 Arcesilam
1071 1936 1275 2021 cyrenensem
1306 1936 1446 2001 adhorta·

445 2056 564 2117 tuaest.

479 2168 600 2234 Etenim
623 2179 783 2254 quassatae
807 2172 939 2236 civitatis
961 2194 1066 2236 curam
1085 2194 1270 2257 mognopere
1290 2171 1363 2237 huic
1381 2173 1446 2257 regi

441 2290 643 2367 commendat:
672 2291 780 2369 „decet
788 2292 819 2369 ,’'
843 2292 962 2376 inquit,
987 2292 1113 2370 „mitem
1139 2291 1298 2357 admovere
1321 2314 1446 2355 manum

439 2408 606 2492 vulnusque
631 2431 750 2473 curare:
770 2410 859 2475 facile
879 2412 961 2475 enim
982 2417 1027 2474 est
1043 2417 1207 2474 concutere
1226 2409 1445 2495 rempublicam
1483 2396 1484 2399 ¹

435 2526 480 2590 vel
503 2527 669 2592 levioribus
692 2527 883 2606 hominibus,
909 2529 963 2593 sed
986 2530 1019 2592 in
1038 2528 1106 2592 loco
1126 2550 1232 2600 rursus
1253 2550 1319 2593 eam
1339 2528 1442 2591 statim

436 2646 622 2710 constituere
650 2654 696 2711 est
722 2646 861 2724 difficile,
889 2647 950 2711 nisi
970 2647 1054 2711 Deus
1078 2647 1119 2711 sit
1142 2646 1272 2711 ducibus
1295 2646 1445 2731 guberna·

433 2772 491 2828 tor.
528 2764 618 2827 Aude
641 2787 762 2829 omnem
785 2765 817 2829 in
835 2765 983 2849 opulenta
1002 2763 1119 2849 Cyrene
1138 2786 1251 2850 ponere
1270 2763 1406 2828 curam.'’
1420 2764 1444 2847 ²)

432 2880 635 2947 Commendat
657 2905 747 2968 porro
771 2883 925 2948 Arcesilae
945 2883 1183 2968 Demophilum,
1205 2892 1272 2947 tum
1292 2882 1444 2959 exsulem,

432 2999 546 3066 Thebis
562 3010 815 3082 commorantem,
834 3025 982 3087 suamque
998 3002 1062 3087 ipse
1078 3024 1262 3086 magnopere
1276 3001 1444 3088 interponit

432 3118 616 3197 amicitiam,
647 3128 684 3182 ut
715 3120 742 3186 ei
769 3121 802 3189 in
831 3121 961 3205 patriam
990 3120 1089 3186 redire
1115 3119 1234 3188 liceret:
1259 3116 1442 3184 desiderium

432 3235 567 3321 patriae,
599 3236 682 3319 quod
710 3252 775 3304 erat
802 3238 1007 3323 Demophilo,
1036 3238 1122 3323 ponit
1146 3238 1185 3302 ob
1208 3236 1331 3314 oculos,
1355 3236 1448 3320 glori·

432 3375 545 3446 amque
571 3355 630 3439 ipsi
658 3356 811 3420 Arcesilae
839 3379 874 3419 ex
897 3356 983 3421 illius
1006 3356 1109 3420 reditu
1134 3355 1268 3419 futuram
1292 3353 1445 3431 ostendit,

432 3472 647 3543 cumulaturus
674 3496 739 3537 eam
767 3474 832 3558 ipse
855 3474 1052 3538 carminibus.
1100 3472 1231 3537 (lauaem
1255 3470 1341 3535 addit
1363 3494 1447 3556 prac-

431 3597 517 3653 terea
539 3612 697 3673 magnam,
722 3591 755 3655 in
777 3591 914 3656 moribus
935 3590 1113 3676 Damophili
1131 3590 1276 3675 positam,
1298 3588 1447 3674 sapientia

432 3707 622 3791 conspicuis,
643 3708 771 3793 placidis
790 3709 994 3793 mitibusque,
1014 3709 1144 3773 maxime
1165 3729 1235 3772 vero
1255 3706 1444 3791 simplicibus

432 3831 465 3889 et
495 3826 625 3911 apertis:
656 3827 924 3905 „maledicentiam
954 3828 1042 3892 silere
1073 3827 1156 3911 cogit
1163 3876 1173 3905 ,
1205 3824 1312 3895 didicit
1342 3848 1446 3911 super·

431 3943 567 4008 bientem
602 3944 718 4022 odisse,
754 3969 811 4010 nec
844 3953 941 4010 certat
976 3946 1120 4012 adversus
1158 3944 1270 4020 bonos:
1302 3949 1445 4027 precatur

433 4061 552 4126 civibus
578 4064 744 4152 tranquille
767 4065 903 4143 misceri,
928 4086 984 4129 neo
1008 4065 1152 4147 cuiquam
1174 4062 1291 4126 malum
1314 4061 1445 4138 faciens,

434 4180 554 4264 etipse
577 4181 656 4248 nihil
679 4205 697 4253 a
719 4182 837 4248 civibus
860 4182 1048 4269 patiens.’'³)

469 4447 494 4507 1)
514 4447 551 4495 Ol.
568 4447 607 4497 ΙΙ.
626 4444 681 4497 lta.
757 4445 782 4506 2)
799 4445 840 4511 Py.
859 4446 877 4493 I
879 4445 904 4494 V.
921 4444 985 4503 482,
1002 4458 1062 4508 seqq.
1139 4442 1163 4503 3)
1181 4442 1223 4509 Py.
1240 4441 1286 4491 IV.
1302 4439 1364 4499 498,
1381 4453 1442 4502 seqq.
