3767 5534
976 723 1041 784 att

501 947 536 987 ea
559 932 667 988 cuncta
692 924 759 987 loca
783 924 972 1008 comparanti
996 922 1071 986 mihi
1100 922 1282 1006 significatio
1309 922 1371 985 visa
1387 931 1433 987 est
1450 945 1517 987 esse

498 1044 620 1120 cadem,
646 1067 738 1127 quam
762 1043 852 1107 modo
877 1043 958 1117 dixi,
984 1050 1035 1107 ποῶ
1062 1043 1334 1120 κοοπνιλθμπεσθιιι,
1360 1042 1514 1106 radiatum

497 1187 574 1241 esse,
597 1165 706 1227 lucere.
736 1163 838 1247 Igitur
857 1164 895 1227 ab
916 1164 974 1226 hoc
992 1163 1117 1226 Pindari
1136 1162 1202 1225 loco
1220 1163 1293 1226 haec
1310 1162 1409 1226 aliena
1425 1179 1510 1226 sunt.

541 1281 647 1344 ltestat
679 1291 714 1345 ut
745 1281 783 1345 cle
816 1281 905 1345 verbo
937 1286 1069 1357 μενοινῶν
1102 1281 1275 1344 videamus:
1312 1281 1397 1365 quod
1431 1292 1515 1345 certo

496 1403 670 1485 saepissime
688 1393 739 1465 de
771 1402 881 1486 agendi
912 1401 1015 1464 studio
1048 1402 1191 1485 ponitur:
1226 1402 1279 1464 scd
1307 1412 1409 1464 tamon
1435 1401 1515 1465 aliae

495 1523 730 1607 significationes
757 1545 815 1585 non
842 1522 1066 1598 exeluduntur,
1093 1545 1189 1606 quum
1213 1523 1338 1584 omnino
1360 1522 1513 1605 significet

495 1642 588 1705 animi
614 1664 726 1705 curam
762 1649 792 1704 ct
824 1643 968 1726 majorem
1001 1642 1239 1725 cogitationem,
1276 1664 1353 1725 quae
1385 1650 1447 1704 tam
1480 1642 1512 1704 in

494 1772 577 1842 metu
604 1761 730 1845 periculi
754 1784 846 1844 (pram
869 1762 901 1824 in
918 1762 1049 1824 aetionis
1068 1762 1188 1844 impetu
1204 1784 1269 1823 esse
1286 1768 1401 1844 potest:
1428 1760 1514 1823 velut·

499 1880 586 1943 Hom.
616 1881 649 1943 ll.
676 1880 751 1943 XIV
778 1883 843 1942 264·

558 2002 668 2080 Ὕπνε,
692 2002 738 2077 νίν
759 2000 788 2062 δὲ
811 2000 846 2064 σὺ
870 2006 970 2064 extra
994 2000 1074 2076 μενῶ
1098 2000 1183 2080 Operi
1205 2010 1270 2079 σῇσι
1294 2006 1442 2083 μενοινᾷς;

494 2119 683 2203 significatur
714 2120 860 2203 cogitatio
892 2119 1081 2182 difficultatis
1115 2121 1197 2203 ejus,
1231 2141 1292 2201 qua
1323 2117 1455 2181 Somnus
1479 2140 1513 2180 se

494 2237 638 2301 deterreri
666 2237 801 2316 dixerat,
834 2238 999 2321 quominus
1022 2237 1140 2302 lunoni
1164 2238 1403 2321 obtemperaret:
1438 2259 1513 2320 ergo

496 2380 599 2441 reapse
623 2358 714 2420 timor
737 2358 848 2441 aliquis
871 2357 915 2421 ibi
939 2380 975 2420 eo
1000 2357 1091 2420 verbo
1116 2357 1306 2441 exprimitur.

539 2476 627 2556 Quae
651 2499 745 2560 quum
770 2477 814 2540 ita
837 2478 913 2553 sint,
939 2476 997 2540 hoc
1023 2476 1149 2539 Pindari
1166 2476 1233 2539 loco
1250 2475 1413 2560 significari
1433 2475 1513 2540 arbi-

493 2604 557 2659 tror
593 2603 769 2680 perpetuam
808 2596 1046 2660 sollicitudinem
1080 2596 1200 2660 Tantali
1234 2619 1268 2658 ac
1299 2606 1433 2671 metum,
1471 2618 1512 2657 ne

493 2738 599 2778 saxum
624 2715 702 2779 illud
727 2717 757 2779 in
783 2739 874 2779 suum
898 2725 991 2801 caput
1015 2725 1092 2780 ruat.

538 2834 639 2898 lltiam
662 2836 694 2898 in
718 2836 834 2898 scholio
859 2844 959 2899 vetere
984 2837 1057 2899 hacc
1081 2835 1297 2920 interpretatio
1314 2835 1508 2918 agnoscitur,

492 2953 575 3036 quod
605 2961 651 3016 est
682 2954 876 3039 hujusmodi:
913 2962 998 3020 τοῦτο
1033 2961 1165 3034 μενοινῶν
1198 2960 1246 3019 nal
1270 2955 1352 3019 κοντοὶ
1375 2957 1426 3029 τὴν
1451 2960 1510 3034 φιν

491 3073 550 3154 χὴν
573 3073 667 3151 ἔχων,
691 3076 727 3145 ῶς
751 3076 894 3138 ἐπιπεσὼν
917 3073 930 3139 ὃ
950 3075 1025 3146 λίθος
1046 3076 1195 3154 διοιςθθερεί
1211 3073 1316 3150 atriu,
1338 3080 1390 3146 πῶς
1406 3075 1511 3154 εὐφρο-

491 3192 576 3267 σύνης
592 3193 719 3274 οίλῶποιι,
740 3195 897 3274 προσδοκῶν
913 3193 959 3257 aial
976 3196 1028 3269 τὴν
1049 3194 1184 3273 κεφαλὴν
1197 3194 1286 3258 οιθποῶ
1298 3192 1507 3271 βληθήσεσθαι.

491 3309 531 3372 At
555 3319 656 3375 tamen
682 3313 712 3375 in
737 3312 832 3376 altero
857 3312 953 3376 altera
976 3312 1192 3397 interpretatio
1216 3312 1279 3374 est:
1304 3308 1400 3375 θννινοι
1423 3311 1508 3390 ε’πνρ-

490 3430 610 3507 τημένον
633 3434 708 3495 λίθον
728 3433 868 3509 ἐπιθυμῶν
891 3431 952 3494 οίπὸ
975 3441 1027 3506 τῆς
1052 3434 1141 3496 οιὺτοῶ
1162 3437 1299 3513 nadalia
1319 3431 1505 3494 ιθπῶσιισθοιι.

536 3549 688 3614 Homerus
721 3550 758 3614 de
793 3550 914 3615 Tantali
946 3573 1044 3636 poena
1075 3550 1163 3614 aliter
1186 3555 1420 3626 commemorat,
1445 3546 1506 3610 Od.

494 3669 540 3732 Xl
566 3673 629 3732 582

600 3788 716 3854 ἑσταότ’
739 3791 768 3853 ἐν
791 3791 889 3871 λίμνῃ·
914 3794 930 3865 ἡ
952 3791 980 3853 δὲ
1005 3789 1189 3870 προσέπλαζε
1213 3789 1333 3868 γενείῳ,

602 3914 706 3972 σπεῶπο
729 3908 758 3971 δὲ
780 3908 907 3990 διψῶσιν,
932 3908 1020 3974 πιέειν
1044 3909 1067 3972 θ’
1090 3911 1141 3973 οὐκ
1163 3904 1245 3989 εἶχεν
1268 3907 1403 3982 artata,

490 4034 521 4087 et
545 4034 699 4109 praeterea
719 4026 757 4091 de
775 4027 872 4111 pomis
889 4027 1048 4106 arborum,
1069 4050 1178 4091 manus
1195 4028 1260 4112 ejus
1277 4024 1505 4111 effugientibus.

489 4143 685 4231 Quamquam
720 4168 771 4209 eos
806 4168 911 4209 versus
948 4146 986 4211 ab
1022 4146 1200 4210 Aristarcho
1232 4146 1351 4230 spurios
1385 4145 1507 4210 habitos

489 4263 582 4326 fuisse
606 4263 777 4328 Scholiasta
800 4264 839 4327 ad
863 4265 946 4329 hunc
963 4264 1089 4329 Pindari
1107 4264 1208 4329 locum
1225 4264 1311 4329 dicit.
1344 4264 1384 4328 Et
1401 4274 1504 4328 tamen

488 4383 610 4448 Tantali
631 4385 711 4463 sitia,
732 4385 892 4450 Τοινσοίλον
909 4385 999 4466 arua,
1022 4408 1075 4470 pro
1089 4385 1248 4469 proverbio
1263 4384 1331 4448 luit.
1357 4384 1504 4461 Alcman,

490 4503 621 4570 Alcaeus
645 4512 675 4568 et
699 4505 903 4569 Archilochus
927 4505 1018 4568 ctiam
1043 4504 1174 4589 lapidem
1200 4504 1331 4569 Tantalo
1354 4505 1504 4589 superim-
