3767 5534
924 715 988 776 616

491 914 522 974 4.
557 910 745 992 μελιγάρυες.
780 911 835 995 Py.
866 911 918 976 HI
952 916 1032 991 113,
1064 911 1124 977 Ne.
1151 893 1266 992 Ill-7,
1291 914 1347 979 Ist.
1371 914 1408 979 II
1432 917 1462 980 6.

446 1025 534 1091 Cous.
559 1025 609 1091 Ol.
633 1028 664 1091 X
689 1031 763 1093 118.

489 1150 518 1208 5.
556 1146 898 1228 ὑοτέρωνοὲρχοοὶλόγων.
931 1148 1128 1232 Significatur
1140 1148 1325 1233 hymnorum
1337 1150 1461 1214 immor·

443 1262 564 1340 talitas‚
596 1264 694 1347 iisque
723 1265 814 1328 etiam
837 1275 976 1349 posterae
1000 1265 1097 1329 famae
1120 1267 1271 1350 principia
1293 1268 1457 1332 contineri.

490 1384 519 1445 5.
554 1382 702 1447 τέλλεται.
737 1382 844 1446 Unum
868 1382 971 1447 Schol.
996 1383 1066 1447 Vet.
1091 1406 1127 1448 ex
1151 1383 1238 1448 Urat.
1264 1385 1309 1447 A:
1323 1386 1390 1450 ἀντὶ
1406 1391 1456 1450 τοῦ

441 1499 595 1563 stratura
625 1502 650 1564 ol
682 1497 777 1577 ὕμνοι·
809 1501 896 1565 ἑνικὸν
927 1501 994 1566 ἀντὶ
1017 1502 1231 1576 nanctoacum&
1268 1501 1306 1565 In
1329 1501 1458 1585 reliquis

442 1616 595 1680 veteribus
619 1617 743 1681 scholiis
767 1618 853 1682 nulla
876 1619 1027 1704 ejusmodi
1050 1628 1096 1684 est
1112 1621 1246 1697 mentio,
1263 1620 1317 1683 sed
1337 1628 1456 1685 tantum

440 1734 610 1818 explicatur
631 1758 685 1819 per
701 1735 753 1799 εἶσὶ
771 1736 818 1799 vel
831 1737 969 1814 placarat.
993 1736 1141 1801 Similiter
1154 1737 1280 1803 Hesiod.
1294 1737 1451 1823 Theogon.

441 1855 502 1915 321
530 1852 567 1916 de
591 1851 751 1917 Chimaera

439 1979 491 2043 τῆς
515 1968 538 2033 δ’
563 1966 595 2044 ἦν
618 1978 693 2050 τρεῖς
717 1972 866 2052 κεφοολοοὶ,
890 1971 947 2048 ula
965 1974 1018 2048 μὲν
1037 1979 1176 2052 χαροποῖο
1193 1970 1323 2048 λέοντος,
1339 1996 1366 2036 κ.
1385 1985 1445 2035 aa

438 2088 531 2172 Soph.
555 2087 664 2151 'l'rach
690 2090 753 2151 518

615 2204 677 2287 τότ’
701 2202 733 2280 ἦν
755 2205 840 2285 χερὸς
865 2202 896 2280 ἦν
919 2206 949 2269 δὲ
970 2204 1059 2280 τόξων
1082 2204 1240 2283 antropos,

617 2319 649 2396 ἦν
672 2322 697 2385 δ’
719 2324 925 2402 applauserat
949 2324 1102 2401 κλίμακες.

515 2503 517 2508 .
616 2436 648 2515 ἦν
671 2440 699 2503 δὲ
721 2441 863 2533 μετώπων
885 2441 1006 2506 catana
1029 2442 1211 2518 πλήγματα.

436 2555 543 2639 thue
576 2556 659 2640 apud
688 2555 870 2621 Hesiodum·
892 2565 922 2620 et
945 2557 1127 2641 Sophoclem
1151 2559 1183 2622 in
1207 2557 1361 2643 adjunctis
1385 2578 1450 2621 sen·

436 2673 541 2736 tentiis
564 2649 692 2737 fortasse
716 2674 819 2758 aliqua
841 2677 920 2739 ratio
940 2698 1004 2739 esse
1021 2675 1117 2739 videri
1132 2682 1234 2758 potest
1250 2674 1372 2737 numeri
1387 2673 1447 2736 sin·

435 2790 569 2873 guloris,
586 2792 629 2856 sic
646 2793 737 2856 etiam
753 2792 835 2877 apud
852 2791 1022 2856 Pindarum
1033 2793 1065 2856 in
1079 2791 1223 2877 adjuncto
1237 2791 1340 2856 πιστὸν
1352 2789 1447 2871 ὅρκιον.

482 2911 511 2970 6.
548 2912 649 2974 πιστὸν
672 2906 768 2989 ὅρκιον.
802 2909 930 2993 Saepius
954 2909 1105 2973 Pindarus
1129 2931 1250 2974 carmen
1274 2930 1330 2994 pro
1344 2908 1445 2992 jurato

435 3024 612 3088 testimonio
636 3047 701 3089 csse
723 3026 805 3089 vult:
831 3026 911 3090 conf.
936 3024 986 3090 Ol.
1011 3026 1047 3090 11
1073 3029 1150 3104 166,
1176 3025 1222 3088 VI
1246 3028 1298 3089 34.

481 3144 510 3206 7.
546 3142 715 3221 ἀφθόνητος.
749 3142 845 3207 Extra
867 3142 1013 3209 invidiam
1039 3144 1081 3207 ita
1106 3143 1271 3227 significari
1294 3142 1354 3206 hoo
1370 3142 1446 3206 exis·

434 3260 523 3322 timat
554 3260 717 3323 scholiasta
748 3268 853 3337 vetus,
887 3268 923 3324 ut
954 3260 1125 3325 invidentes
1155 3267 1288 3325 statuam
1313 3267 1445 3326 evertere

433 3378 569 3461 possint,
600 3377 728 3461 gloriam
761 3379 930 3442 carminum
954 3378 1054 3443 delere
1077 3400 1139 3442 non
1163 3379 1291 3463 possint.
1328 3375 1444 3441 Verum

433 3470 584 3578 significat
603 3496 720 3579 potius,
737 3495 855 3559 nullam
870 3495 968 3559 inesse
985 3495 1131 3560 invidiam
1149 3517 1205 3560 nec
1220 3494 1442 3579 malignitatem

433 3612 465 3675 in
494 3634 530 3675 eo
554 3613 607 3696 qui
630 3612 753 3676 laudem
776 3613 950 3698 impertiat,
976 3614 1028 3677 sed
1052 3614 1174 3700 copiose
1198 3619 1228 3677 et·
1250 3610 1443 3677 abundanter

431 3727 521 3791 illum
546 3726 711 3813 impertire

480 3848 509 3908 8.
544 3845 691 3924 ἄγκειται.
726 3845 903 3910 Honorifice
933 3846 1068 3918 dictum:
1097 3869 1169 3912 nam
1191 3868 1276 3910 sacra
1300 3844 1443 3922 donaria,

432 3985 510 4046 quae
533 3963 565 4027 in
589 3963 725 4028 Deorum
748 3964 895 4028 honorem
917 3966 951 4029 in
974 3965 1096 4050 templis
1113 3964 1250 4049 exposita
1267 3968 1358 4040 sunt,
1375 3964 1444 4027 οὶοοο-

430 4084 540 4149 aaron
562 4083 726 4147 dicuntur:
750 4083 836 4148 velut
858 4083 973 4148 Herod.
997 4082 1014 4148 I
1040 4086 1109 4148 lt..

478 4203 506 4263 8.
540 4202 582 4265 τὰ
603 4200 665 4279 μὲν.
700 4197 814 4284 Logice
836 4200 1029 4265 referendum
1053 4207 1099 4265 est
1123 4198 1162 4263 ad
1186 4196 1299 4275 ὕμνους.
1341 4195 1443 4260 Facile

430 4316 609 4403 hujusmodi
632 4324 786 4381 structura
810 4316 1000 4382 admittitur:
1024 4318 1101 4382 Eur.
1128 4317 1202 4401 Sup.
1219 4294 1290 4380 '597

585 4433 613 4502 ἓν
637 4436 681 4500 δεῖ
700 4434 783 4514 μόνον
806 4459 870 4520 μοι,
895 4438 961 4510 τοὺς
984 4437 1060 4508 θεοὺς
1084 4436 1180 4517 ἔχειν,
1203 4431 1260 4498 ὅσοι
