3767 5534
907 722 972 785 895

433 932 466 989 et
493 925 682 1010 pelliciatur,
719 931 755 988 ut
789 924 856 988 soni
884 924 950 1008 ejus
984 921 1139 987 blanditiis
1172 921 1376 1004 obtemperet,
1409 926 1444 982 ut

433 1043 524 1108 hilari
558 1066 593 1107 ac
626 1041 736 1106 libenti
767 1042 868 1106 animo
899 1042 1035 1125 cogitata
1065 1038 1254 1126 pronuntiet.
1302 1036 1443 1121 Duplicis

432 1161 584 1246 ejusmodi
598 1159 832 1245 comparationis
848 1158 1022 1243 exemplum
1037 1158 1127 1222 etiam
1143 1164 1190 1221 est
1205 1154 1295 1220 Nem.
1312 1153 1364 1218 III
1382 1155 1445 1216 lac

655 1275 838 1355 μεμιγμένον
863 1275 933 1353 μέλι
956 1277 1049 1356 λευκῷ

655 1395 707 1460 σὺν
729 1393 863 1471 γάλακτι
886 1429 932 1444 -
955 1393 1027 1471 πόμ’
1050 1393 1176 1467 &ochreca
1199 1392 1264 1457 Aio·

654 1519 730 1577 λῖσνν
753 1514 783 1578 ἕν
807 1518 938 1576 πνοαῖσιν
961 1513 1067 1576 αὐλῶν.

434 1630 475 1695 us
498 1628 589 1694 Nem.
605 1628 689 1693 Vm
712 1630 753 1692 25

654 1748 762 1828 μίτραν
785 1747 947 1828 καναχηδὰ
968 1745 1210 1822 πεποικιλμέναν.

480 1867 554 1929 143.
589 1862 786 1946 μνντρομῶτωρ
809 1890 836 1929 κ.
861 1889 890 1930 r.
914 1879 945 1929 a,
981 1866 1103 1948 Asopus
1133 1863 1245 1927 flamus
1276 1860 1442 1925 secuudum

433 1982 657 2069 Apollodorum
680 1982 796 2047 Oceani
818 1989 849 2047 ct
872 1981 999 2066 Tethyis
1021 1981 1105 2045 filius
1128 1980 1188 2045 fuit
1212 1986 1243 2043 et
1266 1978 1353 2043 duxit
1373 2000 1448 2041 uxo-

432 2121 495 2164 rem
518 2099 682 2183 Metopon,
705 2099 841 2164 Ladonis
863 2100 951 2164 fluvii
973 2100 1083 2164 filiam:
1111 2122 1127 2163 e
1149 2097 1271 2161 filiabus
1295 2096 1391 2180 Asopi
1416 2102 1446 2159 et

434 2218 572 2303 Metopes
596 2226 744 2283 memorat
767 2219 932 2303 Aeginam,
957 2218 994 2283 L.
1018 2218 1071 2282 ΙΙΙ
1094 2216 1129 2281 0.
1153 2216 1228 2281 XII.
1266 2216 1360 2300 Apud
1384 2214 1446 2277 He·

433 2335 594 2414 rodotum,
619 2336 648 2398 V
673 2339 713 2400 80
723 2386 733 2415 ,
757 2338 854 2421 Asopi
878 2336 1024 2401 dicuntur
1047 2334 1127 2399 filiae
1142 2332 1246 2397 Thebe
1262 2339 1293 2398 et
1309 2332 1443 2415 Aegina:

433 2462 464 2517 et
494 2456 648 2519 consentit
675 2455 739 2539 ipsc
770 2455 937 2533 Pindarus,
962 2455 1018 2519 Ist.
1035 2452 1118 2517 VIII
1142 2455 1195 2516 37.
1241 2450 1366 2535 Metope
1390 2449 1444 2514 ubi

432 2571 542 2649 fuerit,
566 2595 629 2638 nou
652 2575 802 2659 comperi:
826 2574 967 2639 meminit
982 2573 1055 2657 ejus
1079 2569 1302 2648 Callimachus,
1327 2567 1441 2654 Hymn.

432 2690 466 2754 in
488 2690 596 2755 Iovem
620 2693 662 2754 26

813 2814 926 2879 ulcorra
950 2814 974 2878 δ’
998 2816 1067 2893 ἀνὴρ

546 2930 632 3012 πεζὸς
657 2932 727 3008 ὑπὲρ
750 2930 854 3013 ΚρῖιθΙν
877 2956 911 2997 τε
935 2931 1106 2997 πολύστενόν
1129 2956 1162 2996 τε
1186 2929 1343 3003 Μετώπην.

433 3046 474 3110 ut
497 3047 662 3113 scholiasta
684 3060 773 3114 vetus
797 3072 868 3114 eum
890 3073 1029 3130 versum,
1054 3050 1162 3115 saltem
1185 3046 1334 3113 vocabula
1356 3045 1443 3111 πολύ-

432 3166 525 3231 οτενόν
554 3192 589 3231 τε
618 3167 767 3243 Μετώπην
797 3168 941 3246 afferens,
976 3168 1068 3247 dicit,
1105 3167 1275 3232 secundum
1304 3164 1446 3229 Callima·

433 3283 527 3347 chum
549 3284 695 3368 Metopon
718 3286 813 3350 fuisse
835 3288 867 3350 in
891 3286 1033 3351 Arcadia.
1080 3284 1174 3366 Quod
1197 3284 1350 3369 quomodo
1374 3283 1445 3347 iude

434 3400 584 3479 effecerit,
608 3424 671 3466 non
695 3404 768 3467 satis
792 3404 863 3469 scio.
903 3404 1074 3468 Scholiasta
1097 3404 1247 3468 recentior
1268 3402 1360 3479 dicit,
1382 3401 1446 3466 Mc-

434 3526 529 3605 topcn
552 3520 688 3585 habitam
711 3521 805 3586 fuisse
820 3522 915 3586 filiam
930 3522 1169 3607 Stymphalidis,
1186 3529 1346 3606 propterea
1362 3520 1445 3603 quod

435 3636 647 3721 Stymphalide
678 3639 859 3723 cingeretur.
906 3640 953 3703 De
986 3640 1113 3704 Ladona
1148 3647 1283 3716 constat,
1314 3638 1445 3702 fluvium

436 3774 509 3817 eum
523 3752 618 3818 fuisse
634 3755 800 3820 Arcadiae:
823 3756 891 3821 vide
906 3758 1090 3822 Pausaniam
1105 3757 1142 3821 L.
1156 3756 1239 3820 VIII
1253 3756 1286 3821 G.
1301 3755 1392 3819 XXV
1406 3758 1444 3833 2,

437 3876 468 3933 et
491 3872 643 3954 permulta
666 3873 725 3936 alia
747 3873 823 3937 loca.
861 3874 930 3939 Sive
954 3884 1057 3940 autem
1072 3876 1199 3962 Metopa
1215 3882 1340 3961 propter
1355 3896 1446 3938 suum

437 3987 550 4066 situm,
579 3990 641 4053 sive
669 3999 793 4075 propter
816 4001 933 4077 patrem
955 3993 1129 4072 liudonem,
1154 3994 1216 4057 sive
1239 4000 1363 4077 propter
1385 4014 1447 4056 ma-

436 4112 514 4168 trem
537 4104 779 4191 stymphalidem
803 4108 989 4194 Stymphalis
1014 4111 1095 4176 dicta
1118 4120 1181 4176 est:
1207 4112 1265 4175 hoc
1288 4111 1444 4187 ridemus,

437 4229 562 4306 propter
590 4224 674 4288 illam
705 4248 723 4289 a
752 4225 885 4290 Pindaro
909 4228 1058 4292 Arcadiae
1081 4250 1116 4292 ac
1138 4227 1312 4292 Thebarum
1336 4249 1445 4311 cogna-

435 4339 550 4404 tionem
585 4340 713 4405 laudari.
760 4345 883 4428 Asopus
917 4346 1042 4429 quidem
1077 4346 1138 4410 fuit
1172 4346 1205 4409 in
1228 4346 1380 4420 Phliasia,
1410 4352 1441 4408 et

435 4457 513 4522 altar
535 4458 567 4522 in
591 4457 735 4526 Boeotia:
761 4464 915 4552 Aesopum
939 4488 1030 4533 suum
1046 4464 1176 4530 Phliasii
1193 4475 1310 4550 patrem
1326 4463 1445 4530 Thebes
