3767 5534
916 714 959 773 92

431 912 533 990 dacia,
558 913 595 977 de
619 922 715 977 morte
740 937 809 994 vero
831 916 876 978 ita
899 917 1111 995 existimante,
1128 925 1164 980 ut
1183 925 1214 979 et
1225 917 1326 981 laudis
1338 916 1448 979 studio

431 1040 462 1095 et
485 1056 538 1117 spe
561 1033 798 1098 immortalitatis
822 1034 860 1098 ad
883 1017 1096 1101 fortitudinem
1122 1045 1153 1099 et
1175 1038 1319 1101 virtutem
1340 1035 1452 1121 impel-

432 1152 518 1216 leret.
553 1152 613 1217 Sed
636 1163 790 1239 praeterea
818 1154 992 1233 videamus,
1017 1155 1093 1240 quid
1116 1157 1157 1219 sit
1172 1158 1295 1241 utrique
1312 1156 1446 1219 maxime

426 1274 598 1357 proprium.
646 1261 739 1337 Nam'
757 1273 860 1351 Plato,
890 1296 987 1358 quum
1012 1276 1151 1340 videatur
1174 1275 1232 1339 hoe
1255 1275 1323 1339 loco
1346 1274 1447 1359 qnod-

434 1391 503 1454 dam
523 1392 690 1456 sententiae
709 1393 843 1457 melioris
863 1394 1048 1479 principium
1069 1394 1295 1472 commendare,
1310 1394 1395 1479 qnod
1408 1395 1452 1458 sit

433 1512 658 1595 quodammodo
670 1512 804 1576 Pindaro
817 1513 954 1591 inferius,
969 1536 1072 1577 revera
1084 1523 1186 1577 tamen
1198 1514 1331 1578 tetendit
1342 1513 1448 1577 altius.

476 1630 599 1716 Quippe
629 1630 718 1695 Plato
749 1640 866 1717 spectat
897 1631 1080 1709 utilitatem,
1115 1634 1257 1717 pietatem
1282 1632 1445 1697 Pindarus.

432 1751 540 1814 Monet
566 1752 690 1834 quidem
715 1751 935 1837 philosophus,
961 1753 1084 1817 vitanda
1108 1776 1171 1817 esse
1195 1753 1249 1817 illa
1271 1752 1447 1830 mendacia,

432 1894 469 1933 ne
494 1869 560 1933 Diis
583 1871 814 1935 maledicamus:
832 1873 854 1954 ¹)
877 1872 931 1936 sed
954 1895 988 1936 ea
1012 1872 1180 1937 admonitio
1204 1872 1292 1956 quasi
1311 1871 1448 1935 secundo

432 1990 498 2053 loco
528 1990 721 2077 adjungitur:
754 1991 883 2055 marimo
914 1997 1071 2076 spectatur
1100 1992 1292 2079 respublica,
1315 1999 1353 2084 ut
1386 2013 1450 2055 rec·

433 2118 513 2174 tores
543 2111 737 2175 nanciscatur
768 2111 843 2175 bene
873 2112 1031 2175 institutos
1063 2121 1092 2175 et
1123 2112 1162 2175 ad
1193 2112 1325 2176 officium
1353 2133 1445 2174 suum

434 2230 622 2295 informatos.
669 2231 818 2295 Pindarus
849 2252 920 2295 vero
947 2232 1126 2316 simpliciter
1148 2233 1216 2317 pius
1241 2254 1305 2296 esse
1327 2230 1445 2305 voluit,

434 2361 464 2414 et
503 2349 540 2414 de
575 2351 642 2414 Diis
678 2351 784 2436 pulcra
818 2351 918 2414 dicere
953 2352 1106 2439 hominem
1141 2359 1280 2437 oportere
1314 2350 1446 2435 putavit.

433 2470 582 2535 Pietatem
607 2470 749 2535 utilitatis
773 2470 1029 2534 commendationi
1053 2479 1206 2556 praestare
1230 2471 1351 2535 dixeris.
1384 2470 1446 2534 Sed

379 2584 381 2589 ’
433 2589 517 2654 illam
548 2597 689 2674 spectans
720 2588 885 2652 utilitatem
910 2589 999 2652 Plato
1024 2591 1127 2675 attigit
1151 2590 1302 2676 ejusmodi
1325 2596 1447 2654 senten·

435 2710 526 2786 tiam,
555 2709 586 2772 in
611 2730 672 2792 qua
696 2708 899 2794 praestantior
922 2709 1073 2772 sententia
1096 2710 1197 2773 lateat.
1244 2708 1325 2772 Nam
1349 2730 1447 2794 quum

435 2827 606 2906 divinorum
632 2827 835 2913 exemplorum
860 2828 1008 2912 pravitate
1031 2850 1070 2891 ne
1093 2830 1169 2891 fiant
1184 2835 1301 2892 mentes
1316 2827 1448 2891 deterio-

435 2974 482 3014 res
509 2960 627 3025 caveat,
652 2948 802 3026 ostendit,
827 2948 943 3011 homini
968 2948 1138 3032 exemplum
1163 2971 1228 3012 csse
1252 2948 1446 3033 propositum

436 3070 546 3134 Deum.
593 3067 713 3131 Idcirco
744 3067 834 3130 ctiam
865 3067 897 3129 in
921 3066 978 3131 hac
1001 3068 1069 3151 ipsa
1092 3067 1300 3153 disputatione
1322 3067 1447 3130 institu-

436 3190 529 3254 tionis
552 3186 713 3252 consilium
737 3208 771 3250 eo
795 3194 933 3263 revocat,
958 3188 981 3250 εἰ
1004 3187 1160 3264 μέλλουσιν
1184 3191 1251 3265 ἡμῖν
1272 3189 1295 3251 οἱ
1311 3188 1448 3267 φύλακες

436 3309 578 3387 θεοσεβεῖς
613 3331 646 3372 τε
676 3308 725 3371 καὶ
756 3308 819 3371 θεῖοι
849 3307 1020 3383 γίγνεσθαι,
1052 3308 1115 3371 κκθ
1146 3305 1208 3371 ὅσον
1237 3308 1371 3387 ἀνθρώπῳ
1401 3307 1449 3371 ἐπὶ

436 3435 573 3494 πλεῖστον
596 3422 649 3492 οἶόν
671 3446 722 3490 τε·
746 3426 903 3511 utfuturr'
924 3430 986 3489 rint
1009 3428 1143 3490 custodes
1165 3429 1249 3490 ποθεὶς
1271 3448 1344 3509 erpa
1368 3426 1450 3490 Deos

436 3554 484 3634 pii
511 3552 628 3633 ipsique
658 3534 756 3610 dreini
781 3549 922 3629 quomodo
953 3551 1085 3610 monime
1113 3549 1196 3610 homo
1221 3569 1285 3610 ecce
1303 3550 1413 3631 possit.
1428 3544 1451 3629 2)

438 3669 541 3752 Atque
564 3664 637 3730 alibi
660 3665 758 3728 fusius
779 3664 820 3728 de
843 3664 949 3728 divina
971 3670 1098 3741 natura,
1124 3672 1154 3728 et
1172 3664 1326 3748 quomodo
1343 3664 1451 3728 einos·

437 3796 485 3849 tra
508 3792 638 3869 cognata
660 3785 699 3847 sit
722 3793 752 3848 et
775 3782 813 3846 ad
837 3805 902 3847 eam
927 3781 1036 3846 debeat
1053 3782 1210 3859 accedere,
1230 3781 1450 3867 disputavit:³)

422 3891 521 3970 nunc
552 3927 622 3968 vero
645 3904 677 3968 in
700 3903 832 3988 perfecta
854 3902 1026 3987 republica,
1052 3924 1130 3988 quae
1155 3902 1192 3966 ab
1217 3902 1377 3965 hominum
1400 3924 1450 3987 ge·

438 4049 509 4089 nere
538 4025 634 4109 possit
665 4023 712 4087 vel
744 4022 834 4086 condi
867 4022 914 4086 vel
946 4022 1037 4106 fingi,
1070 4030 1202 4085 rectores
1229 4022 1390 4086 constituit
1413 4021 1451 4085 ad

376 4223 379 4230 Ι
438 4140 611 4228 exemplum
634 4165 757 4221 eornm,
781 4143 834 4227 qui
857 4141 1008 4207 mundum
1026 4148 1057 4205 et
1073 4141 1275 4205 condiderunt
1287 4149 1318 4205 et
1329 4150 1450 4225 regunt.

474 4438 498 4499 r)
518 4438 545 4487 n.
562 4437 601 4484 n.
619 4436 677 4484 aar.
693 4436 722 4485 n
838 4437 864 4496 a)
881 4436 907 4485 n.
925 4436 965 4484 n.
984 4434 1041 4482 aaa.
1063 4435 1088 4483 c.
1206 4432 1231 4491 a)
1250 4430 1320 4480 cone
1338 4430 1380 4479 rr.
1399 4414 1457 4479 cai

440 4550 483 4583 ran
501 4532 613 4592 Heerde,
629 4530 701 4581 initia
714 4530 877 4596 philoroplriae
893 4530 1045 4589 fumeae,
1063 4530 1107 4578 col.
1127 4529 1178 4577 III.
1192 4544 1219 4593 p.
1237 4525 1296 4581 247,
