3767 5534
908 722 972 781 415

587 933 669 1000 κῆποι
695 926 724 994 ἐς
750 925 869 998 Alaina,
893 922 932 987 θθι
955 920 984 984 π’
1007 920 1093 992 Ἠοῦς
1116 921 1270 1001 ἠριγενείης

591 1043 664 1107 οίκίοι
687 1041 737 1106 acl
760 1040 841 1122 χοροί
862 1042 915 1106 είοι
938 1040 988 1104 aul
1012 1039 1134 1104 οίιπολοοί
1157 1038 1289 1104 Ἠελίοιο.

476 1165 529 1225 84.
564 1162 700 1240 πρίπολιι.
749 1160 848 1224 Urbes
881 1158 1049 1223 laudantur
1083 1182 1117 1222 vs
1155 1158 1227 1221 135.
1275 1157 1347 1241 Ipsa
1376 1156 1448 1221 urbs

431 1280 560 1345 Rhodus
583 1286 688 1365 postea
710 1280 834 1345 condita
856 1290 903 1343 est
925 1287 1061 1363 tempore
1085 1277 1158 1342 belli
1182 1277 1449 1362 Peloponnesiaci,

437 1408 473 1465 ut
496 1407 543 1464 est
566 1399 648 1485 apud
671 1399 851 1463 Strabonem
874 1397 911 1461 L.
937 1396 1016 1461 XIV
1039 1419 1069 1480 p.
1095 1397 1178 1475 654,
1203 1398 1219 1472 ἡ
1243 1396 1272 1460 a
1295 1403 1344 1462 νῦν
1366 1397 1450 1470 πθλις

437 1519 552 1593 ἕκπίοθκ
575 1518 657 1583 κοιπθι
679 1518 721 1581 rol
742 1515 1008 1589 Πελοποιικοιοικοί.

483 1640 536 1701 35.
572 1636 700 1717 ἐμβόλῳ.
740 1635 788 1699 De
810 1636 963 1719 scriptura
985 1634 1105 1714 έμβθλῳ
1127 1642 1158 1697 et
1179 1634 1300 1712 έμβθλοι
1323 1635 1354 1697 in
1371 1635 1452 1698 notis

434 1756 547 1847 criticis
569 1755 813 1820 memoravimus.
859 1753 900 1817 Ilt
918 1753 956 1817 de
977 1753 1129 1837 scriptura
1144 1751 1267 1834 οκοίππῳ
1282 1759 1313 1816 et
1328 1752 1452 1818 σκοίπποο

438 1877 535 1949 πέλοις
565 1874 645 1940 Ncm
677 1874 725 1938 XI
755 1878 777 1937 4
804 1895 861 1938 sno
887 1874 955 1937 loco
978 1871 1159 1936 videbimus.
1205 1870 1336 1935 Ponitur
1359 1872 1452 1944 πέλοις

438 2017 508 2059 cum
540 1993 690 2079 genitivo,
722 1994 807 2058 velut
836 1993 929 2057 Hom.
959 1991 1018 2056 Od.
1043 1990 1103 2055 XV
1128 1994 1190 2057 257
1216 1990 1245 2063 ὃς
1268 1990 1337 2081 πώς
1359 2000 1454 2064 Τκλε-

437 2113 541 2194 μοίχοο
569 2114 664 2184 πίλοις
695 2110 807 2179 ίοποιπο.
853 2111 969 2176 Herod.
1000 2109 1082 2174 VIII
1106 2114 1147 2174 39
1171 2110 1314 2176 Αὐτονόου
1336 2112 1454 2187 πέμειος

439 2232 535 2303 πέλοις
566 2239 619 2304 πῆς
645 2231 828 2305 Κοοοποιλίκς.
864 2230 975 2293 Aesch.
1001 2231 1109 2313 Agam.
1137 2231 1238 2306 1038,
1263 2230 1295 2292 in
1320 2229 1454 2293 editione

438 2348 571 2412 Hensdii
594 2350 658 2411 948
674 2350 831 2413 πποιθεῖοοιν
847 2348 963 2421 κπκοίοο
978 2347 1080 2425 βωμοῦ
1096 2347 1200 2418 πέλοι.
1222 2350 1305 2413 1671
1324 2348 1454 2428 οὶλέκποιρ

439 2465 514 2531 licre
536 2467 653 2540 θκλείοις
676 2466 789 2538 πέλοις,
814 2464 897 2549 apud
921 2463 1095 2528 Hensdium
1123 2466 1206 2529 1579
1231 2472 1261 2528 et
1283 2464 1377 2544 c‘r'crrcp
1400 2488 1455 2550 pro

439 2550 524 2650 stirs.
571 2582 649 2647 Cum
673 2582 795 2661 dativo,
819 2590 856 2646 nt
879 2582 989 2645 Aesch.
1014 2580 1088 2667 Sup.
1113 2584 1177 2645 208
1205 2627 1208 2632 >

620 2700 728 2778 θέλοιμ’
749 2700 787 2765 θι
809 2700 860 2775 ἤδη
883 2723 925 2765 οοι
949 2699 1045 2770 πέλοις
1068 2699 1174 2778 θρθιοιις
1197 2698 1286 2779 ἔχειν.

402 2863 407 2870 -
440 2819 534 2904 Soph.
558 2817 635 2883 Ocd.
659 2817 695 2882 Τ.
720 2820 784 2881 400

753 2936 838 3000 δοκῶν
859 2934 959 3015 θρόνοις

619 3054 859 3133 ποιροιοπιιπιὶοειι
881 3059 941 3125 τοῖς
965 3053 1135 3132 Κρεονπείοις
1158 3053 1263 3124 πέλοις.

441 3173 491 3256 Aj.
517 3174 534 3237 7
540 3172 581 3235 74

613 3287 770 3361 Ἅνοιποοι,
795 3295 854 3360 τοῖς
878 3283 1010 3352 ι’ίλλοιοιι
1032 3286 1171 3366 Ἀργείων
1194 3286 1287 3359 πέλοις

617 3398 694 3465 ίοποο.

441 3516 531 3583 Certe
558 3518 656 3602 igitur
684 3518 882 3601 grammatica
910 3519 989 3582 ratio
1021 3520 1183 3603 utriusque
1214 3542 1303 3584 casus
1326 3530 1454 3588 constat.

441 3638 550 3724 Ipsum
580 3646 683 3702 antem
713 3637 840 3715 ἔμβολον
870 3637 1037 3701 secundum
1068 3638 1245 3702 scholiastae
1270 3648 1385 3705 veteres
1409 3643 1457 3706 vel

444 3764 491 3821 est
520 3754 631 3840 Lycia:
663 3755 710 3818 vel
741 3754 864 3839 quidam
896 3755 982 3819 locus
1013 3777 1107 3840 prope
1131 3757 1322 3840 Arycandam
1346 3758 1457 3844 Lyciae

443 3874 567 3950 urbem,
599 3874 653 3957 qui
684 3894 781 3957 quum
809 3894 845 3935 ex
877 3873 983 3936 multis
1013 3873 1145 3957 latisque
1173 3876 1252 3938 saxis
1276 3877 1308 3940 in
1332 3886 1457 3943 acutum

442 3993 558 4057 exitum
591 3998 748 4077 porrectus
778 3998 872 4067 esset,
905 3998 995 4054 antea
1018 3990 1187 4071 Embolon,
1212 4000 1317 4077 postea
1338 3995 1457 4060 Trieres

442 4108 613 4194 appellatus
637 4109 693 4186 sit,
718 4116 747 4171 et
771 4107 966 4192 praecipuam
985 4105 1065 4171 Solis
1081 4108 1288 4176 adorationem
1304 4113 1456 4180 habuerit.

445 4226 560 4291 Verum
590 4224 643 4289 ille
669 4225 773 4301 loom,
798 4225 852 4309 qui
875 4223 913 4287 ab
935 4225 1003 4309 ipso
1026 4225 1190 4291 scholiasta
1212 4229 1282 4309 ίερθι
1304 4256 1332 4295 πι
1355 4236 1458 4313 χωρίον

446 4344 635 4429 appellatur,
658 4343 734 4407 mihi
758 4351 789 4406 et
813 4365 830 4406 a
853 4342 963 4406 Rhodo
985 4345 1083 4427 magis
1105 4354 1240 4410 remotus
1264 4355 1295 4411 et
1310 4350 1457 4415 minutior

445 4462 539 4527 fnisse
569 4462 707 4538 videtur,
740 4483 832 4544 quem
854 4470 890 4524 ut
912 4468 1048 4526 rostrum
1070 4463 1161 4528 Asiae
1185 4467 1334 4551 spatiosae
1357 4470 1458 4553 appel·
