3767 5534
1008 719 1071 781 268

579 926 630 986 66.
667 922 813 985 Similiter
836 920 886 985 Ol.
911 922 994 985 VIII
1019 925 1058 986 67
1084 924 1128 987 ἀν’
1154 920 1250 995 ἵττσις
1266 922 1419 1003 χρυσέαις,
1437 922 1548 1007 Eurip.

531 1041 580 1105 El.
612 1044 677 1104 466
709 1038 806 1110 ἵπποις
835 1041 882 1118 ἂμ
906 1040 1105 1121 πτεροέσσαις.
1151 1027 1313 1106 Interdum
1337 1038 1372 1105 ea
1396 1042 1551 1126 significa·

531 1161 615 1224 tione
638 1160 763 1244 ponitur
787 1160 973 1245 praepositio
990 1162 1032 1237 ἑν,
1059 1159 1142 1223 velut
1158 1157 1208 1223 Ol.
1226 1159 1273 1222 IX
1293 1162 1355 1222 120
1371 1161 1550 1238 ἀναιρεῖσθαι

530 1281 559 1344 ἕν
582 1283 698 1345 Marcia
721 1280 821 1363 δίφρῳ.

577 1402 629 1463 69.
665 1399 791 1481 δευτέρῳ.
839 1398 911 1462 Fuit
942 1397 1135 1482 Ganymedes
1167 1398 1280 1483 Pelope
1316 1398 1471 1483 antiquior
1505 1423 1550 1463 se·

531 1518 666 1583 cundum
697 1518 868 1604 plerosque.
915 1517 975 1580 Sed
1006 1517 1124 1598 δευτέρῳ
1154 1516 1247 1598 χρόνῳ
1275 1516 1353 1581 nihil
1377 1517 1462 1582 aliud
1487 1519 1549 1604 sig·

531 1638 634 1702 nificat
665 1638 724 1701 nisi
755 1644 891 1722 tempore
915 1637 1100 1721 posteriore:
1126 1659 1198 1721 ergo
1222 1636 1376 1701 Pindarus
1399 1637 1549 1723 Pelopem

531 1758 605 1821 facit
627 1758 848 1842 antiquiorem:
873 1763 904 1821 et
927 1757 987 1821 luit
1011 1757 1071 1836 ita,
1096 1758 1122 1820 si
1147 1757 1339 1842 Ganymedes
1360 1779 1423 1822 non
1438 1758 1548 1838 Trois,

531 1877 584 1941 sed
619 1876 837 1941 Laomedontis
873 1877 956 1941 filius
991 1878 1141 1956 habetur,
1173 1877 1431 1962 quemadmodum
1463 1877 1549 1963 apud

531 1996 639 2081 Eurip.
674 1996 785 2061 Troad.
812 1999 874 2059 821
899 1996 1096 2075 Λαομεδόντιε
1119 2004 1194 2073 act,
1219 1998 1306 2070 Ζηνὸς
1328 1997 1408 2077 ἔχεις
1423 1997 1550 2064 κυλίκων

532 2116 695 2196 πλήρωμα,
721 2122 752 2180 et
775 2115 856 2201 apud
881 2114 946 2180 Cic.
970 2115 1061 2180 Tusc.
1086 2115 1103 2179 I
1128 2118 1180 2179 26.

579 2238 630 2300 73.
665 2236 766 2316 μιιτρί.
808 2235 996 2299 Graecorum
1020 2258 1119 2299 mores
1143 2235 1353 2320 spectantibus
1379 2258 1440 2300 non
1463 2259 1550 2321 prae·

532 2354 730 2420 termittenda
761 2362 834 2419 sunt
861 2355 1041 2440 hujusmodi
1063 2355 1148 2420 loca:
1173 2378 1244 2420 nam
1268 2378 1364 2441 quum
1389 2355 1471 2441 apud
1495 2378 1549 2420 eos

532 2476 636 2561 aliqua
665 2475 805 2539 videatur
835 2475 1007 2540 deminutio
1038 2476 1133 2540 fuisse
1161 2476 1321 2561 dignitatis
1345 2476 1546 2555 feminarum,

532 2596 689 2660 caritatem
721 2602 887 2659 maternam
921 2596 1046 2660 omnino
1077 2603 1158 2660 recte
1182 2603 1402 2681 cognoverunt.
1427 2596 1465 2660 cf.
1490 2596 1547 2682 Py.

533 2715 615 2780 VIII
640 2718 721 2794 122,
746 2713 860 2779 Herod.
885 2714 903 2778 I
927 2718 980 2779 31.

580 2838 630 2901 76.
665 2835 812 2916 φθονερῶν.
860 2833 1070 2900 Invidentium
1106 2833 1229 2898 Tantali
1265 2833 1421 2911 felicitati,
1462 2834 1548 2918 quod

533 2954 571 3017 ad
604 2954 669 3038 ejus
702 2952 807 3039 epulas
836 2953 895 3038 ipsi
918 2953 972 3017 Dii
996 2955 1160 3018 venissent.
1208 2952 1290 3038 Ergo
1314 2954 1389 3017 hace
1412 2952 1548 3032 invidia,

533 3073 702 3137 secundum
726 3072 911 3151 Pindarum,
937 3075 1056 3160 peperit
1081 3073 1235 3158 vulgatam
1257 3073 1295 3138 de
1315 3074 1449 3138 cruentis
1463 3073 1549 3159 dapi-

532 3194 590 3259 bus
613 3193 758 3258 fabulam.

580 3315 630 3378 78.
666 3311 777 3393 ζέοισαν
799 3311 881 3395 ἀμφ’
904 3311 1015 3391 ἀκμάν.
1040 3313 1138 3392 'Arnai
1163 3320 1209 3377 est
1233 3335 1387 3376 summum
1405 3312 1470 3397 ejus
1485 3312 1547 3390 rei,

533 3454 612 3517 qnae
635 3432 771 3516 genitivo
795 3453 868 3495 casu
890 3431 1087 3517 adjungitur:
1105 3455 1202 3517 quum
1218 3454 1289 3517 ergo
1306 3432 1367 3495 vim
1383 3430 1549 3496 maximam

533 3552 705 3629 contineat,
737 3550 824 3615 facile
855 3551 882 3614 ei
914 3551 1063 3616 tribuitur
1092 3551 1124 3615 id
1149 3550 1333 3637 adjectivum
1356 3550 1405 3616 vel
1427 3550 1550 3635 partici-

534 3672 636 3758 pium,
661 3670 744 3756 quod
768 3670 903 3755 genitivo
927 3670 1160 3756 adjungendum
1183 3670 1354 3735 videbatur.
1382 3669 1464 3735 Sunt
1481 3671 1549 3755 qui·

534 3791 603 3855 dem
634 3791 726 3855 etiam
759 3791 837 3855 aliae
864 3791 1042 3877 hujusmodi
1067 3791 1232 3877 positiones
1256 3789 1338 3875 apud
1361 3788 1549 3867 Pindarum,

534 3912 587 3976 sed
612 3912 685 3976 huic
708 3911 775 3975 loco
799 3910 975 3975 simillimus
999 3918 1045 3975 est
1068 3911 1162 3995 hujus
1186 3910 1329 3974 carminis
1355 3932 1387 3973 vs
1414 3911 1476 3972 156

800 4031 899 4110 νὶκμριί
920 4034 948 4097 τ’
972 4030 1074 4112 ἰσχύος
1098 4028 1273 4111 θριισύτσνσι.

582 4154 634 4216 79.
668 4150 763 4228 arinca
786 4152 867 4216 κατὰ
890 4151 977 4229 μέλη.
1018 4149 1182 4236 Objectum
1202 4175 1234 4214 σε
1258 4148 1346 4212 facile
1366 4170 1382 4211 e
1401 4154 1467 4211 tota
1487 4146 1550 4211 loci

535 4270 687 4335 sententia
705 4269 905 4355 intelligitur,
929 4270 990 4348 vel,
1017 4272 1042 4334 si
1066 4270 1157 4348 velis,
1183 4292 1199 4334 e
1215 4292 1249 4331 vs
1266 4270 1306 4330 81
1324 4266 1411 4332 σέθεν.
1429 4266 1467 4330 cf.
1486 4266 1549 4331 He·

534 4389 600 4454 rod.
618 4389 635 4453 I
653 4392 714 4452 119
733 4390 770 4453 de
787 4391 937 4474 Astyage,
959 4389 1097 4474 Harpagi
1113 4388 1228 4465 filium,
1246 4393 1282 4450 ut
1297 4386 1377 4472 patri
1393 4384 1548 4450 edendum

536 4508 637 4586 daret,
667 4508 841 4587 occidente,
868 4507 992 4590 σφάξας
1025 4508 1112 4573 νιύτὸν
1141 4507 1191 4571 real
1215 4506 1295 4571 κιιτνὶ
1317 4505 1414 4582 μέλεσι
1437 4504 1547 4569 διελών.
