3767 5534
904 726 967 791 477

431 931 558 997 refluere
579 938 611 997 at
628 930 733 996 relabi.
767 927 913 993 Flumina
931 924 1112 1001 subsidunt,
1129 922 1309 988 decrescunt
1324 922 1439 1001 undae,

432 1047 523 1114 Ovid.
547 1049 674 1115 Metam.
698 1048 716 1113 I
736 1048 812 1112 844.
1393 1093 1412 1136 4

478 1169 530 1233 76.
564 1167 717 1246 niman.
751 1165 882 1250 Propter
904 1163 1002 1230 nubes
1026 1168 1107 1227 atras
1130 1160 1331 1225 tenebrosam.
1378 1140 1444 1223 Hb·

431 1306 534 1350 merns
556 1285 595 1351 IL
619 1284 698 1350 XVI
721 1286 787 1350 384

440 1411 447 1455 ’-
521 1406 558 1478 ὥς
580 1403 605 1469 δ’
628 1402 683 1469 ὑπὸ
704 1402 833 1469 talam
856 1402 945 1467 τιῖοοι
967 1399 1086 1473 eramala
1107 1396 1225 1479 βέβριθε
1246 1397 1325 1478 χθὼν

523 1520 615 1599 ἤματ’
637 1522 776 1604 ὀπωρινῷ,
800 1519 849 1586 ὅτε
870 1518 1058 1601 λαβρότατον
1081 1514 1146 1599 χέει
1170 1513 1240 1597 ὕδωρ
1263 1515 1346 1588 Ζεύς.

433 1636 583 1719 Ovidius,
606 1638 733 1704 Metam.
757 1637 775 1703 I
798 1640 864 1702 264

707 1754 839 1821 madidis
862 1752 966 1819 Notus
990 1752 1092 1818 evolat
1115 1751 1172 1818 alis

537 1942 539 1945 ,
575 1872 755 1940 Terribilem
777 1874 864 1960 piosa
885 1880 987 1939 tectus
1010 1872 1141 1957 oaligine
1165 1870 1294 1936 vultum.

480 1993 532 2057 ta.
566 1990 670 2057 κάνοι.
705 1991 841 2057 Possunt
863 1990 1031 2077 significari
1053 1988 1128 2068 Lai,
1157 1995 1188 2054 et
1203 1988 1357 2074 genitivus
1373 2010 1448 2074 pen·

435 2107 505 2173 dare
528 2132 547 2173 a
567 2109 722 2188 βιιοιιῆις.
759 2109 853 2191 Quod
875 2108 1003 2195 quidem
1024 2130 1151 2187 moneo,
1175 2114 1338 2173 uteorum
1362 2105 1448 2192 adju·
1582 2107 1589 2119 “

435 2231 501 2291 veru
531 2224 650 2305 studia,
682 2228 794 2312 quibus
826 2228 955 2292 fortasse
985 2248 1055 2292 mea
1077 2226 1229 2291 sententia
1251 2223 1444 2310 displicebit,

435 2350 595 2428 propterea
624 2344 707 2428 quod
739 2351 785 2409 est
814 2345 919 2429 aliqua
950 2344 1060 2409 harum
1088 2365 1190 2408 rerum
1220 2340 1391 2407 obscuritas
1415 2346 1446 2408 et

436 2459 609 2546 explicandi
631 2460 805 2528 difficultas.
841 2462 957 2528 Verum
982 2485 1038 2548 ego
1062 2462 1158 2527 κείνων
1182 2461 1279 2526 refero
1303 2459 1342 2524 ad
1365 2458 1448 2524 Deu-

436 2578 583 2644 oalionem
591 2587 639 2644 et
660 2579 825 2665 Pyrrham,
849 2603 947 2667 eoqne
966 2580 1101 2665 genitivo
1117 2578 1265 2664 originem
1282 2564 1448 2662 significari

437 2694 576 2761 arbitror.
623 2695 772 2762 Similiter
795 2695 889 2783 Soph.
913 2698 1022 2782 Antig.
1047 2699 1089 2762 38

472 2828 474 2831 ⁴
591 2813 645 2879 εἴτ’
668 2816 786 2896 εὐγενὴς
810 2815 967 2898 orimum,
988 2812 1042 2881 εἴτ’
1065 2816 1171 2880 ἐσθλῶν
1193 2814 1287 2889 ιιοιιιιὶ·

438 2928 550 2995 Utrum
573 2951 719 3015 generosa
741 2931 783 2995 sis
806 2954 845 2997 an
868 2954 905 2995 ex
927 2930 1017 2996 bouis
1039 2929 1127 2995 mala.
1163 2928 1271 3014 llurip.
1287 2928 1364 2993 Heu.
1382 2929 1447 2994 376
1527 2893 1529 2896 v

613 3046 699 3119 δεινὸς
723 3049 883 3130 χοροιιιτὶιρ
904 3049 1073 3128 adriensem
1096 3050 1126 3114 ἐι
1147 3048 1259 3130 βροτοῖς

612 3164 718 3229 ἐσθλῶν
742 3165 887 3241 γενέσθαι.

482 3280 535 3343 80.
572 3280 709 3363 ὑμέτεροι.
745 3280 952 3346 Statuendum
983 3302 1048 3346 esse
1072 3280 1241 3359 cernimus,
1266 3280 1452 3367 Epharmos·

437 3404 503 3461 tum
524 3396 620 3463 inisse
643 3420 660 3463 e
682 3399 767 3484 regia
789 3397 1001 3484 Opuntiorum
1024 3400 1130 3485 stirpe.

481 3516 534 3579 81.
567 3515 697 3596 οὶρχῖιδει
728 3540 756 3581 ιι.
787 3542 816 3582 τ.
848 3531 879 3583 λ.
915 3514 1071 3582 Pluralem
1103 3539 1282 3595 nnmerum,
1312 3518 1396 3598 ιιορῖιι
1418 3522 1450 3581 et

436 3630 585 3716 Κροιιδῖιι,
617 3631 713 3697 Poeta
742 3634 864 3719 posuit,
897 3644 934 3699 ut
966 3633 1149 3719 dignitatem
1180 3635 1269 3720 stirpi
1296 3634 1452 3720 Opuntiae

435 3749 536 3833 regiae
558 3748 670 3828 addat,
695 3751 855 3816 universas
877 3744 986 3837 gentes
1007 3753 1222 3839 significando,
1240 3751 1278 3816 ad
1294 3774 1370 3841 ques
1386 3754 1451 3838 ejus

435 3866 527 3930 refert
558 3867 698 3951 origines.
745 3867 852 3954 Ipsam
886 3870 1015 3956 originis
1046 3870 1299 3957 significationem
1323 3871 1349 3935 si
1372 3871 1450 3936 torte

435 4003 496 4045 non
528 3984 602 4047 satis
632 3984 792 4069 perspione
814 3988 849 4051 in
872 3988 1129 4074 interpretatione
1150 3986 1263 4053 Latina
1285 3988 1450 4073 exprimere

434 4098 610 4183 potuimus,
645 4110 691 4165 est
724 4124 761 4166 ea
792 4102 1004 4189 hujusmodi:v
1028 4105 1163 4170 habuere
1198 4105 1290 4170 vestri
1320 4105 1448 4191 majores

433 4223 601 4281 maternam
624 4219 773 4302 originem
796 4243 832 4284 ex
855 4228 946 4305 gente
967 4221 986 4285 J
991 4224 1091 4308 apeti,
1114 4231 1273 4309 paternam
1296 4245 1333 4288 ex
1355 4230 1446 4308 gente
1566 4235 1568 4237 ’

433 4330 544 4401 Groui:
577 4356 648 4399 nam
671 4336 798 4401 luerunt
820 4337 877 4403 filii
900 4339 1092 4425 puellarum,
1116 4363 1194 4426 qnae
1217 4340 1337 4427 puellae
1361 4349 1447 4406 orant

433 4471 470 4515 ex
493 4459 585 4536 gente
606 4450 818 4540 Japetionide,
842 4455 997 4543 iidemque
1019 4458 1143 4525 fuerunt
1158 4458 1214 4525 filii
1229 4458 1443 4528 Cronidarnm.
