3767 5534
907 750 970 811 533

482 958 532 1021 17.
567 954 671 1026 παῖδες
700 949 832 1018 Ἀλιθτα.
868 947 966 1013 Vetus
998 948 1164 1013 scholiasta
1196 948 1307 1026 tradit,
1333 948 1443 1012 Aleten

433 1074 528 1139 fnisse
549 1073 647 1137 fllium
671 1071 842 1155 Hippotae,
866 1067 923 1131 filii
943 1066 1119 1151 Phylantis,
1137 1066 1193 1131 filii
1209 1065 1370 1143 Antiochi,
1387 1065 1442 1129 filii

433 1190 593 1268 Herculis,
625 1210 756 1272 eumque
784 1186 942 1250 ductorem
965 1184 1060 1249 fuisse
1083 1183 1317 1249 Heraclidarum
1341 1189 1371 1247 et
1394 1203 1442 1246 co-

432 1307 533 1373 loniae
548 1306 690 1371 Corinthi
704 1304 903 1369 conditorem:
923 1300 1094 1365 secundum
1109 1300 1277 1385 Didymum
1293 1322 1363 1365 vero
1380 1322 1442 1365 non

433 1419 622 1501 conditorem
645 1418 699 1482 sed
721 1440 822 1502 regem
844 1416 939 1480 fnisse
963 1414 1104 1480 Corinthi
1126 1437 1207 1479 anno
1229 1423 1300 1500 post
1316 1414 1445 1479 Dorien-

434 1538 515 1602 sinm
543 1535 708 1600 adventum
730 1534 897 1618 trigesimo.
943 1532 1130 1610 Pausanias,
1153 1531 1190 1597 L.
1214 1532 1250 1596 II
1273 1531 1308 1597 O.
1331 1530 1379 1595 IV
1403 1534 1442 1610 3,

435 1654 561 1721 andem
583 1653 791 1739 genealogiam
814 1651 961 1726 referens,
987 1671 1066 1733 quac
1088 1650 1121 1714 in
1144 1650 1261 1715 scholio
1279 1657 1339 1727 est,
1357 1649 1445 1713 Dori-

434 1772 494 1837 dan
519 1779 550 1835 et
572 1768 772 1856 Hyanthidan
796 1791 812 1831 e
835 1769 931 1853 stirpe
956 1766 1153 1851 Ornytionis,
1169 1767 1225 1850 qui
1239 1768 1347 1832 fuisset
1363 1766 1444 1831 filius

433 1889 534 1955 minor
562 1873 686 1973 Sisyphi
716 1896 748 1951 et
777 1886 870 1950 irater
892 1886 1022 1964 Glauci,
1047 1893 1114 1950 tum
1137 1894 1279 1969 regnasse
1302 1884 1445 1949 Corinthi

432 2005 544 2083 tradit,
572 2017 676 2088 'quum
712 2003 815 2068 Aletes
846 2003 909 2074 dux
940 2002 1137 2067 Doriensium
1170 2002 1340 2066 adveniret:
1375 2001 1445 2065 illos

434 2130 536 2187 autem
559 2122 667 2186 Aletae
690 2121 861 2205 permisisse
880 2141 1009 2203 regnum
1025 2120 1131 2205 ibique
1146 2119 1308 2198 mansisse,
1325 2118 1445 2203 plebem
1551 2176 1552 2180 ,

434 2261 505 2305 vcro
528 2261 547 2302 a
568 2237 769 2301 Doriensihus
794 2238 904 2301 victam
926 2237 1003 2301 urbe
1026 2235 1184 2321 expulsam
1208 2258 1282 2300 esse.
1323 2235 1444 2299 Aletem

434 2358 561 2447 ejusque
585 2362 722 2441 posteros
745 2377 886 2439 regnasse
910 2377 964 2445 per
987 2354 1126 2440 quinque
1150 2362 1281 2418 aetates:
1306 2360 1378 2439 post
1395 2375 1445 2417 eos

436 2474 620 2539 Bacchidem
651 2474 778 2559 ejusque
809 2474 934 2558 stirpem
966 2496 1020 2559 per
1048 2473 1123 2537 alias
1154 2480 1268 2538 aetates
1299 2474 1445 2557 quinque.

437 2592 532 2656 Filios
563 2591 670 2655 Aletae
693 2589 845 2654 Pindarus
869 2590 1017 2655 hocloco
1041 2590 1198 2675 appellans
1222 2598 1317 2655 totam
1341 2590 1448 2655 Corin·

438 2709 575 2774 thiorum
599 2709 752 2773 civitatem
776 2708 980 2792 amplectitur.
1259 2680 1264 2695 ⁴

479 2826 550 2890 Jam
580 2847 659 2909 qnae
689 2825 799 2902 modo,
832 2848 865 2887 vs
895 2827 932 2903 6,
958 2824 1140 2889 videbantur
1163 2847 1227 2889 esse
1250 2825 1380 2889 virtutes
1403 2825 1448 2888 in-

436 2944 529 3007 dutae
566 2942 702 3005 Dearnm
731 2931 887 3027 personis,
922 2962 1007 3005 nunc
1041 2948 1115 3004 sunt
1147 2941 1231 3005 Deae
1265 2942 1444 3019 munificae,

436 3081 515 3144 quae
538 3059 635 3123 multa
659 3058 826 3123 Corinthiis
851 3058 1048 3123 victoriarum
1064 3058 1190 3135 decora,
1207 3058 1306 3122 multa
1320 3058 1445 3122 inventa

435 3177 602 3262 sapientiae
638 3177 813 3241 tribuerint.
860 3180 963 3260 Atque
1001 3178 1032 3241 in
1069 3175 1217 3262 adjectivo
1252 3177 1442 3253 πολυάνθεμοι

436 3294 599 3379 vestigium
622 3302 668 3358 est
691 3296 757 3380 ejus
780 3295 966 3371 sententiae,
991 3315 1053 3378 qua
1076 3294 1179 3358 Horae
1201 3316 1256 3377 per
1279 3294 1351 3359 anni
1372 3299 1445 3357 tem·

436 3406 510 3497 pora
532 3422 672 3476 naturam
696 3411 735 3475 ad
757 3400 967 3476 maturitatem
990 3432 1077 3476 suam
1092 3411 1296 3497 perducerent
1311 3417 1341 3475 et
1356 3412 1445 3476 flores

436 3528 475 3592 ad
498 3528 610 3598 laetum
635 3529 780 3614 vigorem.
815 3528 904 3609 Quae
928 3528 1111 3613 significatio
1130 3528 1316 3594 maturitatis
1333 3536 1363 3591 et
1377 3529 1445 3613 pul-

438 3645 599 3710 critudinis
621 3647 735 3710 mansit
756 3646 790 3710 in
812 3646 961 3732 adjectivo
984 3649 1093 3726 ὠρκῑυς.
1129 3645 1284 3711 Hesiodus
1307 3667 1343 3709 eo
1361 3646 1443 3723 loco,

435 3783 526 3846 qnam
541 3762 580 3825 ad
597 3784 630 3826 vs
647 3764 666 3823 6
683 3762 860 3841 attulimus,
878 3763 989 3828 Irenen
1005 3763 1139 3848 appellat
1150 3764 1316 3828 τεθαλυῖαν.
1341 3743 1442 3840 Idem,

436 3877 495 3963 Op.
522 3882 562 3944 75
570 3927 579 3956 ,
604 3880 741 3945 Deorum
756 3882 948 3966 singulorum
963 3881 997 3945 in
1013 3880 1149 3945 ornanda
1163 3879 1305 3945 Pandora
1319 3902 1445 3945 munera

435 3996 630 4080 praedicans:

969 4114 1052 4197 ἀμφὶ
1079 4113 1109 4177 δὲ
1131 4114 1222 4190 τήνγε

505 4267 512 4277 ·
537 4291 540 4297 ,
564 4229 663 4310 Ὧραι
687 4231 858 4308 καλλίκομοι
880 4231 990 4312 στέφον
1013 4228 1124 4295 ν’θνθεσιν
1146 4231 1296 4309 εἰαρινοῖσι.

435 4346 474 4412 In
491 4353 590 4411 vetere
606 4349 722 4412 scholio
738 4350 829 4413 etiam
845 4348 1006 4433 explicatio
1022 4356 1068 4412 est
1079 4348 1218 4428 ἀνδρείους
1231 4349 1309 4423 dacia
1322 4349 1442 4427 ἤνεγκεν

472 4464 572 4547 χρθνος
594 4466 644 4532 καὶ
661 4467 793 4538 συνετοὺς
808 4466 858 4534 καὶ
873 4466 990 4551 σοφούς.
1014 4465 1148 4531 Videtur
1162 4464 1317 4530 Horarum
1332 4490 1444 4533 nomen
