3767 5534
910 745 974 808 997

479 944 518 1010 In
541 945 637 1026 ἔφεπε
659 945 843 1029 intelligitur
866 946 982 1016 αὐτούς.
1031 946 1219 1031 Praepositio
1242 948 1292 1012 εἰιὶ
1314 950 1358 1012 ita
1378 970 1447 1013 oum

432 1066 517 1143 ἄγων
545 1065 709 1151 conjuncta
735 1075 798 1144 est,
826 1074 860 1130 ut
882 1067 1088 1151 significetur,
1114 1066 1236 1131 divitias
1260 1077 1291 1132 et
1314 1068 1444 1153 gratiam

433 1184 583 1250 adductas
606 1208 687 1265 esse,
713 1208 790 1270 quae
813 1185 875 1250 illis
896 1186 1064 1252 virtutibus
1080 1193 1238 1271 tamquam
1254 1188 1380 1252 comites
1398 1188 1448 1252 ad·

429 1306 645 1391 jungerentur.
681 1304 796 1370 Similis
819 1307 1017 1389 grammatica
1040 1307 1229 1371 constructio
1246 1313 1292 1371 es't
1307 1307 1447 1393 Thucyd.

432 1417 470 1481 Π
503 1420 564 1483 101
598 1419 797 1500 ὑποσχόμενος
820 1422 955 1504 ἀδελφὴν
977 1424 1081 1487 ἑαυτοῦ
1105 1424 1202 1488 δώσειν
1225 1424 1275 1488 nal
1299 1425 1449 1505 χρήμιιιιι

432 1538 484 1604 ἐπ’
506 1540 593 1621 αὐτῇ.

482 1660 534 1722 29.
568 1665 663 1739 Κρόνιε
690 1666 750 1724 πεῖ
767 1658 859 1730 Ῥέας.
907 1657 945 1723 Id
969 1666 1014 1723 est
1037 1660 1138 1741 Κρόνον
1162 1667 1222 1724 aa?
1241 1662 1291 1725 nai
1315 1660 1408 1732 Ῥέας.

480 1780 533 1843 93.
568 1779 669 1856 νέμων.
705 1778 874 1844 Habitendi
906 1779 1089 1864 significatio
1117 1780 1232 1864 optime
1255 1780 1385 1844 refertur
1408 1780 1446 1844 ad

432 1895 496 1970 ἕδος
519 1898 691 1976 Ὀλύμπου,
716 1921 778 1962 non
801 1904 882 1962 reete
906 1897 945 1962 ad
965 1897 1234 1984 reliquaobjecta:
1252 1899 1448 1984 nequeenim

433 2016 543 2082 ἀέθλων
565 2018 679 2100 aemma
703 2039 757 2102 pro
780 2017 847 2102 ipso
869 2016 940 2080 Jovi
963 2039 1048 2081 sacro
1072 2017 1139 2081 loco
1156 2017 1243 2082 Pisae
1259 2017 1320 2081 dici
1337 2023 1449 2102 potest.

435 2136 497 2202 Sed
529 2136 689 2202 retinenda
715 2147 762 2202 est
785 2135 968 2222 significatio
990 2136 1185 2223 possidendi:
1211 2159 1289 2222 quae
1313 2137 1358 2201 ita
1381 2159 1450 2201 cnm

436 2256 644 2322 distribuendi
676 2256 900 2342 significatione
934 2256 1092 2334 cohaeret,
1123 2264 1158 2319 nt
1190 2255 1311 2320 dicatur
1342 2256 1453 2341 aliquis

436 2398 525 2441 suam
547 2382 665 2461 partem
690 2374 801 2440 habere
823 2374 1041 2439 distributione
1065 2374 1154 2438 lacta.
1201 2373 1247 2437 Ea
1270 2374 1453 2460 significatio

435 2495 615 2581 possidendi
637 2495 726 2560 facile
748 2495 781 2559 iu
804 2494 904 2579 primo
928 2493 1048 2579 objecto
1072 2492 1237 2557 transit'in
1258 2492 1454 2578 significatio·

435 2638 509 2681 nem
538 2614 716 2693 habitandi,
748 2615 780 2680 in
813 2614 947 2679 secundo
976 2636 1009 2679 ao
1038 2614 1129 2678 tertio
1153 2613 1186 2676 in
1210 2612 1450 2677 dominationem

436 2742 471 2799 et
491 2734 697 2799 moderamen.
744 2732 794 2797 Ol.
819 2733 850 2797 X
875 2735 915 2797 15
940 2734 1019 2811 νέμει
1042 2733 1194 2815 Ἀτρέκεια
1217 2732 1310 2797 πόλιν.
1340 2731 1450 2795 Aesch.

436 2853 529 2918 llum.
554 2855 618 2916 919
643 2852 743 2928 πόλιν,
766 2852 823 2918 τὰν
842 2853 915 2926 Ζεὺς
931 2853 1022 2933 Ἄρης
1041 2878 1076 2917 τε
1096 2849 1183 2931 νέμει.
1219 2851 1312 2916 Recte
1329 2850 1454 2914 Karste-

436 2973 510 3037 nins
533 2972 651 3037 confert
674 2971 725 3037 Ol.
749 2971 779 3033 V
803 2974 844 3036 39

584 3086 587 3090 ’
753 3092 855 3171 Σωτὴρ
879 3090 1019 3172 ὑψινεφὲς
1043 3097 1118 3174 Ζεῦ,

752 3210 864 3291 Κρόνιόν
886 3235 921 3275 τε
945 3210 1029 3274 valea
1052 3209 1143 3291 λόφον

751 3336 854 3407 Τιμῶν
877 3328 906 3393 ι)
929 3328 1059 3411 Ἀλφεὸν

752 3450 829 3530 Eripe)
853 3449 951 3531 ῥέοντα
974 3447 1058 3512 Ἰδεῖ-

799 3568 829 3634 όν
850 3593 885 3633 τε
908 3566 1013 3645 σεμνὸν
1036 3566 1146 3648 ἄντρον.

486 3691 540 3752 98.
575 3690 685 3769 σφίσιν.
722 3688 864 3754 Habetur
887 3688 1010 3752 dativus
1034 3709 1090 3772 pro
1112 3686 1267 3771 genitivo:
1293 3684 1393 3766 σφίσιν
1408 3682 1457 3759 γε’-

437 3833 478 3874 νει
509 3830 564 3894 pro
588 3811 683 3874 αὐτῶν
706 3809 793 3885 γένει.
840 3807 933 3891 Isque
958 3807 1053 3871 dativi
1078 3829 1153 3870 usus
1176 3806 1241 3889 ipse
1265 3825 1354 3889 saepe
1379 3803 1457 3887 ejus·
1561 3815 1565 3821 ·

439 3928 526 3994 modi
557 3937 620 4007 est,
652 3937 688 3991 ut
719 3936 774 3992 aut
804 3943 923 4012 parum
943 3935 997 3990 aut
1024 3925 1101 3989 nihil
1126 3948 1144 3988 a
1167 3924 1302 4009 genitivo
1326 3922 1455 3986 differat.

438 4048 556 4112 Tamen
587 4054 753 4131 utrumque
784 4046 922 4110 dativum
945 4046 1003 4110 hoo
1027 4046 1095 4109 loco
1119 4043 1250 4129 pendere
1275 4042 1415 4105 existimo
1439 4063 1457 4103 a

438 4165 533 4231 verbo
563 4166 697 4243 κόμισινι
722 4172 880 4250 precatur,
908 4172 944 4229 ut
968 4173 1054 4229 curet
1076 4163 1199 4249 Jupiter
1223 4169 1315 4246 atque
1339 4182 1459 4223 conser-

439 4291 492 4347 vet
523 4291 666 4371 paternos
698 4307 786 4369 agros
813 4284 965 4362 Theroni,
992 4306 1095 4348 verum
1119 4283 1157 4346 ad
1181 4283 1309 4367 majores
1334 4301 1457 4364 quoquc

439 4404 508 4489 ejus
531 4404 683 4490 pertinere
706 4404 946 4468 conservationis
970 4404 1055 4467 illius
1079 4402 1227 4487 gaudium
1245 4401 1410 4464 existimat.
1520 4394 1522 4402 ’

487 4526 540 4588 99.
574 4527 665 4606 λοιπῷ
689 4524 776 4601 γένει.
811 4524 946 4588 'Pheroni
977 4524 1106 4589 maxime
1135 4530 1165 4587 et
1194 4519 1361 4587 Xenocrati
1388 4519 1454 4605 ejus
