3767 5534
973 737 1037 798 230

496 938 620 1023 quidem
651 938 791 1023 Clymeni
823 937 921 1002 filiurn
953 938 1159 1003 Lemniadum
1183 940 1347 1004 mulierum
1371 940 1514 1004 liberavit

498 1052 678 1142 opprobriis.
726 1057 767 1120 Et
802 1058 925 1121 aheneis
961 1057 1058 1121 victor
1093 1080 1186 1122 cursu
1221 1060 1252 1121 in
1289 1059 1398 1136 armis,
1436 1058 1515 1124 dixit

499 1176 706 1262 Hypsipylae,
739 1200 835 1261 quum
868 1176 905 1240 ad
937 1199 1081 1273 ¹coronam
1111 1177 1243 1242 veniret:
1269 1178 1340 1242 talis
1365 1200 1421 1264 ego
1445 1201 1513 1242 sum

499 1297 669 1361 celeritate:
695 1320 804 1361 manus
828 1305 859 1361 et
882 1305 991 1383 pectus
1016 1306 1089 1362 sunt
1112 1298 1234 1363 similia.
1281 1298 1463 1383 Gignuntur
1485 1306 1515 1363 et

499 1415 743 1481 adolescentibus
768 1418 800 1481 in
824 1417 896 1480 viris
921 1418 988 1481 cani
1013 1439 1102 1502 saepe
1126 1427 1157 1481 et
1177 1424 1297 1501 praeter
1315 1418 1425 1482 aetatis
1442 1426 1515 1483 tem·

499 1559 557 1621 pus
580 1536 774 1601 conveniens.

909 1810 1103 1822 ιιι-ιο*-

882 2011 1079 2076 OLYMPIA
1103 2012 1141 2077 V.

863 2269 962 2313 nronm
986 2270 1146 2314 rsnunmr.

953 2489 1067 2553 Rheae

541 2724 728 2790 Sublimium
751 2725 878 2790 laudum
903 2735 933 2790 et
961 2749 1140 2791 coronarum
1168 2727 1258 2792 dulce
1285 2727 1379 2792 decus
1410 2728 1515 2814 Olym-

499 2846 655 2932 picarum,
681 2844 797 2910 Oceani
819 2845 899 2923 filia,
925 2846 1017 2910 eorde
1041 2846 1132 2910 hilari
1156 2845 1387 2932 indefessosque
1403 2848 1516 2913 rhedae

499 2966 602 3050 accipe
635 2963 871 3050 Psaumidisque
904 2965 1002 3029 dona:
1036 2967 1090 3050 qui
1121 2974 1207 3030 tuam
1235 2966 1344 3031 urbem
1367 2968 1516 3046 evehens,

423 3089 462 3150 10
501 3083 680 3162 Camarina,
714 3085 865 3149 nutricem
898 3084 1011 3149 civium
1044 3084 1092 3150 bis
1124 3108 1210 3150 senas
1243 3108 1309 3150 aras
1341 3087 1463 3151 ornavit
1485 3088 1518 3151 in

499 3205 585 3269 lestis
609 3204 746 3268 Deorum
770 3205 915 3281 summm,
944 3206 977 3268 in
1001 3205 1176 3269 hostiarum
1198 3206 1463 3271 immolationibus
1487 3214 1518 3269 et
1579 3238 1585 3246 ·

502 3325 707 3411 praemiorum
738 3333 800 3410 per¹
824 3326 963 3409 quinque
995 3325 1059 3389 dies
1087 3326 1162 3390 actis
1186 3325 1421 3404 certaminibus,
1447 3348 1520 3411 qua·

502 3445 616 3531 drigis,
649 3446 741 3510 mulis
773 3455 804 3510 et
835 3445 1043 3530 singularibus
1075 3447 1179 3530 equis:
1212 3445 1270 3510 tibi
1302 3468 1373 3510 vero
1397 3446 1518 3511 dulcem

503 3565 633 3650 gloriam
661 3567 759 3629 victor
786 3566 916 3643 dicavit,
946 3588 1098 3650 suumque
1127 3573 1243 3651 patrem
1267 3567 1418 3633 Aaronem
1443 3588 1521 3631 nun-

425 3688 465 3748 20
503 3685 596 3748 cievit
627 3692 657 3748 et
688 3706 791 3748 recens
824 3683 980 3748 conditam
1008 3682 1120 3749 sedem.
1157 3684 1291 3749 Veniens
1315 3683 1466 3749 Oenomai
1490 3694 1521 3750 et

502 3803 627 3889 Pelopis
651 3804 787 3868 amoenis
811 3804 848 3869 ab
873 3804 970 3882 aulis,
996 3828 1013 3869 o
1038 3827 1159 3889 praeses
1183 3804 1284 3869 Pallas
1308 3804 1412 3883 urbis,
1437 3805 1522 3869 canit

437 3959 442 3976 ·
505 3946 626 3987 sacrum
649 3932 738 3987 tuum
762 3924 866 3988 lucum
891 3924 1080 4007 fluviumque
1103 3923 1226 3988 Oanum
1251 3932 1282 3987 et
1306 3924 1450 4009 paludem
1471 3924 1524 3989 do

503 4043 680 4120 masticem,
713 4052 743 4106 et
773 4044 854 4106 rivos
887 4052 1051 4128 augustos,
1085 4044 1172 4127 queis
1200 4043 1348 4128 Hipparis
1371 4043 1523 4128 populum

426 4132 468 4224 30
504 4162 630 4246 irrigat,
661 4162 829 4248 pangitque
852 4162 1010 4227 firmarum
1034 4162 1182 4227 domuum
1205 4162 1344 4228 celeriter
1365 4184 1521 4248 proceram

506 4282 639 4366 sylvam,
675 4305 691 4345 e
722 4281 902 4346 difficultate
933 4282 1051 4347 ducens
1083 4284 1114 4346 in
1139 4283 1239 4347 lucem
1263 4283 1345 4347 hunc
1369 4282 1521 4367 populum

508 4402 631 4466 civium.
678 4400 803 4487 Semper
833 4402 872 4464 de
902 4401 1049 4466 laudibus
1080 4402 1167 4467 labor
1197 4410 1379 4487 sumtnsque
1403 4409 1522 4488 pugnat

389 4511 391 4516 ⁵
507 4520 652 4584 adversus
675 4542 754 4606 opus
774 4520 912 4605 periculo
932 4520 1129 4586 obvolutum:
1148 4521 1260 4605 quibus
1276 4542 1348 4586 vero
1364 4520 1441 4585 bene
1457 4528 1519 4603 est,
