3767 5534
976 706 1039 767 280

501 930 651 984 amorem,
684 907 884 991 expresserit:
918 905 971 969 sed
1003 913 1068 969 erat
1101 905 1310 990 Hippodamia
1342 907 1520 971 certaminis

501 1028 687 1113 praemium:
721 1028 753 1090 in
785 1027 823 1090 iis
855 1032 956 1090 autem
988 1026 1107 1105 verbis,
1132 1048 1210 1110 quoe
1234 1025 1273 1089 ad
1297 1026 1465 1091 certamina
1489 1034 1522 1090 et

502 1148 644 1212 victorias
673 1148 848 1232 pertinent,
881 1146 956 1210 haee
979 1146 1039 1209 tria
1062 1153 1193 1230 possunt
1216 1169 1281 1210 esse
1305 1146 1444 1231 objecta,
1469 1145 1522 1209 ad·

502 1269 667 1346 000οτ100,
692 1268 795 1352 ipsum
819 1273 985 1344 certamen,
1012 1266 1192 1352 praemium.
1229 1266 1296 1330 Hoc
1317 1267 1414 1351 igitur
1433 1266 1520 1344 loeo,

502 1411 599 1473 quum
630 1386 756 1451 verbum
780 1387 855 1451 ἑλεῖν
879 1384 1019 1449 01000001
1046 1386 1203 1449 notionem
1227 1386 1357 1464 habeat,
1382 1386 1445 1450 dno
1469 1386 1522 1449 ad·

502 1507 621 1571 duntur
651 1506 787 1592 objecto,
821 1504 1012 1570 adversarius
1040 1516 1070 1569 01
1100 1504 1277 1590 praemium.
1327 1504 1435 1591 Ipsum
1460 1528 1522 1570 cer·

502 1635 604 1691 tamen
636 1647 692 1711 pro
724 1625 843 1710 objecto
874 1624 939 1709 ejus
970 1624 1054 1688 verbi
1077 1624 1211 1718 ponitur
1230 1624 1313 1710 apud
1337 1623 1522 1709 Sophoclem

503 1744 580 1810 Oed.
606 1744 673 1808 001.
702 1746 786 1807 1148

680 1863 788 1942 χῶπως
811 1863 865 1940 μὲν
888 1862 970 1938 syn
991 1862 1090 1943 ᾑρέθη,
1114 1863 1144 1926 τί
1167 1861 1212 1925 δεῖ
1231 1859 1330 1939 μάτην

684 1989 817 2060 κνμτεῖν.

552 2101 700 2166 Similiter
723 2099 774 2165 Ol.
799 2100 847 2164 IX
875 2103 934 2165 127
961 2099 1110 2179 κράτησννν
1130 2099 1228 2182 ἔργον,
1254 2108 1285 2165 01
1311 2098 1402 2164 Nem.
1427 2100 1457 2163 X
1482 2103 1526 2164 46

507 2222 647 2302 ε’κρνῖτητε
674 2223 808 2301 στρατόν.
856 2220 1001 2305 Aliquem
1025 2220 1174 2285 hebemus
1197 2221 1230 2284 in
1255 2228 1360 2285 nostro
1385 2243 1527 2285 sermone

508 2340 756 2418 similitudinem,
788 2340 995 2405 adversarium
1020 2340 1145 2426 quidem
1170 2341 1229 2404 alio
1254 2339 1361 2418 modo,
1386 2340 1440 2404 sed
1464 2364 1530 2405 oer-

508 2467 611 2525 temen
646 2469 677 2525 et
713 2461 881 2546 praemium
916 2460 1023 2526 eodem
1054 2460 1146 2524 modo
1178 2461 1270 2525 verbo
1303 2460 1525 2546 adjungentes,

510 2605 606 2667 quum
638 2582 775 2646 dieamus
806 2604 901 2646 eenen
925 2581 1012 2668 strijd
1036 2583 1157 2646 winnen
1182 2589 1212 2645 et
1238 2605 1332 2645 eeuen
1357 2582 1430 2667 prijs
1454 2581 1530 2645 win-

510 2726 580 2767 neu.
626 2701 732 2766 Latini
755 2724 826 2767 vero
850 2702 958 2766 dieunt
982 2701 1144 2788 profligare
1171 2701 1288 2766 bellum
1312 2708 1342 2765 et
1365 2701 1530 2787 profligare

512 2824 626 2889 hostes.

558 2947 632 3008 144.
667 2944 743 3009 τέκε.
779 2943 826 3007 De
849 2949 934 3028 petre
958 2943 1017 3007 hoo
1032 2943 1100 3007 loco
1118 2942 1251 3021 dieitur,
1270 2939 1530 3026 quemadmodum

511 3063 593 3148 apud
619 3061 788 3126 Homerum
811 3061 849 3125 Il.
873 3060 921 3125 VI
947 3064 1010 3126 154

734 3181 748 3246 ὃ
772 3180 797 3246 δ’
819 3178 879 3262 ἄρνε
901 3186 1033 3246 Γλμῦκνν
1056 3180 1148 3246 τέκεθ’
1173 3180 1248 3264 υἱὸν,

601 3304 696 3383 αὐτὰρ
718 3307 850 3374 Γλαῦκος
873 3301 984 3366 ἔτικτεν
1008 3302 1151 3381 ἀμύμονα
1175 3300 1419 3382 Βελλεροφόντην.

513 3422 602 3486 Conf.
628 3423 707 3500 206,
732 3420 811 3484 XXI
839 3423 915 3499 188,
936 3420 1146 3499 ΧΧΙ11255,
1170 3422 1250 3498 500,
1267 3418 1395 3482 Hesiod.
1411 3416 1529 3501 Theog.

515 3541 593 3619 287,
629 3540 771 3627 Sophool.
804 3539 882 3605 Oed.
914 3539 981 3604 001.
1019 3542 1123 3618 1108,
1161 3539 1267 3624 Eurip.
1300 3537 1403 3623 Iphig.
1435 3535 1529 3599 Taur.

514 3662 596 3738 273,
622 3660 728 3746 Eurip.
753 3659 860 3745 Suppl.
889 3662 985 3724 1133.

560 3782 633 3845 145.
669 3783 800 3861 νῖρετμῖσν
824 3779 1011 3858 μεμμλότννς.
1049 3778 1136 3859 Quos
1170 3779 1254 3863 ipsae
1283 3778 1413 3841 virtutes
1437 3774 1532 3839 dilex-

513 3907 604 3963 erunt
638 3922 786 3984 carosque
819 3899 1005 3965 habuerunt.
1055 3898 1203 3963 Similiter
1239 3896 1367 3961 Hesiod.
1403 3894 1463 3980 Op.
1501 3903 1532 3958 et

512 4018 551 4083 D.
577 4020 640 4083 281

641 4202 644 4206 .
713 4136 813 4221 θαλίης
836 4139 865 4203 δὲ
889 4137 1050 4217 μεμηλότα
1073 4139 1147 4218 ἔργον
1171 4135 1316 4214 νέμονται.
1394 4162 1396 4167 ·

512 4259 621 4344 Ipsum
645 4257 762 4335 μέμηλε
786 4257 824 4322 de
848 4280 902 4335 eo,
928 4257 1012 4342 quod
1036 4279 1128 4322 curae
1153 4256 1193 4319 sit
1210 4254 1257 4319 001
1274 4277 1336 4341 quo
1353 4253 1527 4331 oblecteris,

514 4380 657 4462 frequens
681 4387 744 4457 est,
770 4378 856 4443 velut
879 4377 993 4442 ibidem
1019 4380 1103 4455 238,
1129 4379 1209 4453 531,
1234 4375 1327 4439 Hom.
1351 4373 1390 4437 Il.
1415 4372 1450 4436 Π
1474 4375 1528 4437 25.

565 4501 638 4564 145.
675 4500 759 4573 υἱούς.
795 4497 936 4564 Fuerunt
966 4499 998 4563 iu
1029 4499 1067 4563 iis
1100 4498 1230 4575 Atreus,
1261 4495 1427 4581 Thyestes,
1451 4492 1530 4557 Plis-
