3767 5534
922 709 962 768 29

444 907 558 974 fuerunt
581 909 706 974 omnino
730 909 769 973 ad
791 907 914 994 mythos
934 916 1071 973 vetustos
1092 910 1285 996 pertinentia.
1320 910 1451 997 Pergen-

442 1028 508 1093 dum
538 1038 646 1115 postea
676 1029 734 1093 erit
764 1028 802 1093 ad
834 1051 884 1093 eas
914 1028 1041 1093 Pindari
1072 1032 1256 1108 sententias,
1284 1053 1360 1115 quas
1388 1052 1450 1095 nou

439 1157 555 1212 vetusta
578 1148 729 1213 narrando
752 1148 982 1233 significaverit,
1008 1148 1061 1213 sed
1081 1148 1119 1213 de
1134 1150 1344 1235 praesentibus
1360 1149 1451 1214 rebus

436 1267 500 1352 ipse
530 1266 674 1352 judicans
709 1267 894 1352 exposuerit.
949 1266 1021 1346 Quo
1057 1267 1235 1353 priusquam
1270 1289 1449 1353 pergamus,

435 1408 613 1471 quanquam
648 1408 705 1450 nos
739 1408 802 1450 nou
837 1385 963 1450 Pindari
997 1386 1218 1471 mythologiam
1253 1388 1450 1473 exponimus,

434 1514 536 1569 tamen
568 1503 793 1588 interponenda
822 1504 945 1568 ridetur
976 1527 1011 1568 ea
1042 1506 1204 1583 memoria,
1237 1528 1298 1589 qua
1321 1506 1451 1569 maxime

433 1622 572 1688 Deorum
603 1630 741 1687 vetustas
772 1623 912 1687 videatur
942 1646 1013 1687 eum
1047 1624 1255 1709 praesentibus
1282 1624 1373 1689 rebus
1397 1623 1452 1688 hu-

432 1741 532 1805 manis
556 1742 705 1828 copulari.

479 1859 546 1925 Nec
567 1882 638 1924 vero
658 1882 748 1945 parce
769 1860 876 1924 heroas
898 1862 1010 1925 cecinit
1031 1861 1200 1926 Pindarus:
1218 1869 1310 1945 atque
1325 1862 1450 1926 omnino

433 2002 542 2043 eorum
576 1980 724 2063 imagines
758 1981 847 2063 qnasi
878 1979 1033 2063 quoddam
1065 1981 1268 2065 praestantiae
1300 1980 1453 2045 humanae

432 2099 590 2183 exemplar
620 2097 774 2163 exhibent.
821 2098 960 2163 Primum
991 2099 1097 2164 laudes
1128 2122 1232 2164 eorum
1263 2099 1452 2186 quampluri·

432 2242 503 2282 mae
532 2218 572 2282 ad
600 2218 689 2282 ludos
716 2228 747 2283 et
776 2220 942 2283 certamina
967 2221 1133 2305 pertinent.
1179 2220 1318 2285 Plurimo
1342 2221 1452 2285 cecinit

434 2338 604 2402 Herculem
633 2339 783 2414 carmine,
817 2348 851 2401 ut
880 2338 1063 2402 clarissimos
1092 2339 1252 2424 Olympios
1280 2340 1388 2417 ludos,
1418 2349 1454 2405 ut

433 2458 570 2521 maxima
597 2458 674 2522 festa
699 2457 770 2521 Jovi
797 2459 878 2543 patri
907 2459 976 2543 pius
1004 2460 1242 2533 eonsecraverit,
1256 2458 1279 2545 ¹)
1309 2468 1345 2524 nt
1371 2460 1453 2524 oleto

434 2578 623 2663 pulcerrimo
650 2578 751 2641 locum
780 2578 868 2642 illum
892 2578 1154 2657 condecoraverit,
1167 2582 1190 2663 2)
1214 2588 1265 2656 ut,
1290 2580 1451 2645 immenso·

435 2721 508 2761 rum
529 2719 655 2782 operum
676 2697 888 2782 magnitudine
904 2699 1048 2783 perfecta,
1069 2699 1100 2761 in
1118 2721 1190 2783 pace
1207 2699 1341 2783 quietem
1359 2700 1454 2764 beatis

436 2817 472 2880 in
493 2816 621 2881 aedibus
642 2826 750 2880 nactus
771 2817 811 2879 sit
830 2840 883 2901 per
903 2839 994 2880 omne
1016 2825 1155 2901 tempus,
1173 2817 1318 2881 eximium
1334 2840 1457 2903 magno

436 2958 507 2999 rum
537 2935 677 3000 laborum
700 2937 886 3021 praemium,
911 2945 942 2999 et
965 2936 1087 3000 dulcem
1114 2936 1222 3001 Heben
1247 2938 1420 3023 conjugem.
1433 2937 1457 3022 3)

436 3053 683 3140 Tyndaridarum
700 3078 770 3119 vero
786 3056 918 3120 maxima
933 3057 1078 3121 laudatur
1093 3057 1206 3141 gloria:
1224 3057 1336 3141 quibus
1352 3057 1457 3123 abiens

393 3205 396 3210 Α
439 3175 474 3238 in
493 3174 613 3239 coelum
633 3174 781 3239 Hercules
800 3175 945 3240 ludorum
963 3176 1098 3261 regimen
1114 3174 1251 3239 tradidit.
1265 3177 1288 3260 4)
1312 3176 1457 3262 Pelopem

435 3294 501 3379 jam
530 3294 781 3372 memoravimus,
811 3293 952 3380 Neptuni
980 3303 1137 3379 precatum
1167 3294 1315 3360 auxilium
1343 3296 1459 3381 cepisse

440 3412 633 3477 Oenomaum
653 3421 684 3478 et
705 3415 852 3498 virginem
874 3416 1046 3500 conjugem.
1083 3414 1144 3478 Sed
1161 3413 1358 3499 dignissimae
1374 3416 1458 3501 ipsae

440 3532 543 3596 herois
562 3533 722 3597 tortissimi
743 3556 845 3618 preces
865 3541 954 3611 suut,
972 3556 1048 3617 quas
1064 3556 1349 3598 commemoremus:
1366 3534 1458 3613 „Duc

442 3674 491 3715 me
514 3651 679 3716 celerrimis
703 3652 843 3717 curribus
863 3654 895 3717 in
914 3652 1036 3717 Elidem
1058 3661 1088 3717 et
1107 3652 1207 3717 adduc
1228 3630 1272 3717 ad*
1287 3653 1458 3718 victoriam:

443 3794 513 3835 nam
537 3770 682 3835 tredecim
707 3771 778 3835 viris
801 3775 902 3856 procis
926 3772 1034 3836 occisis
1059 3772 1161 3870 differt
1185 3770 1359 3837 Oenomaus
1379 3772 1460 3837 filiae

442 3889 641 3955 connubium.
688 3889 750 3954 Sed
779 3913 925 3976 magnum
956 3890 1127 3977 perieulum
1159 3913 1221 3955 non
1249 3891 1332 3976 capit
1360 3891 1460 3957 virum

440 4008 604 4074 imbellem.
644 4010 725 4073 Mori
745 4009 859 4093 quibus
879 4033 1002 4075 necesse
1023 4019 1084 4089 est,
1107 4033 1201 4095 qnare
1221 4011 1291 4095 quis
1310 4010 1460 4095 inglorius

441 4138 593 4193 senectam
616 4128 649 4191 in
671 4127 806 4192 tenebris
829 4129 939 4193 sedens
964 4135 1153 4213 concoquat,
1176 4129 1303 4194 laudum
1324 4130 1462 4196 omniurn

479 4432 503 4491 l)
526 4431 563 4481 Ol.
585 4432 614 4481 X.
632 4432 662 4479 51
679 4447 741 4496 seqq.
809 4432 834 4494 2)
854 4434 967 4483 oum.
985 4433 1095 4497 tilaeqq.
1163 4431 1188 4493 3)
1207 4433 1272 4482 Nem.
1294 4433 1314 4483 Ι.
1336 4432 1383 4481 105
1401 4448 1465 4497 seqq.

476 4530 502 4587 4)
524 4527 562 4575 Οἱ.
580 4528 634 4576 III.
653 4526 692 4576 64.
