3767 5534
890 1044 1085 1108 OLYMPIA
1118 1044 1174 1107 Xl.

760 1275 939 1318 1111111110
963 1274 1063 1317 nocuo
1087 1272 1307 1329 nrrznrflrnm,

916 1464 1013 1527 Puero
1040 1463 1147 1545 popili.

573 1674 659 1737 Alias
691 1673 868 1737 hominibus
900 1673 998 1736 ventis
1030 1672 1160 1735 maxime
1184 1692 1261 1756 opus
1285 1680 1348 1748 est,
1379 1669 1455 1735 alias
1479 1692 1546 1733 eoe-

527 1793 655 1857 lestibus
679 1793 766 1877 aquis
790 1792 953 1869 imbrium,
979 1791 1064 1876 prole
1087 1791 1189 1856 nubis.
1231 1789 1352 1871 Quodsi
1377 1813 1448 1854 vero
1473 1790 1545 1873 quis

527 1933 597 1975 eum
628 1910 732 1974 labore
763 1910 881 1974 felicem
913 1932 1089 1973 suooessum
1120 1908 1247 1986 habuit,
1283 1908 1356 1973 huie
1388 1907 1544 1972 dulcisoni

528 2030 634 2115 hymni
666 2030 870 2113 posteriorum
899 2036 973 2092 sunt
997 2050 1172 2091 sermonum
1196 2027 1365 2112 principia,
1390 2035 1421 2091 et
1445 2026 1544 2091 fidum

524 2148 741 2234 jusjurandum
767 2149 885 2232 magnis
909 2147 1087 2212 virtutibus.
1135 2147 1207 2210 Sine
1230 2146 1348 2211 invidia
1371 2146 1446 2211 haee
1475 2145 1545 2209 laus

529 2267 697 2331 victoribus
716 2265 878 2351 Olympiae
895 2275 1001 2352 parata
1017 2275 1072 2331 est.
1112 2265 1158 2330 Ea
1174 2266 1299 2351 quidem
1317 2272 1422 2330 nostra
1437 2264 1546 2350 lingua

454 2390 493 2452 10
530 2386 699 2472 gubernare
734 2386 837 2471 cupit:
874 2409 890 2448 1
925 2386 992 2449 Deo
1027 2387 1107 2449 enim
1143 2385 1232 2449 floret
1267 2385 1358 2449 homo
1394 2391 1546 2471 perpetuo

529 2505 667 2589 sapiente
698 2505 830 2590 ingenio.
878 2504 962 2569 Scito
993 2526 1095 2581 nuno,
1129 2504 1318 2568 Archestrati
1345 2503 1407 2581 fili,
1440 2503 1547 2587 Agesi-

531 2624 636 2702 dame,
670 2631 883 2688 ornamentum
914 2624 1050 2688 aooinam
1074 2624 1270 2688 dulcisonum
1293 2645 1422 2687 coronae
1446 2622 1547 2687 olivae

530 2766 654 2821 aureae,
688 2760 799 2808 curans
822 2753 946 2827 gentem
973 2742 1143 2808 Locrorum
1166 2743 1449 2828 Epizephyriorum.
1489 2740 1546 2817 ,Eo

530 2861 569 2925 ad
593 2861 705 2926 festum
728 2862 941 2939 eonvenitote,
967 2862 1141 2948 spondebo,
1166 2862 1291 2940 Musae,
1317 2884 1369 2925 vos
1393 2881 1456 2925 uon
1476 2883 1547 2926 nac·

530 2989 614 3045 turas
646 3004 711 3046 esse
735 3004 805 3045 eum
830 2981 981 3068 populum
1008 2981 1225 3068 inhospitalem
1248 3004 1306 3046 111
1329 2980 1430 3066 pulcri
1451 2981 1548 3065 impe·

453 3102 496 3166 20
530 3100 622 3165 ritum
655 3099 708 3164 sed
741 3123 858 3165 summe
886 3102 1056 3188 sapientem
1079 3103 1260 3187 fortemque.
1306 3099 1440 3165 Insitum
1465 3100 1548 3165 enim

531 3219 690 3305 ingenium
713 3242 769 3284 neo
793 3219 893 3305 vulpis
918 3219 1027 3285 ardens
1050 3243 1107 3285 neo
1130 3219 1245 3305 grande
1264 3219 1427 3285 frementes
1443 3217 1548 3283 leones

532 3341 727 3406 mutaverint.

947 3575 1139 3586 Ἤ

892 3756 1088 3823 OLYMPIA
1120 3759 1194 3823 XII.

861 3988 1016 4033 susorum
1042 3988 1233 4046 nrunuunsr,

978 4179 1107 4243 Cursori.

579 4383 725 4469 Supplico
741 4383 828 4464 Tibi,
851 4394 924 4451 nata
937 4388 1014 4452 Jove
1030 4389 1180 4453 libertatis
1196 4390 1351 4474 praeside,
1369 4389 1407 4453 de
1423 4388 1548 4453 civitate

533 4501 604 4565 forti
640 4501 786 4580 Himera,
822 4504 961 4571 Fortuna
996 4507 1128 4595 Sospita.
1183 4511 1208 4573 Λ
1245 4508 1288 4573 Te
1322 4509 1436 4595 quippe
1471 4509 1548 4575 mari
