3767 5534
920 738 960 798 70

430 938 591 1002 Chimaera
606 940 754 1002 virtutem
765 938 1029 1001 commemoravit:
1044 937 1142 1000 sedin
1155 960 1191 1001 eo
1203 937 1241 1000 ad
1254 936 1448 1000 laudandum

431 1057 600 1141 composito
619 1057 752 1121 carmine
773 1067 901 1121 mortem
917 1058 983 1140 ejus
1000 1058 1117 1121 tristem
1134 1055 1277 1140 superbia
1290 1055 1447 1119 inventam

432 1175 550 1238 omisit:
575 1175 694 1253 „silebo
718 1175 783 1259 ejus
807 1184 935 1239 mortem
960 1174 1086 1259 ego.”.¹)
1121 1175 1289 1258 Postquam
1310 1173 1447 1237 narravit

431 1294 548 1357 Ixionis
565 1293 670 1357 dolum
686 1294 984 1378 intemperatumque
1000 1301 1180 1357 amoremet
1195 1291 1400 1377 supplicium,
1419 1299 1450 1353 ct

431 1413 546 1495 absque
563 1412 678 1475 Gratiis
694 1420 828 1477 creatum
842 1412 1032 1476 Centaurum
1044 1413 1172 1497 ejusque
1184 1410 1324 1474 odiosum
1337 1410 1449 1473 miran-

431 1530 565 1614 dumque
580 1539 778 1615 proventum,
796 1555 812 1593 a
827 1532 968 1595 miraculi
983 1530 1207 1615 vituperatione
1221 1529 1270 1593 vel
1286 1529 1450 1595 audaciore

432 1649 470 1713 dc
482 1672 518 1713 eo
527 1649 644 1734 judicio
657 1673 689 1713 se
701 1649 839 1727 cohibet,
853 1672 969 1714 memor
981 1650 1135 1734 potentiae
1148 1647 1216 1725 Dei,
1230 1649 1285 1731 qui
1296 1646 1451 1730 quidlibet

432 1768 550 1852 perficit
575 1768 617 1830 ita
640 1777 676 1830 ut
700 1768 785 1846 vult,
812 1791 844 1830 se
868 1790 938 1831 vero
963 1768 1005 1831 ait
1029 1767 1134 1851 lugere
1157 1775 1297 1850 oportere
1313 1788 1450 1829 morsum

432 1872 762 1969 maledicentiarum.²)
805 1886 942 1970 Aeginae
973 1885 1101 1970 antiqua
1126 1885 1255 1948 historia
1277 1883 1450 1948 delectatus

433 2005 493 2081 ita,
526 2011 562 2067 ut
592 2026 610 2067 a
640 2014 789 2089 perpetua
820 2003 1024 2067 Aeacidarum
1053 2002 1231 2066 laudatione
1253 2003 1305 2065 vix
1329 2024 1361 2064 se
1384 2001 1450 2087 ipse

433 2123 590 2200 cohibeat,
604 2123 628 2207 ³)
652 2122 764 2187 adduci
787 2145 850 2187 non
873 2131 991 2207 potest,
1017 2131 1053 2186 ut
1071 2122 1170 2186 Phoci
1185 2121 1307 2185 caedem
1323 2143 1341 2184 a
1356 2114 1451 2186 Peleo

433 2264 468 2305 ac
497 2241 661 2306 Telamone
684 2243 796 2306 factam
819 2249 1052 2306 commemoret:
1076 2263 1204 2319 „vereor
1227 2240 1345 2324 aliquid
1367 2264 1451 2326 mag-

432 2381 507 2424 num
532 2359 632 2425 dicere
656 2360 742 2424 etin
762 2361 880 2445 judicio
903 2383 967 2424 non
986 2360 1178 2446 judicatum,
1204 2358 1358 2443 quomodo
1382 2358 1452 2422 reli·

432 2479 556 2563 querint
578 2479 710 2543 insulam
735 2480 919 2564 gloriosam,
945 2487 975 2543 et
999 2480 1068 2563 quis
1092 2479 1177 2543 Deus
1201 2478 1280 2541 viros
1303 2478 1396 2541 fortes
1413 2499 1451 2541 ex

432 2597 559 2663 Oenone
582 2598 750 2684 pepulerit:
775 2622 837 2664 non
861 2600 939 2664 utile
964 2607 1011 2663 est
1033 2599 1132 2663 omnis
1155 2597 1292 2661 veritatis
1308 2605 1450 2661 accurate

432 2718 565 2782 frontem
588 2718 724 2796 ostendi,
750 2727 780 2782 et
803 2718 893 2782 silere
917 2740 1006 2803 saepe
1030 2717 1150 2781 homiui
1168 2716 1318 2801 sapientia
1333 2716 1452 2800 optima

433 2843 488 2900 est.
535 2835 567 2899 Si
598 2857 668 2899 vero
699 2836 874 2900 felicitatem
906 2836 955 2899 vel
986 2858 1133 2900 manuum
1163 2836 1223 2898 vim
1246 2833 1294 2898 vol
1316 2834 1451 2897 ferreum

432 2955 558 3020 laudare
588 2954 704 3019 bellum
734 2956 851 3040 placet,
877 2955 1063 3040 longinquos
1088 2954 1184 3018 saltus
1207 2954 1284 3018 mihi
1307 2954 1376 3037 quis
1401 2953 1453 3017 ab·

433 3073 506 3137 hinc
529 3073 690 3151 suffodiat,
715 3074 812 3138 habeo
835 3096 972 3159 genuum
996 3073 1124 3138 celerem
1139 3074 1304 3158 impetum,
1322 3079 1353 3135 et
1368 3070 1453 3136 ultra

432 3215 514 3256 mare
537 3192 641 3257 volant
665 3192 855 3278 aquilaefla)
890 3192 940 3257 Sic
965 3192 1107 3276 quidem,
1133 3192 1188 3275 qui
1211 3190 1331 3275 aquilae
1354 3190 1453 3254 instar

433 3310 532 3374 evolet
562 3311 595 3374 in
625 3334 725 3375 rerum
757 3311 906 3375 bonarum
936 3310 1180 3396 praedicatione,
1204 3308 1286 3373 idem
1310 3308 1454 3373 subsistit

432 3438 463 3493 et
486 3429 556 3494 silet
578 3431 755 3495 contrarias.

479 3548 588 3613 Musae
603 3571 690 3626 vero,
707 3549 747 3626 si,
765 3562 801 3614 ut
817 3549 1024 3613 scribebamus
1040 3549 1129 3613 initio
1146 3548 1239 3633 hujus
1252 3546 1450 3633 paragraphi,

433 3672 545 3749 regunt
569 3666 686 3744 omnia,
711 3667 793 3731 Deos
813 3667 938 3750 quidem
955 3674 986 3731 et
1001 3666 1154 3750 quidquid
1170 3665 1238 3730 Diis
1255 3665 1387 3731 amicum
1404 3674 1452 3730 est

435 3783 519 3847 dulci
545 3786 710 3868 regimine,
735 3786 886 3849 contraria
908 3808 979 3849 vero
1004 3794 1118 3875 terrore
1142 3793 1172 3849 et
1195 3785 1285 3870 fuga,
1311 3807 1384 3869 age,
1409 3785 1453 3849 ri·

435 3903 575 3981 deamuS,
601 3904 675 3987 quid
699 3904 774 3969 hacc
797 3905 950 3969 sententia
973 3905 1099 3969 efficiat:
1124 3904 1196 3968 licet
1220 3903 1299 3967 euim
1323 3903 1356 3967 in
1379 3903 1453 3967 Pin-

434 4021 508 4085 daro
531 4022 612 4106 ipsas
636 4045 757 4087 cernere
778 4023 894 4087 Musas.
934 4023 1059 4108 Quippe
1075 4023 1172 4107 ipsius
1188 4022 1340 4099 veritatis,
1358 4043 1452 4105 quam

433 4140 635 4205 immortalem
652 4164 716 4205 esse
736 4142 839 4221 decet,
853 4143 982 4229 suscipit
994 4142 1215 4227 patrocinium,
1229 4162 1326 4225 eoque
1338 4141 1451 4225 magis,

434 4258 517 4343 quod
541 4281 638 4344 genus
661 4259 822 4325 hominum
846 4261 974 4325 mortale
990 4262 1092 4345 ipsum
1109 4267 1170 4339 est,
1187 4260 1318 4343 ideoque
1334 4258 1451 4337 clades,

467 4432 492 4491 1)
512 4431 548 4480 02.
566 4432 644 4482 XIII.
664 4432 719 4481 130.
858 4435 883 4494 2)
901 4435 942 4499 Py.
962 4435 999 4483 II.
1019 4434 1058 4482 89.
1201 4434 1226 4493 3)
1244 4434 1310 4483 Nem.
1332 4432 1390 4481 VII.
1409 4429 1450 4483 78.

469 4528 494 4587 4)
513 4528 577 4577 Nem,
599 4528 623 4576 V.
642 4527 681 4576 25.
