3767 5534
983 704 1046 768 890

513 909 671 991 attigerat,
695 927 778 970 nuno
802 905 934 991 primum
959 905 1092 987 aliquem
1116 904 1174 968 sibi
1195 905 1339 969 honorem
1357 906 1523 988 petiturus.

513 1024 700 1088 scholiastae
730 1022 908 1107 lanuginem
939 1021 1105 1105 significari
1133 1022 1327 1100 existimant,
1351 1045 1413 1105 qua
1437 1023 1527 1106 quasi

513 1164 624 1207 corona
639 1148 776 1205 mentum
791 1147 822 1204 et
838 1158 871 1202 os
888 1139 988 1203 cinola
1002 1140 1138 1203 fuerunt.
1174 1138 1225 1203 Ol.
1242 1138 1259 1202 I
1278 1142 1339 1203 109
1357 1140 1395 1204 de
1412 1139 1528 1224 Pelope

738 1259 807 1338 πρὸς
834 1256 988 1333 εὐάνθεμον
1013 1255 1035 1319 δ’
1059 1253 1108 1321 άτε
1134 1258 1215 1336 φυάν

736 1374 851 1455 λάχναι
879 1398 918 1437 νιν
940 1372 1037 1449 μέλαν
1060 1374 1166 1450 γένειον
1190 1372 1301 1455 ἔρεφον.

515 1492 623 1577 Eurip.
647 1491 763 1555 Phoen.
787 1493 829 1555 32
854 1491 892 1554 de
915 1489 1036 1574 Oedipo

693 1609 744 1684 ἤδη
768 1608 797 1673 δὲ
820 1614 945 1687 πυρσαῖς
969 1607 1082 1685 γένυσιν
1107 1605 1335 1687 ἐξανδρούμενος.

413 1700 416 1703 “
516 1726 608 1792 Hom.
633 1726 694 1791 oe.
718 1726 749 1791 x
773 1728 837 1793 are
861 1725 899 1790 re
923 1725 1093 1791 Mercurio:

850 1844 941 1924 νενινῖρ
961 1842 1039 1923 άνδρῖ
1064 1842 1156 1913 ἐοικὼς

648 1968 757 2039 πρῶτον
779 1962 925 2042 ὑπηνήτῃ,
952 1966 1079 2040 τοῦπερ
1102 1960 1287 2041 χαριεστάτη
1311 1960 1380 2038 ἥβη.

516 2076 634 2141 Coloris
666 2075 768 2143 autem
793 2078 877 2141 aurei
900 2079 933 2142 in
956 2079 1024 2163 ipso
1047 2078 1128 2142 Jami
1151 2086 1236 2163 patre
1262 2078 1406 2163 Apolline
1430 2100 1530 2141 exem·

516 2196 603 2281 plum
634 2205 680 2260 est
710 2218 744 2260 vs
769 2200 809 2262 71
835 2198 848 2261 ὃ
870 2197 1068 2277 χρυσοκόμας.
1116 2196 1232 2261 Eodem
1256 2198 1379 2261 nomine
1404 2205 1532 2263 ornatur

518 2314 691 2398 Dionysus,
724 2313 851 2379 Hesiod.¹
883 2314 999 2399 Theog.
1031 2316 1094 2380 947
1105 2363 1114 2392 ‚
1143 2325 1173 2378 et
1193 2314 1302 2396 Ἔρος,
1326 2314 1435 2399 Eurip.
1460 2315 1531 2400 Iph.

518 2433 557 2495 A.
583 2434 657 2495 538.
692 2430 911 2495 Verumtamen
935 2431 1009 2495 haee
1033 2452 1160 2515 quoque
1173 2431 1336 2516 explicatio
1352 2432 1429 2495 mihi
1447 2431 1532 2496 haud

518 2550 592 2613 satis
615 2549 724 2634 placet.
761 2549 874 2614 Melius
897 2549 974 2613 mihi
997 2549 1119 2613 videtur
1138 2548 1322 2613 Karstenius
1342 2549 1531 2627 existimare,

518 2667 677 2751 epitheton
700 2667 783 2731 Deae
807 2666 910 2732 Hebes
934 2667 972 2731 ad
993 2668 1090 2752 ipsam
1108 2652 1238 2732 aetatem
1254 2666 1436 2731 translatam
1453 2690 1532 2731 esse:

519 2784 558 2848 ol.
582 2783 637 2869 Py.
662 2784 708 2848 IX
736 2787 798 2848 192
823 2784 861 2849 de
884 2785 984 2871 proois
1009 2785 1120 2849 Antaei
1144 2784 1224 2848 filiae

807 2901 1048 2985 χρυσοστεφάνου
1072 2902 1102 2967 δέ
1126 2903 1149 2967 οἱ
1173 2901 1252 2978 ἥβας

718 3019 826 3098 καρπὸν
849 3018 1004 3094 dullum*
1027 3018 1189 3099 άποδρὲψαι
1214 3017 1317 3084 ἔθελον.

518 3134 581 3200 Ubi
606 3143 708 3201 tamen
729 3139 837 3216 καρπὸν
861 3136 920 3199 alia
943 3133 1167 3220 significatione
1190 3136 1334 3219 ponitur:
1358 3156 1415 3199 neo
1432 3143 1536 3201 tamen

520 3251 610 3338 plone
641 3252 800 3316 dissimili:
834 3254 878 3317 ibi
909 3264 955 3318 est
986 3254 1094 3334 καρπὸν
1125 3252 1307 3335 άποδρέψαι,
1342 3253 1392 3317 hio
1415 3253 1535 3330 λαβεῖν.

520 3368 604 3453 Ergo
627 3369 706 3447 ἥβας
729 3369 837 3449 καρπὸν
859 3371 968 3447 λαβεῖν
993 3371 1163 3454 significare
1187 3371 1327 3434 existimo
1352 3370 1391 3435 ad
1406 3370 1535 3435 maturi·

520 3496 616 3551 tatem
634 3487 806 3572 juventutis
829 3489 1002 3571 pervenire,
1027 3488 1172 3573 puberem
1197 3489 1272 3552 fieri.

567 3607 619 3669 97.
654 3607 785 3685 Ἀλφεῷ.
820 3604 858 3667 Id
882 3613 928 3668 est
951 3608 990 3677 εἷς
1013 3606 1152 3689 Ἀλφεόν.
1188 3604 1303 3669 Herod.
1321 3604 1374 3667 ΙΠ
1391 3606 1430 3667 61
1448 3605 1533 3685 κάρυ-

522 3745 577 3791 κοις
598 3731 635 3801 τῇ
658 3745 691 3785 τε
714 3720 794 3802 άλλρ
816 3720 959 3798 διέπεμπε
981 3724 1030 3785 ααῖ
1055 3722 1087 3795 δὴ
1109 3721 1159 3785 καὶ
1183 3723 1211 3793 ἐς
1235 3719 1398 3799 Αἴγυπτον.
1433 3720 1530 3806 Soph.

522 3836 570 3902 Ill.
597 3838 659 3903 747
684 3844 734 3902 τοῦ
757 3837 786 3901 δὲ
809 3839 965 3910 τάττοντος
988 3837 1072 3919 nabeo.

567 3953 709 4018 Ceterum
733 3954 766 4017 in
789 3953 906 4019 scholio
930 3962 1031 4019 vetere
1053 3955 1198 4039 legimus:
1222 3954 1290 4019 τότε
1314 3955 1348 4028 δὴ
1372 3954 1535 4032 παραγενό-

523 4096 607 4149 μενος
629 4072 668 4142 εῖς
691 4074 742 4145 τὴν
765 4070 933 4154 Ἐπβαυρον
957 4071 1082 4149 ηὔξατο·
1107 4073 1238 4153 ἐνμέσῳ
1262 4072 1322 4153 γάρ
1341 4072 1460 4144 Ἤλιδος
1482 4071 1533 4136 nal

523 4187 677 4267 Ἀρκαδίας
707 4192 724 4262 ἦ
751 4190 937 4270 Ἐπιῖαυρος,
964 4186 1001 4255 ὧν
1025 4194 1040 4265 ά
1065 4191 1118 4261 μὲν
1141 4190 1284 4270 ’Λρκαδῖα
1306 4190 1358 4263 τὴν
1379 4188 1491 4270 άρχῖρν,
1515 4190 1533 4262 ἡ

523 4306 553 4369 δὲ
574 4300 664 4375 Ἦλις
691 4306 732 4369 τά
755 4305 822 4384 πρὸς
844 4314 911 4377 ταῖς
933 4307 1073 4384 ἐκβολαῖς
1096 4308 1215 4371 οἰκεῖται
1242 4311 1293 4370 τοῦ
1316 4311 1470 4382 ποταμοῦ·
1494 4307 1534 4369 ε’ν-

518 4425 620 4493 ’ταῦάα
650 4416 695 4489 οὖν
725 4422 927 4490 ἐπεκαλέσατο
956 4423 1005 4491 τάν
1034 4449 1067 4489 τε
1090 4426 1194 4493 ἑαυτοῦ
1217 4423 1352 4504 πρόγονον
1372 4421 1534 4490 Ποσειδῶνα
