3767 5534
910 726 971 786 501

436 926 567 1005 tulatos,
605 926 774 992 mercedem
808 927 951 1012 neganti,
988 926 1131 992 Herculis
1162 927 1356 1012 Tirynthium
1388 928 1450 992 sive

436 1045 588 1128 Argivum
611 1045 777 1109 exercitum
794 1044 958 1108 delevisse:
977 1052 1007 1108 et
1023 1053 1209 1109 memoratur
1224 1045 1262 1109 de
1279 1045 1369 1110 rebus
1387 1046 1449 1110 illis

435 1164 566 1248 scriptor
591 1162 731 1226 Mnaseas
755 1162 911 1228 Patareus.

480 1284 532 1346 34.
567 1280 683 1360 λάτριον
706 1279 814 1358 μισθόν.
851 1279 1041 1358 Mercedem,
1068 1303 1159 1366 quam
1181 1304 1235 1366 pro
1251 1281 1354 1346 labore
1370 1281 1448 1345 Her-

436 1400 517 1465 cules
541 1404 648 1484 pactus
672 1399 781 1462 iuerat.
817 1399 969 1479 Ὑπέρβιον
994 1406 1095 1483 potest
1120 1399 1244 1484 quidem
1261 1399 1300 1463 ad
1316 1400 1450 1483 Augiam

435 1519 555 1596 referri,
580 1517 673 1601 idque
697 1516 763 1579 vult
787 1516 951 1580 scholiasta
971 1517 1138 1581 recentior:
1160 1517 1212 1580 sed
1229 1525 1363 1602 praestat
1381 1541 1450 1582 con·

374 1711 377 1715 ,
434 1638 563 1723 jungere
595 1657 665 1699 cum
695 1635 804 1713 μισθόν.
864 1634 903 1698 Iu
938 1634 1062 1699 scholiis
1095 1635 1247 1699 veteribus
1279 1636 1448 1720 explicatur

436 1762 572 1820 πλεῖστον
595 1753 664 1819 dara
688 1751 910 1819 01σ1νσσλύν.
937 1753 1037 1817 ·Satis
1062 1753 1155 1818 bene':
1181 1754 1234 1818 sed
1260 1764 1305 1819 est
1327 1765 1450 1841 propter

436 1873 620 1952 Herculem,
652 1880 687 1936 ut
718 1873 865 1949 arbitror,
899 1872 1049 1956 quaedam
1076 1873 1107 1936 in
1133 1895 1168 1936 eo
1192 1873 1328 1958 epitheto
1353 1874 1450 1959 digni-

440 1998 501 2071 tas,
526 1990 782 2075 quemadmodum
808 1990 891 2054 verbi
916 2013 1009 2053 causa
1024 1990 1137 2055 dicitur
1154 1996 1278 2063 σλσῦσσς
1293 1993 1447 2072 μεγάνσρ,

435 2109 581 2175 0114.

479 2231 532 2294 37.
569 2229 623 2292 ὑπὸ
645 2232 791 2294 Κλεωνᾶν.
827 2226 1003 2291 Narrantur
1022 2227 1054 2291 in
1072 2226 1195 2291 scholiis
1211 2228 1364 2292 veteribus
1381 2235 1448 2292 tum

435 2348 574 2433 Eurytus
594 2357 625 2412 et
648 2347 774 2412 Oteatus
798 2348 830 2411 in
854 2348 963 2411 itinere
987 2347 1081 2411 fuisse
1106 2371 1142 2411 ex
1166 2347 1312 2433 Argolide
1333 2348 1372 2411 ad
1388 2370 1449 2412 cer-

434 2475 537 2530 tamen
564 2466 756 2531 Isthmicum.

479 2588 532 2649 38.
567 2585 618 2663 ἐφ’
641 2585 701 2663 σ’δῷ.
737 2583 956 2668 significantur
979 2584 1076 2647 factae
1093 2583 1131 2648 ab
1147 2582 1281 2648 Hercule
1297 2584 1445 2664 insidiae,

434 2710 469 2767 ut
492 2716 597 2768 monet
619 2710 707 2766 vetus
731 2702 913 2778 scholiasta,
938 2710 1020 2766 recte
1044 2725 1222 2787 comparans
1246 2703 1307 2767 ὁδὸν
1333 2703 1449 2781 ἐλθέμε-

432 2846 495 2900 rat,
528 2822 620 2885 Hom.
653 2821 691 2884 Il.
716 2820 733 2883 I
761 2822 841 2899 151,
865 2820 950 2905 quod
973 2820 1054 2884 idem
1078 2821 1191 2885 dicitnr
1214 2822 1331 2902 adzorb'
1354 2823 1445 2906 ἱένσνν,

434 2941 509 3005 227.
555 2939 671 3004 Eodem
703 2941 836 3025 pertinet
858 2940 997 3005 hoesden:
1025 2939 1221 3023 quodetiam
1247 2940 1284 3005 ab
1307 2940 1445 3005 Hesiodo

433 3058 472 3123 de
494 3058 628 3124 Hercule
651 3059 764 3123 dicitur
787 3060 818 3123 in
844 3057 979 3145 parando
1004 3059 1148 3123 adversus
1166 3058 1296 3123 Martem
1311 3061 1444 3144 proelio,

433 3178 481 3243 Sc.
498 3178 589 3244 Herc.
603 3181 686 3256 333,
698 3182 774 3242 425.
795 3177 884 3242 Conl.
899 3180 975 3254 480,
989 3185 1020 3241 et
1032 3177 1070 3241 de
1081 3176 1223 3255 Cerbero,
1237 3178 1352 3264 Theog.
1369 3182 1444 3245 772.

479 3299 532 3360 46.
567 3296 660 3374 βαθὺν
683 3298 722 3369 εἰς
747 3296 861 3377 ὀχετὸν.
901 3296 992 3361 (loni.
1017 3295 1111 3381 Soph.
1136 3297 1186 3380 Aj.
1215 3298 1298 3362 1072

609 3413 721 3489 ταύτην
744 3414 840 3495 νόμνζε
863 3416 914 3489 σὴν
939 3415 1023 3479 πόλιν
1046 3413 1136 3495 χρόνῳ
1159 3414 1230 3479 σον-ὲ

568 3543 570 3546 ’
610 3530 643 3608 ἐξ
665 3533 759 3614 triplos
783 3534 1001 3613 δραμοῦσσννὲς
1024 3532 1111 3610 βυθὸν
1134 3538 1243 3598 πεσεῖν.

477 3652 529 3714 47.
566 3649 728 3729 κρεσσόνων.
764 3649 927 3713 Genitivus
960 3657 1006 3713 est
1038 3650 1176 3713 activus:
1201 3648 1335 3725 bellum,
1360 3649 1444 3733 qnod

431 3767 573 3832 fortiores
596 3778 713 3865 gerant.

477 3888 529 3951 47.
565 3884 709 3951 ἀποθέσθ’.
745 3884 833 3950 (loni.
858 3884 908 3950 Ol.
933 3885 1016 3951 VIII
1041 3889 1093 3949 90.

478 4007 530 4068 48.
556 4001 691 4073 ilco-aroc.
728 4004 893 4083 Dubitari,
927 4028 966 4069 an
989 4005 1229 4091 significaretur,
1254 4003 1378 4067 tandem
1401 4011 1445 4067 ta·

433 4146 503 4188 men
526 4123 664 4206 Augeam
688 4122 839 4186 invenisse
863 4123 998 4201 cladem,
1024 4131 1060 4186 ut
1084 4129 1163 4186 esset
1185 4122 1206 4186 i.
1232 4144 1260 4206 q.
1274 4127 1442 4198 τελευτῶν,

432 4239 531 4312 clarc:
564 4241 643 4304 conl.
675 4240 854 4304 Heimsoeth
878 4265 908 4326 p.
936 4245 986 4305 18.
1023 4240 1242 4305 Verumtamen
1265 4240 1368 4325 potins
1396 4262 1445 4303 ex-

432 4359 513 4445 plico
544 4360 605 4436 sic,
636 4365 672 4421 ut
703 4369 772 4443 post
799 4358 942 4424 (beatum
966 4360 1181 4445 Eurytumque
1205 4360 1295 4425 etiam
1320 4363 1442 4444 Augeas
1506 4413 1507 4417 ,
1598 4391 1600 4396 ·

433 4475 550 4541 cladem
580 4477 740 4541 invenerit.
779 4477 926 4554 Ἀβσνλίσν
959 4485 1004 4542 est
1035 4478 1184 4563 ejusmodi
1216 4477 1442 4563 imprudentia,
