3767 5534
839 716 901 779 279

415 922 485 983 131.
519 920 622 983 θανεῖν.
658 917 772 981 lladem
797 919 920 1002 saepius
941 920 1095 983 sententia
1116 942 1169 1005 pro
1186 916 1377 981 fortitudinis

361 1039 563 1102 incitamento
587 1036 664 1100 luit:
691 1036 775 1100 velut
799 1037 879 1121 apud
908 1037 1076 1102 Homerum
1101 1037 1138 1101 ll.
1166 1036 1210 1100 Vl
1234 1040 1299 1099 133

431 1165 531 1237 μοῖραν
553 1156 579 1220 δ’
601 1157 699 1221 οὔτινα
721 1165 801 1235 Φιρμι
825 1154 1016 1238 πεφυγμένον
1040 1159 1166 1235 ἔμμεναι
1189 1157 1310 1237 ἀνδρῶν,

431 1280 462 1341 οὐ
485 1277 574 1341 κακὸν
596 1276 658 1340 οὐδὲ
681 1277 734 1352 μὲν
757 1276 871 1350 ἐσθλὸν,
896 1278 968 1352 έπίρν
991 1278 1032 1342 τοὶ
1058 1282 1160 1357 πρῶτα
1182 1276 1313 1354 γένηται.

361 1381 397 1459 11
418 1395 498 1480 apud
523 1394 682 1460 Gallinam
712 1399 747 1457 12

452 1518 483 1580 οὐ
506 1514 566 1592 yolo
589 1540 644 1588 κως
668 1514 790 1580 θάνατόν
813 1539 851 1592 γε
877 1522 987 1595 durata
1009 1516 1181 1595 εἱμαρμένον
1204 1514 1281 1579 ἐστὶν

496 1633 587 1714 ἄνδρ’,
612 1636 670 1701 aaa
693 1636 726 1710 ἢν
749 1638 893 1716 προγόνων
915 1634 932 1717 ᾖ
956 1635 1224 1713 petrammalam.

413 1757 483 1819 133.
518 1751 593 1833 ἕψοι.
630 1754 768 1839 Coquat,
797 1755 908 1819 foveat.
954 1754 1152 1840 significatur
1186 1754 1318 1818 maxima
1348 1753 1379 1817 in

363 1873 571 1938 conservando
595 1897 668 1938 cura
691 1875 807 1960 posita,
834 1882 869 1937 nt
893 1883 1024 1939 aetatem
1049 1873 1128 1937 nulli
1154 1873 1294 1958 periculo
1315 1895 1382 1956 pro·

365 2016 475 2079 ponere
508 2005 537 2057 et
570 1995 619 2058 vix
650 1995 682 2057 111
714 1995 813 2058 lucem
841 1994 975 2079 proferre
999 1992 1131 2071 audeas,
1158 2015 1287 2078 eamque
1312 2015 1382 2056 con-

363 2113 533 2177 servatione
557 2115 622 2198 ipsa
647 2136 819 2178 consumas,
867 2114 1017 2177 Similiter
1040 2112 1095 2198 Py.
1121 2112 1169 2175 IV
1195 2115 1259 2176 330

586 2236 642 2299 τὰν
665 2234 809 2297 οὶκίνδννον
831 2234 914 2312 παρὰ
937 2235 1028 2315 ματρὶ
1053 2233 1147 2311 μένειν

586 2355 676 2418 αἰῶνα
698 2352 843 2418 πέσσοντ’.

413 2476 484 2536 135.
515 2474 709 2538 ὑποκείσεται.
740 2475 905 2537 ὑποκεῖσθαι
926 2474 1119 2558 propositum
1136 2495 1210 2536 esse.
1241 2472 1379 2557 Tliuoyd.

366 2590 418 2655 ΙΠ
441 2594 483 2655 84
506 2591 618 2658 ἅπασιν
641 2593 725 2664 ἐλπὶς
749 2593 908 2658 ὑπόκειται.
953 2592 1010 2656 Ilst
1035 2592 1185 2676 quaedam
1210 2592 1380 2656 similitudo

365 2710 457 2797 hujus
488 2710 631 2775 dictionis
662 2734 732 2775 cum
764 2711 855 2776 verbo
888 2712 1060 2790 ὑποστῆναι,
1094 2713 1265 2797 suscipere,
1297 2712 1380 2776 velut

365 2829 502 2914 'Ihucyd.
527 2829 562 2893 II
586 2832 626 2892 61
652 2831 810 2905 ὑποστῆναι
834 2832 881 2895 τὸν
905 2830 1037 2895 κίνδυνον.

412 2949 484 3011 136.
520 2946 634 3028 πρᾶξιν.
674 2948 843 3033 Effectum,
877 2956 1021 3013 eventum
1054 2949 1184 3013 actionis
1217 2950 1379 3034 signifieat.

365 3065 456 3131 Hom.
482 3066 520 3131 Il.
546 3066 655 3131 XXIV
680 3070 744 3131 524
780 3097 782 3101 ·

508 3190 539 3251 οὐ
562 3186 621 3266 γαρ
644 3213 688 3257 τις
712 3186 816 3268 πρᾶξις
841 3188 965 3252 πέλεται
990 3195 1109 3268 κρυεροῖο
1134 3189 1226 3264 aloa,

366 3305 443 3369 nihil
474 3305 692 3370 lamentatione
724 3306 865 3370 efficitur.
912 3306 1031 3370 Eodem
1064 3307 1197 3391 pertinet
1226 3307 1321 3371 dictio
1348 3305 1380 3373 εὖ

363 3425 511 3503 προέττειν.

412 3547 484 3607 138.
519 3543 657 3625 ἐφάψατ’
693 3544 747 3629 Py.
774 3543 855 3607 VIII
880 3543 1090 3625 86111111
1117 3545 1256 3625 τέχναις,
1287 3544 1376 3610 Nem.

363 3663 445 3727 VIII
470 3666 510 3727 60
539 3664 681 3736 κελεύθοις
705 3665 907 3746 ἐφαπτοίμαν.
954 3664 1083 3749 Saepius
1109 3672 1211 3729 tamen
1236 3677 1306 3729 cum
1330 3690 1379 3751 ge·

362 3770 477 3861 111111,
502 3783 586 3847 velut
609 3783 659 3847 Ol.
682 3784 730 3846 IX
756 3787 793 3847 19
814 3784 889 3849 οὔτοι
908 3784 1124 3864 χαμαιπετέων
1143 3785 1239 3863 λόγων
1260 3785 1376 3868 §malda

412 3906 483 3967 142.
520 3902 593 3968 ἕλεν.
630 3903 794 3988 Zeugmate
818 3903 875 3967 hoc
899 3903 1027 3967 terbum
1052 3905 1090 3967 ad
1115 3904 1265 3970 Oenomai
1285 3906 1379 3970 robur

363 4032 394 4088 11
417 4023 454 4087 ad
478 4023 614 4110 puellam
637 4024 785 4087 refertur:
810 4024 892 4108 cepit
916 4022 1126 4101 Oenomaum,
1155 4024 1174 4087 i.
1201 4047 1226 4088 1.
1253 4025 1379 4089 1111111

363 4144 532 4221 interfecit,
558 4144 639 4228 cepit
662 4166 733 4206 voro
757 4144 906 4228 virginem
931 4145 1110 4229 conjugem,
1136 4145 1156 4208 1.
1178 4168 1203 4208 1.
1229 4145 1288 4208 sihi
1313 4167 1379 4229 pro·

362 4264 460 4348 priam
487 4265 663 4328 vindicavit.
711 4264 825 4328 Tamen
855 4289 892 4329 ne
917 4266 950 4329 in
972 4265 1029 4329 hac
1055 4266 1283 4328 constructione
1307 4263 1378 4327 Pin-

364 4383 437 4448 daro
470 4383 633 4448 absurdam
664 4383 798 4468 aliquam
824 4385 972 4449 orationis
999 4384 1208 4449 confusionem
1233 4384 1378 4448 obtruda-

364 4524 449 4581 mus,
482 4504 565 4592 quod
598 4503 702 4568 eodem
733 4504 825 4568 verbo
849 4504 980 4569 maxime
1003 4504 1173 4582 contraria,
1199 4503 1321 4567 caedem
1347 4512 1377 4567 et
