3767 5534
436 977 491 1040 pro
514 955 643 1030 Ὀδυσῆι.

436 1072 563 1137 Hesiod.
587 1072 702 1157 Theog.
729 1076 790 1137 783

657 1197 758 1270 τεῖχος
780 1190 810 1255 δὲ
835 1192 1005 1271 περοίχεται
1028 1190 1242 1273 ιίμφοτέρωόεν.

434 1306 516 1371 Ibid.
541 1308 605 1369 282

501 1428 542 1506 τῷ
564 1425 618 1503 μὲν
641 1426 787 1504 ίτόνυμον
809 1421 860 1501 ἦν,
885 1424 928 1491 ὅτ’
951 1425 996 1507 ἄρ’
1019 1430 1167 1492 Ὠκεοονοῖι
1190 1428 1252 1506 τερί
1276 1430 1380 1505 wite

500 1528 599 1619 νίνό·

435 1657 478 1724 ὅτ’
500 1681 557 1745 pro
579 1660 632 1726 ότι.
656 1659 764 1745 Eurip.
788 1660 857 1725 Ale.
884 1663 969 1724 1128

525 1779 574 1842 κιο)
598 1780 656 1854 μὴν
678 1779 813 1857 προτείνω
836 1780 947 1863 (χείροο)
970 1778 1085 1859 Γοργόν’
1110 1781 1147 1851 ὦς
1170 1778 1344 1859 κυροιτόμῳ·

435 1916 492 1979 pro
515 1898 640 1975 Γοργόνι.

483 2015 534 2078 67.
566 2012 702 2077 κόκτιδοί
720 2017 748 2078 τ’
777 2010 933 2095 οίρρυρέιιν.
971 2012 1072 2094 Quem
1097 2036 1201 2078 seeum
1225 2014 1324 2098 prisco
1347 2035 1450 2091 more,

435 2131 525 2215 quasi
547 2153 657 2215 aquam
681 2132 828 2216 petitum,
853 2140 1035 2216 portaverat.
1060 2132 1153 2196 Recte
1166 2131 1252 2196 effert
1268 2131 1450 2196 Karsteniue

435 2248 528 2313 Hom.
553 2248 667 2333 Hymn.
692 2248 761 2314 Cer.
789 2252 869 2329 166,
894 2250 949 2315 ubi
972 2247 1057 2314 Celei
1080 2249 1161 2314 filiae

547 2366 703 2447 ἐρχόμενοι
726 2366 789 2443 μεθ’
813 2364 882 2446 ὕδωρ
905 2368 1037 2447 εὐήρυτον
1059 2366 1138 2450 όφροο
1160 2368 1269 2448 Φίροιεν

548 2482 671 2548 κοιίλτισι
693 2485 851 2565 χιιιικείρσι
874 2484 955 2565 Φίλοι
976 2485 1045 2565 τρδς
1068 2484 1193 2562 δώρουσιο
1214 2484 1335 2562 τιιτρός.

437 2596 479 2661 Et
496 2596 562 2663 ·Od.
585 2598 651 2663 VII
675 2603 735 2678 26,
759 2601 814 2665 ubi
836 2600 976 2665 Minerva
998 2602 1082 2665 venit

571 2718 724 2799 τοιρίενικῇ
746 2719 840 2782 είκυῑοο
862 2718 961 2792 νειίνιδι
984 2718 1094 2783 κιίιιτιν
1118 2717 1235 2798 ε’χοιίσρ.

485 2835 537 2897 76.
571 2834 718 2915 ίεόφρονοο.
754 2833 844 2900 Certe
868 2842 993 2920 propter
1007 2836 1153 2899 eximium
1171 2834 1306 2899 vaticinii
1322 2846 1353 2897 et
1370 2855 1451 2919 pree·

438 2950 517 3035 sagii
539 2972 668 3029 munus,
692 2954 742 3016 cui
766 2952 938 3019 destinatus
961 2962 1044 3032 eret,
1068 2954 1112 3017 ite
1135 2952 1316 3038 appellatur.

485 3069 537 3132 72.
572 3066 646 3133 Non
677 3091 755 3153 opus
786 3078 850 3148 est,
882 3083 919 3135 ut
948 3072 982 3134 in
1012 3070 1125 3149 Μοίριος
1156 3069 1246 3133 etiam
1277 3075 1451 3153 repetamus

438 3185 662 3264 τροιῦιοκτίδοιςε
693 3186 726 3249 in
757 3187 850 3253 verbo
877 3186 1124 3268 συμτοιρίστοισεν
1144 3186 1209 3270 jem
1232 3185 1339 3250 auxilii
1362 3186 1453 3270 signi·

438 3302 539 3367 ficatio
563 3309 619 3367 est.

486 3422 538 3484 76.
573 3419 638 3485 ὑτδ.
673 3419 832 3504 Significat
854 3429 975 3485 motum
994 3420 1031 3484 de
1050 3420 1129 3484 loeo.
1154 3419 1246 3484 Hom.
1262 3418 1301 3483 Il.
1318 3418 1398 3483 XXI
1411 3422 1452 3482 56

974 3544 1071 3617 Τρῶες

493 3633 495 3636 ¹
574 3649 658 3724 οὔτις
680 3654 894 3729 όνοιστήσοντοοι
918 3655 974 3719 ὑτδ
997 3653 1087 3735 ’ζόφου
1110 3654 1259 3734 ἠερόεντος.

437 3768 587 3853 Idemque
610 3779 656 3835 eet
677 3770 805 3837 Hesiod.
828 3771 944 3858 Theog.
969 3776 1034 3837 668
1058 3774 1091 3837 in
1115 3771 1300 3856 quibusdam
1316 3771 1409 3835 tibris

934 3890 989 3954 ὑπὸ
1012 3890 1102 3971 ζόφου
1125 3890 1266 3968 ἠερόεντος

598 4004 718 4084 ἄψοίρον
740 4003 858 4079 ἕξοιῖιτις
880 4007 1060 4085 ἀμειλίκτων
1083 4007 1138 4071 ὑτδ
1159 4008 1272 4085 δεσμῶν

600 4122 741 4199 ἦλιίόοροεν
751 4142 759 4158 ·

445 4235 499 4300 ubi
521 4235 698 4321 Lennepiue
722 4238 821 4302 edidit
842 4240 903 4305 οίτὸ
925 4240 1015 4322 ζόφου
1033 4250 1070 4305 et
1091 4240 1151 4305 όοτδ
1172 4242 1295 4318 δεσμῶν.
1326 4239 1369 4304 Et
1392 4242 1455 4304 669

354 4423 358 4429 ,
578 4350 624 4425 οίίς
646 4378 680 4419 τε
704 4354 778 4426 Ζεὺς
800 4356 995 4437 Ἐρέβευσφιν
1018 4358 1072 4420 ὑτδ
1094 4358 1194 4437 χόονδς
1218 4355 1268 4433 ἧκε
1287 4357 1410 4439 Φόοισδε.

446 4467 537 4534 Pind.
560 4468 651 4535 Nem.
670 4469 757 4535 166
782 4472 820 4537 de
843 4471 978 4539 Hercule

838 4606 840 4609 ’
1285 4593 1341 4650 25*
