3767 5534
902 749 965 814 371

398 1018 403 1024 ,
431 976 500 1016 cum
523 952 582 1015 hoe
605 951 795 1036 copulentur.
841 950 958 1014 Tamen
983 949 1069 1022 ὄλβον
1091 956 1185 1013 totam
1211 948 1288 1011 vitae
1309 957 1437 1024 sortem,

432 1071 658 1148 valetudinem,
690 1050 818 1148 liberos,
852 1070 998 1154 patriam,
1023 1068 1182 1153 complecti
1205 1068 1310 1131 credo:
1336 1074 1366 1130 et
1389 1066 1440 1130 ud·

434 1192 499 1255 dito
531 1191 679 1275 adjectivo
711 1192 833 1267 ὑρίεντιι
863 1190 1027 1273 significari
1051 1211 1153 1252 sanam
1177 1187 1369 1264 felicitatem,
1394 1208 1440 1249 ca·

381 1289 384 1293 .
434 1310 570 1374 lamitate
601 1316 770 1387 carentem,
803 1309 880 1373 bene
910 1310 1058 1373 firmatam
1089 1316 1119 1371 et
1150 1307 1237 1393 quasi
1267 1308 1379 1371 virtute
1410 1315 1439 1370 et

434 1429 585 1515 probitate
620 1437 756 1513 paratam
791 1436 882 1513 atque
911 1427 1080 1520 fundatam.
1128 1426 1220 1491 Haud
1253 1426 1440 1490 dissimiliter

436 1548 585 1612 Horatius
607 1546 644 1611 L.
668 1546 685 1610 I
708 1546 766 1632 up.
790 1546 836 1609 IV
862 1549 902 1610 10
1096 1590 1099 1594 -

436 1652 438 1655 ⁵
1032 1663 1091 1727 Oui

547 1784 670 1861 Gratia,
694 1784 792 1861 fama,
818 1782 961 1847 valetudo
985 1782 1142 1866 contingat
1166 1782 1285 1847 abunde

547 1902 589 1965 Et
611 1901 745 1965 mundus
768 1902 886 1979 victus,
910 1923 973 1965 nou
996 1900 1154 1965 deficiente
1178 1922 1329 1965 crumena.

437 2020 534 2084 Paulo
565 2020 653 2083 aliter
679 2020 801 2083 Scolion
824 2019 906 2104 apud
929 2018 1089 2082 Platonem
1114 2027 1160 2082 est
1183 2020 1215 2082 iu
1241 2018 1354 2103 Gorgia
1377 2022 1438 2082 451

438 2140 481 2203 Il:
513 2136 554 2204 ὅτι
586 2141 722 2218 ὑγιαίνειν
753 2140 805 2216 μὲν
836 2140 950 2219 ἄριστόν
980 2141 1059 2215 ἐστι,
1092 2139 1124 2204 τὸ
1152 2139 1181 2203 δὲ
1203 2139 1328 2220 δεύτερον
1350 2140 1440 2203 καλὸν

440 2258 590 2337 γενέσθαι,
613 2259 706 2338 τρίτον
729 2259 813 2323 δὲτὸ
837 2264 974 2323 πλουτεῖν
997 2258 1116 2329 ἄδόλοις.

485 2380 536 2441 55.
568 2375 654 2457 ἄρδει.
685 2376 845 2460 Exquisite
868 2375 997 2453 dicitur,
1021 2398 1081 2462 non
1098 2376 1136 2440 de
1152 2376 1291 2440 habenda
1306 2384 1442 2453 tantum,

441 2497 494 2560 sed
524 2496 562 2559 de
592 2495 777 2559 moderanda
808 2503 838 2558 et
860 2493 1026 2557 nutrienda
1048 2494 1203 2557 felicitate.
1250 2494 1444 2579 Significatur

439 2615 465 2677 is
497 2620 614 2690 statuS,
644 2635 706 2696 quo
737 2611 847 2696 aliquis
872 2634 940 2675 vero
965 2612 1043 2675 vitae
1065 2612 1167 2675 fructu
1191 2612 1234 2675 ita
1256 2613 1387 2696 gaudeat
1410 2622 1446 2677 ut

440 2731 573 2816 quadam
595 2754 650 2795 sua
672 2731 770 2815 ipsius
793 2737 895 2814 parte,
927 2738 1024 2813 utque
1048 2753 1112 2793 eam
1137 2731 1198 2794 alat
1222 2731 1359 2814 quotidie
1383 2753 1445 2797 uon

441 2851 543 2914 minus
567 2871 659 2933 quam
683 2868 792 2933 corpus
815 2850 880 2933 ipse
903 2872 1003 2913 suum.
1035 2849 1148 2927 ’Ἃρδειν
1171 2850 1331 2933 erigendi
1355 2851 1446 2935 signi-

441 2970 582 3033 ficatione
605 2970 696 3032 etiam
720 2969 876 3032 nutriendi
890 2976 920 3031 et
935 2968 1058 3032 fovendi
1075 2968 1326 3052 significationem
1343 2970 1444 3035 habet.

444 3087 536 3172 Apud
559 3086 717 3151 Platonem
742 3087 774 3149 in
801 3086 956 3164 Phaedro,
982 3090 1043 3149 251
1063 3108 1164 3170 seqq,
1182 3088 1303 3173 saepius
1316 3087 1373 3151 hoc
1386 3112 1448 3152 ver·

443 3206 515 3270 bum
540 3204 679 3289 ponitur,
703 3212 739 3268 ut
762 3204 952 3289 significetur
975 3206 1006 3268 iu
1030 3227 1082 3282 eo,
1102 3206 1156 3288 qui
1171 3227 1271 3269 amore
1292 3215 1448 3292 correptus

443 3325 501 3401 sit,
518 3323 634 3388 alarum
649 3324 757 3401 animi,
779 3346 857 3407 quae
876 3323 975 3387 adhuc
987 3330 1166 3408 torpuerant
1173 3341 1182 3402 ,·
1196 3326 1393 3409 germinatio,
1407 3326 1450 3389 fo·

443 3451 599 3519 mentum,
629 3443 776 3506 nutritio:
811 3444 873 3505 251
899 3442 942 3505 Β;
976 3441 1129 3519 δεξᾶμεννς
1160 3450 1211 3508 τοῦ
1241 3445 1367 3515 κᾶλλονς
1398 3446 1449 3519 τὴν

444 3563 578 3642 ἄτορροὶιν
602 3561 648 3625 διᾶ
671 3568 725 3625 τῶν
748 3561 889 3639 ὀμμᾶτοιν
913 3562 1064 3640 ἐθερμᾶνᾶν
1075 3612 1084 3643 ‚
1113 3560 1131 3643 ᾖ
1154 3566 1170 3637 ἡ
1194 3568 1243 3628 τοῦ
1269 3569 1372 3653 πτεροῦ
1395 3564 1451 3644 (pd-
1542 3630 1544 3634 ,

445 3704 488 3750 τις
512 3678 638 3757 ἄρδετιιι.
665 3682 727 3741 255
753 3679 778 3741 C
800 3681 833 3743 τὸ
855 3686 905 3743 τοῦ
929 3680 1055 3751 κᾶλλονς
1078 3684 1171 3759 ρἐὖμοι
1193 3682 1248 3753 τᾶς
1271 3682 1373 3754 διόδους
1396 3689 1451 3746 τῶν

445 3803 554 3874 πτερῶν
584 3794 661 3876 ἄρδει
691 3822 724 3861 τε
755 3798 805 3860 uui
835 3796 947 3874 ἄρμιρσε
973 3806 1152 3881 ττεροφνεῑν.
1200 3799 1246 3863 De
1270 3799 1344 3886 Rep.
1369 3800 1452 3865 VIII

448 3916 510 3977 550
542 3914 569 3977 B
601 3925 687 3999 pater
716 3916 814 3980 bonus
838 3916 951 3980 dicitur
974 3919 1006 3982 τὸ
1028 3919 1190 3995 λογιστικὸν
1213 3924 1241 3984 ἑν
1263 3931 1299 4001 τῇ
1323 3926 1372 3985 τοῦ
1393 3922 1451 3985 aiod

446 4040 534 4113 ψυχῇ
565 4031 656 4111 ἄρδειν
683 4058 716 4097 τε
738 4036 786 4098 nul
815 4033 920 4111 οιᾶξειν.
968 4036 1061 4119 Apud
1089 4046 1228 4101 nostrum
1255 4037 1309 4121 Py.
1333 4036 1363 4098 V
1390 4040 1450 4101 146

757 4151 893 4231 κρέσσονοι
915 4153 968 4230 μὲν
994 4154 1110 4226 ἄλικίοις

757 4271 816 4336 νόον
837 4272 992 4353 φέρβεται.

495 4389 546 4450 56.
586 4391 752 4467 προστιθεὶς.
792 4388 1050 4474 Quandoquidem
1089 4392 1121 4454 in
1157 4391 1247 4456 verbo
1281 4392 1356 4473 ἄρδει
1391 4415 1452 4456 nou

448 4513 570 4569 tautum
601 4509 766 4591 possessio,
798 4508 850 4572 sed
875 4508 1021 4593 quaedam
1046 4510 1124 4573 actio
1147 4510 1319 4576 sustinendi
1342 4503 1455 4576 indica·

1277 4629 1333 4687 24*
