<?xml version="1.0" encoding="UTF-8"?>
<!DOCTYPE html PUBLIC "-//W3C//DTD XHTML 1.0 Transitional//EN"
    "http://www.w3.org/TR/xhtml1/DTD/xhtml1-transitional.dtd">
<html xmlns="http://www.w3.org/1999/xhtml" xml:lang="en" lang="en">
 <head>
  <title>
</title>
<meta http-equiv="Content-Type" content="text/html;charset=utf-8" />
  <meta name='ocr-system' content='tesseract 3.04.00' />
  <meta name='ocr-capabilities' content='ocr_page ocr_carea ocr_par ocr_line ocrx_word'/>
</head>
<body>
  <div class='ocr_page' id='page_1' title='image "./pindaricarminao00pindgoog_0400.png"; bbox 0 0 3767 5534; ppageno 0'>
   <div class='ocr_carea' id='block_1_1' title="bbox 907 719 970 780">
    <p class='ocr_par' dir='ltr' id='par_1_1' title="bbox 907 719 970 780">
     <span class='ocr_line' id='line_1_1' title="bbox 907 719 970 780; baseline 0.016 -1"><span class='ocrx_word' id='word_1_1' title='bbox 907 719 970 780; x_wconf 87' lang='grc'>319</span> 
     </span>
    </p>
   </div>
   <div class='ocr_carea' id='block_1_2' title="bbox 431 917 1526 3018">
    <p class='ocr_par' dir='ltr' id='par_1_2' title="bbox 431 917 1443 1698">
     <span class='ocr_line' id='line_1_2' title="bbox 487 917 1441 1005; baseline -0.001 -23"><span class='ocrx_word' id='word_1_2' title='bbox 487 921 559 984; x_wconf 85' lang='grc'><strong>175.</strong></span> <span class='ocrx_word' id='word_1_3' title='bbox 602 920 651 984; x_wconf 80' lang='grc' dir='ltr'>ὑπ’</span> <span class='ocrx_word' id='word_1_4' title='bbox 684 919 797 997; x_wconf 68' lang='grc' dir='ltr'><em>ἀνδρῶν.</em></span> <span class='ocrx_word' id='word_1_5' title='bbox 844 917 1023 982; x_wconf 89' lang='lat' dir='ltr'>Karstenius</span> <span class='ocrx_word' id='word_1_6' title='bbox 1058 918 1162 983; x_wconf 91' lang='lat' dir='ltr'>mallet</span> <span class='ocrx_word' id='word_1_7' title='bbox 1197 920 1343 1005; x_wconf 88' lang='lat' dir='ltr'>scriptum</span> <span class='ocrx_word' id='word_1_8' title='bbox 1377 942 1441 983; x_wconf 89' lang='lat' dir='ltr'>esse</span> 
     </span>
     <span class='ocr_line' id='line_1_3' title="bbox 434 1036 1442 1123; baseline -0.002 -20"><span class='ocrx_word' id='word_1_9' title='bbox 434 1038 495 1103; x_wconf 60' lang='lat' dir='ltr'>dd</span> <span class='ocrx_word' id='word_1_10' title='bbox 518 1039 630 1117; x_wconf 71' lang='grc' dir='ltr'><em>ἀνδρῶν.</em></span> <span class='ocrx_word' id='word_1_11' title='bbox 679 1036 776 1123; x_wconf 83' lang='lat' dir='ltr'>Cujus</span> <span class='ocrx_word' id='word_1_12' title='bbox 798 1039 925 1102; x_wconf 89' lang='lat' dir='ltr'>rationis</span> <span class='ocrx_word' id='word_1_13' title='bbox 950 1039 1025 1102; x_wconf 92' lang='lat' dir='ltr'>mihi</span> <span class='ocrx_word' id='word_1_14' title='bbox 1047 1060 1109 1102; x_wconf 91' lang='lat' dir='ltr'>non</span> <span class='ocrx_word' id='word_1_15' title='bbox 1133 1037 1242 1102; x_wconf 89' lang='lat' dir='ltr'>idonea</span> <span class='ocrx_word' id='word_1_16' title='bbox 1264 1061 1355 1105; x_wconf 85' lang='lat' dir='ltr'>causa</span> <span class='ocrx_word' id='word_1_17' title='bbox 1378 1060 1442 1101; x_wconf 90' lang='lat' dir='ltr'>esse</span> 
     </span>
     <span class='ocr_line' id='line_1_4' title="bbox 438 1156 1443 1243; baseline 0.001 -23"><span class='ocrx_word' id='word_1_18' title='bbox 438 1156 570 1222; x_wconf 88' lang='lat' dir='ltr'>videtur.</span> <span class='ocrx_word' id='word_1_19' title='bbox 617 1156 814 1242; x_wconf 73' lang='lat' dir='ltr'>significatur</span> <span class='ocrx_word' id='word_1_20' title='bbox 844 1157 959 1222; x_wconf 85' lang='lat' dir='ltr'>invidia</span> <span class='ocrx_word' id='word_1_21' title='bbox 987 1157 1107 1222; x_wconf 90' lang='lat' dir='ltr'>laudem</span> <span class='ocrx_word' id='word_1_22' title='bbox 1131 1159 1293 1235; x_wconf 83' lang='lat' dir='ltr'>invasisse,</span> <span class='ocrx_word' id='word_1_23' title='bbox 1318 1160 1443 1243; x_wconf 88' lang='lat' dir='ltr'>ejusque</span> 
     </span>
     <span class='ocr_line' id='line_1_5' title="bbox 433 1270 1441 1361; baseline 0.002 -22"><span class='ocrx_word' id='word_1_24' title='bbox 433 1276 571 1340; x_wconf 83' lang='lat' dir='ltr'>invidiae</span> <span class='ocrx_word' id='word_1_25' title='bbox 594 1284 734 1341; x_wconf 80' lang='lat' dir='ltr'><strong>auctores</strong></span> <span class='ocrx_word' id='word_1_26' title='bbox 758 1276 852 1340; x_wconf 84' lang='lat' dir='ltr'>fuisse</span> <span class='ocrx_word' id='word_1_27' title='bbox 876 1270 1087 1361; x_wconf 70' lang='lat' dir='ltr'>significantur</span> <span class='ocrx_word' id='word_1_28' title='bbox 1111 1277 1248 1343; x_wconf 84' lang='lat' dir='ltr'>homines</span> <span class='ocrx_word' id='word_1_29' title='bbox 1272 1278 1441 1342; x_wconf 85' lang='lat' dir='ltr'>malesani.</span> 
     </span>
     <span class='ocr_line' id='line_1_6' title="bbox 432 1394 1442 1481; baseline 0.001 -23"><span class='ocrx_word' id='word_1_30' title='bbox 432 1394 488 1458; x_wconf 90' lang='lat' dir='ltr'>Ita</span> <span class='ocrx_word' id='word_1_31' title='bbox 522 1395 645 1460; x_wconf 88' lang='lat' dir='ltr'>verbum</span> <span class='ocrx_word' id='word_1_32' title='bbox 679 1396 809 1472; x_wconf 80' lang='grc' dir='ltr'><em>βαίνειν,</em></span> <span class='ocrx_word' id='word_1_33' title='bbox 845 1397 870 1459; x_wconf 87' lang='lat' dir='ltr'>si</span> <span class='ocrx_word' id='word_1_34' title='bbox 905 1419 940 1459; x_wconf 90' lang='lat' dir='ltr'>ea</span> <span class='ocrx_word' id='word_1_35' title='bbox 975 1397 1157 1481; x_wconf 81' lang='lat' dir='ltr'>praepositio</span> <span class='ocrx_word' id='word_1_36' title='bbox 1193 1396 1331 1475; x_wconf 86' lang='lat' dir='ltr'>additur,</span> <span class='ocrx_word' id='word_1_37' title='bbox 1357 1398 1442 1480; x_wconf 90' lang='lat' dir='ltr'>quasi</span> 
     </span>
     <span class='ocr_line' id='line_1_7' title="bbox 433 1514 1441 1600; baseline 0.001 -22"><span class='ocrx_word' id='word_1_38' title='bbox 433 1515 588 1599; x_wconf 79' lang='lat' dir='ltr'><strong>passivam</strong></span> <span class='ocrx_word' id='word_1_39' title='bbox 612 1515 862 1600; x_wconf 82' lang='lat' dir='ltr'>significationem</span> <span class='ocrx_word' id='word_1_40' title='bbox 894 1516 1013 1600; x_wconf 88' lang='lat' dir='ltr'>accipit.</span> <span class='ocrx_word' id='word_1_41' title='bbox 1060 1514 1207 1583; x_wconf 79' lang='lat' dir='ltr'>Similiter</span> <span class='ocrx_word' id='word_1_42' title='bbox 1229 1515 1380 1580; x_wconf 83' lang='lat' dir='ltr'>Homerus</span> <span class='ocrx_word' id='word_1_43' title='bbox 1403 1516 1441 1579; x_wconf 90' lang='lat' dir='ltr'>Il.</span> 
     </span>
     <span class='ocr_line' id='line_1_8' title="bbox 431 1631 549 1698; baseline 0.017 -3"><span class='ocrx_word' id='word_1_44' title='bbox 431 1631 484 1695; x_wconf 86' lang='lat' dir='ltr'>VI</span> <span class='ocrx_word' id='word_1_45' title='bbox 510 1635 549 1698; x_wconf 88' lang='grc'>73</span> 
     </span>
    </p>

    <p class='ocr_par' dir='ltr' id='par_1_3' title="bbox 547 1747 1323 1837">
     <span class='ocr_line' id='line_1_9' title="bbox 547 1747 1323 1837; baseline 0.004 -23"><span class='ocrx_word' id='word_1_46' title='bbox 547 1752 611 1815; x_wconf 75' lang='grc' dir='ltr'><em>ἔνθα</em></span> <span class='ocrx_word' id='word_1_47' title='bbox 633 1776 679 1816; x_wconf 83' lang='grc' dir='ltr'>κεν</span> <span class='ocrx_word' id='word_1_48' title='bbox 702 1747 774 1816; x_wconf 81' lang='grc' dir='ltr'><em>αὖτε</em></span> <span class='ocrx_word' id='word_1_49' title='bbox 799 1758 894 1834; x_wconf 80' lang='grc' dir='ltr'><em>Τρῶες</em></span> <span class='ocrx_word' id='word_1_50' title='bbox 918 1751 1097 1837; x_wconf 64' lang='lat' dir='ltr'>&#39;amittitur</span> <span class='ocrx_word' id='word_1_51' title='bbox 1120 1755 1169 1819; x_wconf 77' lang='grc' dir='ltr'>ὑπ’</span> <span class='ocrx_word' id='word_1_52' title='bbox 1191 1753 1323 1834; x_wconf 80' lang='grc' dir='ltr'><em>Ἀχαιῶν</em></span> 
     </span>
    </p>

    <p class='ocr_par' dir='ltr' id='par_1_4' title="bbox 433 1868 1526 3018">
     <span class='ocr_line' id='line_1_10' title="bbox 545 1868 858 1947; baseline 0.003 -14"><span class='ocrx_word' id='word_1_53' title='bbox 545 1868 632 1934; x_wconf 83' lang='grc' dir='ltr'><em>Ἴλιον</em></span> <span class='ocrx_word' id='word_1_54' title='bbox 654 1869 858 1947; x_wconf 75' lang='grc' dir='ltr'><em>εἰσανέβησαν.</em></span> 
     </span>
     <span class='ocr_line' id='line_1_11' title="bbox 433 1986 1445 2075; baseline 0.003 -26"><span class='ocrx_word' id='word_1_55' title='bbox 433 1986 544 2050; x_wconf 91' lang='lat' dir='ltr'>Potest</span> <span class='ocrx_word' id='word_1_56' title='bbox 567 2000 669 2052; x_wconf 90' lang='lat' dir='ltr'>autem</span> <span class='ocrx_word' id='word_1_57' title='bbox 693 1988 742 2052; x_wconf 91' lang='lat' dir='ltr'>hic</span> <span class='ocrx_word' id='word_1_58' title='bbox 765 1995 849 2052; x_wconf 91' lang='lat' dir='ltr'>totus</span> <span class='ocrx_word' id='word_1_59' title='bbox 872 1988 958 2052; x_wconf 90' lang='lat' dir='ltr'>locus</span> <span class='ocrx_word' id='word_1_60' title='bbox 983 1988 1026 2051; x_wconf 91' lang='lat' dir='ltr'>ita</span> <span class='ocrx_word' id='word_1_61' title='bbox 1041 1989 1199 2075; x_wconf 81' lang='lat' dir='ltr'>explicari,</span> <span class='ocrx_word' id='word_1_62' title='bbox 1224 2012 1345 2054; x_wconf 90' lang='lat' dir='ltr'>monere</span> <span class='ocrx_word' id='word_1_63' title='bbox 1361 1989 1445 2053; x_wconf 86' lang='lat' dir='ltr'>volu·</span> 
     </span>
     <span class='ocr_line' id='line_1_12' title="bbox 437 2106 1445 2193; baseline 0.002 -24"><span class='ocrx_word' id='word_1_64' title='bbox 437 2107 501 2170; x_wconf 91' lang='lat' dir='ltr'>isse</span> <span class='ocrx_word' id='word_1_65' title='bbox 523 2106 665 2185; x_wconf 91' lang='lat' dir='ltr'>Poetam,</span> <span class='ocrx_word' id='word_1_66' title='bbox 690 2108 784 2171; x_wconf 90' lang='lat' dir='ltr'>solere</span> <span class='ocrx_word' id='word_1_67' title='bbox 801 2108 922 2173; x_wconf 87' lang='lat' dir='ltr'>landem</span> <span class='ocrx_word' id='word_1_68' title='bbox 940 2131 1005 2171; x_wconf 87' lang='lat' dir='ltr'>esse</span> <span class='ocrx_word' id='word_1_69' title='bbox 1021 2108 1184 2175; x_wconf 79' lang='lat' dir='ltr'>obnoxiam</span> <span class='ocrx_word' id='word_1_70' title='bbox 1201 2108 1349 2172; x_wconf 89' lang='lat' dir='ltr'>invidiae:</span> <span class='ocrx_word' id='word_1_71' title='bbox 1374 2131 1445 2193; x_wconf 87' lang='lat' dir='ltr'>ergo</span> 
     </span>
     <span class='ocr_line' id='line_1_13' title="bbox 437 2224 1526 2313; baseline 0.001 -25"><span class='ocrx_word' id='word_1_72' title='bbox 437 2224 610 2289; x_wconf 76' lang='lat' dir='ltr'>&#39;fhercnem</span> <span class='ocrx_word' id='word_1_73' title='bbox 642 2248 764 2310; x_wconf 90' lang='lat' dir='ltr'>quoque</span> <span class='ocrx_word' id='word_1_74' title='bbox 795 2227 825 2290; x_wconf 90' lang='lat' dir='ltr'>in</span> <span class='ocrx_word' id='word_1_75' title='bbox 859 2248 1038 2291; x_wconf 87' lang='lat' dir='ltr'>vesanorum</span> <span class='ocrx_word' id='word_1_76' title='bbox 1070 2250 1159 2313; x_wconf 89' lang='lat' dir='ltr'>posse</span> <span class='ocrx_word' id='word_1_77' title='bbox 1182 2228 1334 2291; x_wconf 88' lang='lat' dir='ltr'>incurrere</span> <span class='ocrx_word' id='word_1_78' title='bbox 1358 2226 1445 2289; x_wconf 90' lang='lat' dir='ltr'>odia:</span> <span class='ocrx_word' id='word_1_79' title='bbox 1521 2225 1526 2233; x_wconf 83' lang='lat'><em>&#39;</em></span> 
     </span>
     <span class='ocr_line' id='line_1_14' title="bbox 438 2343 1467 2436; baseline 0.001 -30"><span class='ocrx_word' id='word_1_80' title='bbox 438 2350 595 2407; x_wconf 88' lang='lat' dir='ltr'>ettamen</span> <span class='ocrx_word' id='word_1_81' title='bbox 627 2345 691 2429; x_wconf 89' lang='lat' dir='ltr'>ejus</span> <span class='ocrx_word' id='word_1_82' title='bbox 722 2344 828 2408; x_wconf 90' lang='lat' dir='ltr'>laudes</span> <span class='ocrx_word' id='word_1_83' title='bbox 860 2343 1005 2408; x_wconf 78' lang='lat' dir='ltr'>audacter</span> <span class='ocrx_word' id='word_1_84' title='bbox 1021 2368 1092 2409; x_wconf 87' lang='lat' dir='ltr'>esse</span> <span class='ocrx_word' id='word_1_85' title='bbox 1115 2344 1325 2422; x_wconf 88' lang='lat' dir='ltr'>celebrandas,</span> <span class='ocrx_word' id='word_1_86' title='bbox 1350 2367 1467 2436; x_wconf 86' lang='lat' dir='ltr'>quum</span> 
     </span>
     <span class='ocr_line' id='line_1_15' title="bbox 438 2461 1445 2549; baseline 0.002 -25"><span class='ocrx_word' id='word_1_87' title='bbox 438 2461 573 2547; x_wconf 75' lang='lat' dir='ltr'>ejusdem</span> <span class='ocrx_word' id='word_1_88' title='bbox 607 2461 765 2528; x_wconf 87' lang='lat' dir='ltr'>benefacta</span> <span class='ocrx_word' id='word_1_89' title='bbox 799 2486 960 2527; x_wconf 86' lang='lat' dir='ltr'>numerum</span> <span class='ocrx_word' id='word_1_90' title='bbox 995 2486 1101 2529; x_wconf 86' lang='lat' dir='ltr'>arenae</span> <span class='ocrx_word' id='word_1_91' title='bbox 1131 2472 1284 2549; x_wconf 90' lang='lat' dir='ltr'>superent.</span> <span class='ocrx_word' id='word_1_92' title='bbox 1331 2463 1369 2528; x_wconf 89' lang='lat' dir='ltr'>In</span> <span class='ocrx_word' id='word_1_93' title='bbox 1392 2464 1445 2527; x_wconf 88' lang='lat' dir='ltr'>tali</span> 
     </span>
     <span class='ocr_line' id='line_1_16' title="bbox 442 2582 1444 2668; baseline 0.003 -25"><span class='ocrx_word' id='word_1_94' title='bbox 442 2582 594 2645; x_wconf 84' lang='lat' dir='ltr'>sententia</span> <span class='ocrx_word' id='word_1_95' title='bbox 627 2583 768 2646; x_wconf 86' lang='lat' dir='ltr'>universa</span> <span class='ocrx_word' id='word_1_96' title='bbox 800 2584 997 2668; x_wconf 89' lang='lat' dir='ltr'>proponenda</span> <span class='ocrx_word' id='word_1_97' title='bbox 1032 2585 1122 2650; x_wconf 86' lang='lat' dir='ltr'>etiam</span> <span class='ocrx_word' id='word_1_98' title='bbox 1148 2584 1279 2648; x_wconf 89' lang='lat' dir='ltr'>aoristus</span> <span class='ocrx_word' id='word_1_99' title='bbox 1302 2584 1444 2668; x_wconf 86' lang='lat' dir='ltr'>ponitur,</span> 
     </span>
     <span class='ocr_line' id='line_1_17' title="bbox 440 2699 1445 2785; baseline 0.003 -23"><span class='ocrx_word' id='word_1_100' title='bbox 440 2699 527 2763; x_wconf 85' lang='lat' dir='ltr'>velut</span> <span class='ocrx_word' id='word_1_101' title='bbox 548 2700 641 2785; x_wconf 89' lang='lat' dir='ltr'>hujus</span> <span class='ocrx_word' id='word_1_102' title='bbox 665 2702 760 2785; x_wconf 91' lang='lat' dir='ltr'>ipsius</span> <span class='ocrx_word' id='word_1_103' title='bbox 784 2702 882 2779; x_wconf 88' lang='lat' dir='ltr'>verbi,</span> <span class='ocrx_word' id='word_1_104' title='bbox 908 2726 940 2765; x_wconf 92' lang='lat' dir='ltr'>vs</span> <span class='ocrx_word' id='word_1_105' title='bbox 968 2707 1019 2768; x_wconf 75' lang='lat'>64.</span> <span class='ocrx_word' id='word_1_106' title='bbox 1067 2702 1107 2765; x_wconf 75' lang='lat' dir='ltr'>ut</span> <span class='ocrx_word' id='word_1_107' title='bbox 1123 2703 1343 2766; x_wconf 90' lang='lat' dir='ltr'>omninototus</span> <span class='ocrx_word' id='word_1_108' title='bbox 1360 2703 1445 2766; x_wconf 88' lang='lat' dir='ltr'>locus</span> 
     </span>
     <span class='ocr_line' id='line_1_18' title="bbox 440 2816 1443 2907; baseline 0.006 -25"><span class='ocrx_word' id='word_1_109' title='bbox 440 2816 571 2885; x_wconf 87' lang='lat' dir='ltr'>colorem</span> <span class='ocrx_word' id='word_1_110' title='bbox 595 2820 688 2885; x_wconf 91' lang='lat' dir='ltr'>habet</span> <span class='ocrx_word' id='word_1_111' title='bbox 711 2822 889 2886; x_wconf 86' lang='lat' dir='ltr'>scut-entiae.</span> <span class='ocrx_word' id='word_1_112' title='bbox 903 2823 1081 2899; x_wconf 88' lang='lat' dir='ltr'>universae,</span> <span class='ocrx_word' id='word_1_113' title='bbox 1106 2845 1202 2907; x_wconf 89' lang='lat' dir='ltr'>quum</span> <span class='ocrx_word' id='word_1_114' title='bbox 1223 2823 1313 2886; x_wconf 91' lang='lat' dir='ltr'>etiam</span> <span class='ocrx_word' id='word_1_115' title='bbox 1331 2845 1363 2885; x_wconf 91' lang='lat' dir='ltr'>vs</span> <span class='ocrx_word' id='word_1_116' title='bbox 1383 2824 1443 2887; x_wconf 91' lang='grc'>177</span> 
     </span>
     <span class='ocr_line' id='line_1_19' title="bbox 441 2938 1446 3018; baseline 0.003 -17"><span class='ocrx_word' id='word_1_117' title='bbox 441 2938 563 3002; x_wconf 88' lang='lat' dir='ltr'>dicatur</span> <span class='ocrx_word' id='word_1_118' title='bbox 595 2938 710 3003; x_wconf 87' lang='lat' dir='ltr'>invidia</span> <span class='ocrx_word' id='word_1_119' title='bbox 745 2939 914 3004; x_wconf 82' lang='lat' dir='ltr'>obtrectare</span> <span class='ocrx_word' id='word_1_120' title='bbox 949 2940 1091 3006; x_wconf 90' lang='lat' dir='ltr'>laudibus</span> <span class='ocrx_word' id='word_1_121' title='bbox 1121 2941 1286 3018; x_wconf 88' lang='lat' dir='ltr'>bonorum,</span> <span class='ocrx_word' id='word_1_122' title='bbox 1319 2963 1446 3005; x_wconf 88' lang='lat' dir='ltr'>numero</span> 
     </span>
    </p>
   </div>
   <div class='ocr_carea' id='block_1_3' title="bbox 441 3035 1446 3144">
    <p class='ocr_par' dir='ltr' id='par_1_5' title="bbox 441 3035 1446 3144">
     <span class='ocr_line' id='line_1_20' title="bbox 441 3035 1446 3144; baseline 0 -23"><span class='ocrx_word' id='word_1_123' title='bbox 441 3057 564 3142; x_wconf 88' lang='lat' dir='ltr'>plurali.</span> <span class='ocrx_word' id='word_1_124' title='bbox 610 3035 719 3143; x_wconf 76' lang='lat' dir='ltr'>Neque</span> <span class='ocrx_word' id='word_1_125' title='bbox 749 3059 927 3144; x_wconf 86' lang='lat' dir='ltr'>hujusmodi</span> <span class='ocrx_word' id='word_1_126' title='bbox 957 3058 1126 3125; x_wconf 84' lang='lat' dir='ltr'>recordatio</span> <span class='ocrx_word' id='word_1_127' title='bbox 1159 3059 1330 3143; x_wconf 84' lang='lat' dir='ltr'>fragilitatis</span> <span class='ocrx_word' id='word_1_128' title='bbox 1364 3059 1446 3143; x_wconf 79' lang='lat' dir='ltr'>ejuS,</span> 
     </span>
    </p>
   </div>
   <div class='ocr_carea' id='block_1_4' title="bbox 439 3175 1448 4449">
    <p class='ocr_par' dir='ltr' id='par_1_6' title="bbox 439 3175 1448 4093">
     <span class='ocr_line' id='line_1_21' title="bbox 443 3175 1448 3263; baseline -0.002 -24"><span class='ocrx_word' id='word_1_129' title='bbox 443 3179 522 3262; x_wconf 85' lang='lat' dir='ltr'>quae</span> <span class='ocrx_word' id='word_1_130' title='bbox 546 3176 721 3240; x_wconf 84' lang='lat' dir='ltr'>felicitatem</span> <span class='ocrx_word' id='word_1_131' title='bbox 745 3187 775 3241; x_wconf 91' lang='lat' dir='ltr'>et</span> <span class='ocrx_word' id='word_1_132' title='bbox 798 3178 924 3261; x_wconf 86' lang='lat' dir='ltr'>gloriam</span> <span class='ocrx_word' id='word_1_133' title='bbox 949 3178 1129 3242; x_wconf 83' lang='lat' dir='ltr'>labefactare</span> <span class='ocrx_word' id='word_1_134' title='bbox 1153 3178 1264 3263; x_wconf 86' lang='lat' dir='ltr'>possit,</span> <span class='ocrx_word' id='word_1_135' title='bbox 1292 3175 1448 3239; x_wconf 90' lang='lat' dir='ltr'>aPindari</span> 
     </span>
     <span class='ocr_line' id='line_1_22' title="bbox 442 3294 1446 3381; baseline -0.001 -22"><span class='ocrx_word' id='word_1_136' title='bbox 442 3316 526 3359; x_wconf 90' lang='lat' dir='ltr'>more</span> <span class='ocrx_word' id='word_1_137' title='bbox 549 3294 646 3359; x_wconf 88' lang='lat' dir='ltr'>aliena</span> <span class='ocrx_word' id='word_1_138' title='bbox 670 3303 724 3359; x_wconf 89' lang='lat' dir='ltr'>est.</span> <span class='ocrx_word' id='word_1_139' title='bbox 771 3296 902 3373; x_wconf 80' lang='lat' dir='ltr'>Tamen,</span> <span class='ocrx_word' id='word_1_140' title='bbox 927 3319 1112 3381; x_wconf 89' lang='lat' dir='ltr'>quamquam</span> <span class='ocrx_word' id='word_1_141' title='bbox 1136 3297 1277 3360; x_wconf 89' lang='lat' dir='ltr'>universa</span> <span class='ocrx_word' id='word_1_142' title='bbox 1292 3295 1446 3372; x_wconf 88' lang='lat' dir='ltr'>dicantur,</span> 
     </span>
     <span class='ocr_line' id='line_1_23' title="bbox 441 3413 1447 3498; baseline -0.001 -22"><span class='ocrx_word' id='word_1_143' title='bbox 441 3422 473 3476; x_wconf 91' lang='lat' dir='ltr'>et</span> <span class='ocrx_word' id='word_1_144' title='bbox 496 3414 669 3477; x_wconf 89' lang='lat' dir='ltr'>nominetur</span> <span class='ocrx_word' id='word_1_145' title='bbox 691 3436 798 3490; x_wconf 90' lang='lat' dir='ltr'>nemo,</span> <span class='ocrx_word' id='word_1_146' title='bbox 823 3414 861 3477; x_wconf 92' lang='lat' dir='ltr'>ad</span> <span class='ocrx_word' id='word_1_147' title='bbox 884 3424 996 3481; x_wconf 88' lang='lat' dir='ltr'>certam</span> <span class='ocrx_word' id='word_1_148' title='bbox 1019 3414 1172 3498; x_wconf 86' lang='lat' dir='ltr'>quandam</span> <span class='ocrx_word' id='word_1_149' title='bbox 1187 3413 1352 3491; x_wconf 83' lang='lat' dir='ltr'>invidiam,</span> <span class='ocrx_word' id='word_1_150' title='bbox 1370 3434 1447 3497; x_wconf 88' lang='lat' dir='ltr'>quac</span> 
     </span>
     <span class='ocr_line' id='line_1_24' title="bbox 440 3531 1447 3618; baseline 0 -24"><span class='ocrx_word' id='word_1_151' title='bbox 440 3531 574 3596; x_wconf 81' lang='lat' dir='ltr'>&#39;Pheroni</span> <span class='ocrx_word' id='word_1_152' title='bbox 597 3532 768 3610; x_wconf 89' lang='lat' dir='ltr'>obstiterit,</span> <span class='ocrx_word' id='word_1_153' title='bbox 792 3533 899 3618; x_wconf 90' lang='lat' dir='ltr'>respici</span> <span class='ocrx_word' id='word_1_154' title='bbox 923 3534 1060 3598; x_wconf 88' lang='lat' dir='ltr'>videtur:</span> <span class='ocrx_word' id='word_1_155' title='bbox 1086 3533 1147 3597; x_wconf 86' lang='lat' dir='ltr'>sive</span> <span class='ocrx_word' id='word_1_156' title='bbox 1169 3531 1376 3617; x_wconf 87' lang='lat' dir='ltr'>quorundam,</span> <span class='ocrx_word' id='word_1_157' title='bbox 1394 3531 1447 3615; x_wconf 90' lang='lat' dir='ltr'>qui</span> 
     </span>
     <span class='ocr_line' id='line_1_25' title="bbox 441 3650 1448 3735; baseline 0.001 -23"><span class='ocrx_word' id='word_1_158' title='bbox 441 3672 511 3714; x_wconf 89' lang='lat' dir='ltr'>eum</span> <span class='ocrx_word' id='word_1_159' title='bbox 534 3650 661 3714; x_wconf 88' lang='lat' dir='ltr'>Hieroni</span> <span class='ocrx_word' id='word_1_160' title='bbox 684 3651 824 3715; x_wconf 84' lang='lat' dir='ltr'>odiosum</span> <span class='ocrx_word' id='word_1_161' title='bbox 848 3651 972 3716; x_wconf 87' lang='lat' dir='ltr'>reddere</span> <span class='ocrx_word' id='word_1_162' title='bbox 984 3651 1153 3715; x_wconf 89' lang='lat' dir='ltr'>voluerint:</span> <span class='ocrx_word' id='word_1_163' title='bbox 1181 3652 1260 3727; x_wconf 85' lang='lat' dir='ltr'>sive,</span> <span class='ocrx_word' id='word_1_164' title='bbox 1286 3650 1367 3735; x_wconf 92' lang='lat' dir='ltr'>quod</span> <span class='ocrx_word' id='word_1_165' title='bbox 1385 3650 1448 3714; x_wconf 83' lang='lat' dir='ltr'>reri</span> 
     </span>
     <span class='ocr_line' id='line_1_26' title="bbox 441 3768 1447 3856; baseline 0 -24"><span class='ocrx_word' id='word_1_166' title='bbox 441 3768 571 3840; x_wconf 87' lang='lat' dir='ltr'>similius</span> <span class='ocrx_word' id='word_1_167' title='bbox 607 3769 763 3847; x_wconf 79' lang='lat' dir='ltr'>existimo,</span> <span class='ocrx_word' id='word_1_168' title='bbox 801 3770 911 3856; x_wconf 81' lang='lat' dir='ltr'>Capyis</span> <span class='ocrx_word' id='word_1_169' title='bbox 937 3778 968 3835; x_wconf 91' lang='lat' dir='ltr'>et</span> <span class='ocrx_word' id='word_1_170' title='bbox 991 3770 1203 3856; x_wconf 89' lang='lat' dir='ltr'>Hippocratis,</span> <span class='ocrx_word' id='word_1_171' title='bbox 1240 3771 1293 3855; x_wconf 91' lang='lat' dir='ltr'>qui</span> <span class='ocrx_word' id='word_1_172' title='bbox 1321 3769 1447 3833; x_wconf 90' lang='lat' dir='ltr'>summis</span> 
     </span>
     <span class='ocr_line' id='line_1_27' title="bbox 439 3872 1448 3974; baseline 0 -23"><span class='ocrx_word' id='word_1_173' title='bbox 439 3886 479 3951; x_wconf 93' lang='lat' dir='ltr'>ab</span> <span class='ocrx_word' id='word_1_174' title='bbox 510 3910 545 3951; x_wconf 88' lang='lat' dir='ltr'>eo</span> <span class='ocrx_word' id='word_1_175' title='bbox 576 3888 728 3952; x_wconf 90' lang='lat' dir='ltr'>beneficiis</span> <span class='ocrx_word' id='word_1_176' title='bbox 756 3879 868 3953; x_wconf 73' lang='lat' dir='ltr'>ornati⁴</span> <span class='ocrx_word' id='word_1_177' title='bbox 881 3890 1019 3956; x_wconf 78' lang='lat' dir='ltr'>fuissent.</span> <span class='ocrx_word' id='word_1_178' title='bbox 1050 3872 1113 3953; x_wconf 35' lang='lat' dir='ltr'>&#39;De</span> <span class='ocrx_word' id='word_1_179' title='bbox 1137 3889 1247 3974; x_wconf 90' lang='lat' dir='ltr'>quibus</span> <span class='ocrx_word' id='word_1_180' title='bbox 1272 3887 1380 3965; x_wconf 88' lang='lat' dir='ltr'>rebus,</span> <span class='ocrx_word' id='word_1_181' title='bbox 1403 3888 1448 3952; x_wconf 90' lang='lat' dir='ltr'>ita</span> 
     </span>
     <span class='ocr_line' id='line_1_28' title="bbox 440 4007 979 4093; baseline 0.002 -23"><span class='ocrx_word' id='word_1_182' title='bbox 440 4014 477 4070; x_wconf 91' lang='lat' dir='ltr'>ut</span> <span class='ocrx_word' id='word_1_183' title='bbox 499 4007 604 4091; x_wconf 90' lang='lat' dir='ltr'>potui,</span> <span class='ocrx_word' id='word_1_184' title='bbox 628 4008 660 4071; x_wconf 89' lang='lat' dir='ltr'>in</span> <span class='ocrx_word' id='word_1_185' title='bbox 686 4009 814 4072; x_wconf 87' lang='lat' dir='ltr'>introitu</span> <span class='ocrx_word' id='word_1_186' title='bbox 838 4009 979 4093; x_wconf 72' lang='lat' dir='ltr'>explicui,</span> 
     </span>
    </p>

    <p class='ocr_par' dir='ltr' id='par_1_7' title="bbox 439 4124 1445 4449">
     <span class='ocr_line' id='line_1_29' title="bbox 487 4124 1445 4205; baseline 0.002 -18"><span class='ocrx_word' id='word_1_187' title='bbox 487 4127 560 4190; x_wconf 87' lang='grc'><strong>176.</strong></span> <span class='ocrx_word' id='word_1_188' title='bbox 595 4126 628 4190; x_wconf 83' lang='grc' dir='ltr'>τὸ</span> <span class='ocrx_word' id='word_1_189' title='bbox 649 4135 825 4205; x_wconf 75' lang='grc' dir='ltr'><em>λαλαγῆσαι</em></span> <span class='ocrx_word' id='word_1_190' title='bbox 848 4127 944 4193; x_wconf 77' lang='grc' dir='ltr'><em>θέλων.</em></span> <span class='ocrx_word' id='word_1_191' title='bbox 979 4126 1068 4192; x_wconf 90' lang='lat' dir='ltr'>Hanc</span> <span class='ocrx_word' id='word_1_192' title='bbox 1092 4128 1346 4191; x_wconf 87' lang='lat' dir='ltr'>constructionem</span> <span class='ocrx_word' id='word_1_193' title='bbox 1368 4124 1445 4189; x_wconf 88' lang='lat' dir='ltr'>Her·</span> 
     </span>
     <span class='ocr_line' id='line_1_30' title="bbox 439 4238 1443 4330; baseline 0.002 -23"><span class='ocrx_word' id='word_1_194' title='bbox 439 4267 551 4308; x_wconf 90' lang='lat' dir='ltr'>manno</span> <span class='ocrx_word' id='word_1_195' title='bbox 575 4244 722 4309; x_wconf 87' lang='lat' dir='ltr'>Graecam</span> <span class='ocrx_word' id='word_1_196' title='bbox 746 4269 809 4309; x_wconf 76' lang='lat' dir='ltr'>esse</span> <span class='ocrx_word' id='word_1_197' title='bbox 833 4247 957 4330; x_wconf 86' lang='lat' dir='ltr'>neganti</span> <span class='ocrx_word' id='word_1_198' title='bbox 978 4245 1158 4310; x_wconf 88' lang='lat' dir='ltr'>Karstenius</span> <span class='ocrx_word' id='word_1_199' title='bbox 1178 4247 1350 4309; x_wconf 88' lang='lat' dir='ltr'>assentitur.</span> <span class='ocrx_word' id='word_1_200' title='bbox 1374 4238 1443 4309; x_wconf 59' lang='lat' dir='ltr'>&#39;Ve-</span> 
     </span>
     <span class='ocr_line' id='line_1_31' title="bbox 440 4364 1345 4449; baseline -0.001 -23"><span class='ocrx_word' id='word_1_201' title='bbox 440 4370 612 4427; x_wconf 90' lang='lat' dir='ltr'>rumtamen</span> <span class='ocrx_word' id='word_1_202' title='bbox 636 4364 770 4449; x_wconf 87' lang='lat' dir='ltr'>ejusdem</span> <span class='ocrx_word' id='word_1_203' title='bbox 794 4365 931 4449; x_wconf 87' lang='lat' dir='ltr'>exempla</span> <span class='ocrx_word' id='word_1_204' title='bbox 954 4373 1042 4442; x_wconf 89' lang='lat' dir='ltr'>sunt,</span> <span class='ocrx_word' id='word_1_205' title='bbox 1066 4364 1159 4449; x_wconf 83' lang='lat' dir='ltr'>Sopb.</span> <span class='ocrx_word' id='word_1_206' title='bbox 1185 4366 1256 4427; x_wconf 83' lang='lat' dir='ltr'>Ant.</span> <span class='ocrx_word' id='word_1_207' title='bbox 1282 4366 1345 4427; x_wconf 79' lang='lat' dir='ltr'>ala</span> 
     </span>
    </p>
   </div>
   <div class='ocr_carea' id='block_1_5' title="bbox 608 4482 1279 4565">
    <p class='ocr_par' dir='ltr' id='par_1_8' title="bbox 608 4482 1279 4565">
     <span class='ocr_line' id='line_1_32' title="bbox 608 4482 1279 4565; baseline 0 -18"><span class='ocrx_word' id='word_1_208' title='bbox 608 4486 657 4548; x_wconf 81' lang='grc' dir='ltr'>οὐκ</span> <span class='ocrx_word' id='word_1_209' title='bbox 676 4482 708 4560; x_wconf 79' lang='grc' dir='ltr'>ἐξ</span> <span class='ocrx_word' id='word_1_210' title='bbox 729 4482 860 4555; x_wconf 74' lang='grc' dir='ltr'><em>ἅπαντας</em></span> <span class='ocrx_word' id='word_1_211' title='bbox 883 4484 979 4549; x_wconf 80' lang='grc' dir='ltr'><em>δεῖτὸ</em></span> <span class='ocrx_word' id='word_1_212' title='bbox 1001 4484 1151 4565; x_wconf 78' lang='grc' dir='ltr'><em>κερδαίνειν</em></span> <span class='ocrx_word' id='word_1_213' title='bbox 1173 4490 1279 4565; x_wconf 74' lang='grc' dir='ltr'><em>φιλεῖν.</em></span> 
     </span>
    </p>
   </div>
   <div class='ocr_carea' id='block_1_6' title="bbox 0 0 1892 5534">
    <p class='ocr_par' dir='ltr' id='par_1_9' title="bbox 0 0 1892 5534">
     <span class='ocr_line' id='line_1_33' title="bbox 0 0 1892 5534; baseline 0 0"><span class='ocrx_word' id='word_1_214' title='bbox 0 0 1892 5534; x_wconf 95' lang='lat' dir='ltr'> </span> 
     </span>
    </p>
   </div>
  </div>
 </body>
</html>
