3767 5534
846 665 907 724 225

379 876 419 933 est
446 868 510 933 fato
541 868 666 946 datum,
698 866 819 932 divitias
852 875 882 930 et
905 865 999 930 decus
1023 866 1150 930 afferens
1173 865 1210 929 ad
1235 866 1384 951 genuinas
1419 870 1460 932 20

378 988 511 1052 virtutes.
558 985 672 1051 Verum
704 1008 723 1049 o
754 984 895 1049 Saturnio
921 983 965 1048 fili
989 982 1108 1062 Rheae,
1133 983 1234 1049 sedem
1258 983 1382 1069 Olympi

377 1106 512 1171 habitans
520 1155 530 1185 ,
544 1106 807 1191 certaminumque
819 1104 941 1169 culmen
954 1103 1128 1189 flumenque
1143 1103 1271 1189 Alphei,
1285 1104 1383 1168 oblec-

376 1232 453 1292 tatus
484 1225 670 1292 carminibus
702 1224 868 1290 benevolus
899 1246 1007 1310 agrum
1038 1223 1173 1310 patrium
1203 1224 1265 1288 illis
1297 1233 1384 1289 tuere

375 1344 460 1410 etiam
491 1352 615 1431 postero
637 1345 751 1430 generi.
799 1344 912 1409 Rerum
936 1343 1085 1408 factarum
1110 1343 1157 1408 vel
1176 1344 1246 1429 jure
1269 1343 1316 1408 vel
1339 1344 1384 1409 in·
1419 1347 1460 1408 30

370 1464 447 1548 juria
477 1488 516 1530 ne
546 1471 669 1551 tempus
700 1464 824 1550 quidem
852 1464 989 1528 omnium
1015 1485 1124 1549 parens
1147 1462 1295 1528 infectum
1318 1462 1384 1528 red-

373 1582 438 1649 dere
461 1584 559 1669 possit
582 1591 741 1649 eventum:
766 1605 871 1647 verum
895 1582 1010 1647 oblivio
1032 1604 1101 1646 cum
1126 1581 1208 1646 felici
1232 1582 1295 1646 fato
1318 1583 1382 1647 fieri

372 1710 479 1788 potest.
529 1702 610 1769 Nam
634 1704 723 1769 bonis
746 1703 903 1789 agaudiis
926 1703 1041 1768 malum
1066 1703 1213 1767 infestum
1232 1701 1382 1767 domitum

372 1824 512 1901 moritur,
538 1823 590 1889 ubi
613 1824 671 1888 Dei
695 1823 791 1888 Parca
813 1823 943 1888 sublime
966 1822 1068 1887 evehit
1084 1822 1176 1887 altam
1194 1822 1380 1887 felicitatem.

371 1940 521 2007 Convenit
551 1964 648 2007 sermo
671 1943 763 2028 regiis
786 1941 894 2006 Cadmi
918 1942 1057 2020 filiabus,
1083 1964 1161 2027 quae
1185 1964 1295 2026 magno
1318 1964 1383 2026 pas·
1419 1943 1460 2003 lu

371 2083 418 2125 sae
441 2073 523 2125 sunt.
572 2060 632 2125 Sed
657 2062 759 2125 luctus
783 2062 884 2147 gravis
907 2059 991 2124 cadit
1014 2059 1180 2145 majoribus
1198 2084 1267 2146 prae
1284 2060 1382 2125 bonir.

371 2178 453 2244 Vivit
485 2181 517 2244 in
549 2178 701 2266 Olympiis
732 2188 853 2245 mortua
886 2180 1009 2244 fremitu
1034 2179 1171 2243 fulminis
1194 2186 1313 2244 comata
1335 2179 1384 2243 Se·

371 2300 465 2378 mela,
492 2307 523 2363 et
546 2308 628 2364 amat
651 2323 716 2365 eam
741 2300 842 2364 Pallas
866 2322 994 2386 semper,
1016 2308 1047 2363 et
1062 2299 1185 2384 Jupiter
1200 2307 1287 2385 pater
1303 2322 1384 2383 mag·

370 2441 499 2505 nopere,
525 2429 667 2504 amatque
691 2420 772 2484 filius
795 2420 963 2504 hederiger.
1000 2419 1117 2482 Dicunt
1136 2419 1226 2483 etiam
1251 2419 1283 2483 in
1307 2420 1382 2483 mari
1420 2421 1460 2482 50

371 2561 439 2604 cum
464 2538 587 2603 filiabus
611 2538 704 2604 Nerei
727 2539 853 2603 marinis
877 2539 971 2603 vitam
995 2538 1198 2602 immortalem
1220 2537 1292 2603 Inoi
1315 2561 1385 2602 con·

370 2659 510 2723 stitutam
546 2680 611 2723 esse
646 2682 699 2743 per
730 2681 821 2723 omne
854 2665 986 2743 tempus.
1032 2657 1173 2721 Profecto
1209 2658 1385 2722 mortalium

370 2802 430 2844 non
455 2786 628 2863 compertus
652 2788 697 2842 est
725 2779 873 2843 terminus
901 2778 1026 2854 mortis,
1051 2777 1176 2861 quando
1192 2778 1217 2848 ¹)
1241 2801 1279 2842 ne
1303 2779 1387 2862 quie-

370 2906 437 2963 tum
461 2897 542 2963 diem
567 2898 710 2983 quidem,
734 2899 835 2963 filium
858 2898 949 2976 solis,
978 2919 1046 2961 cum
1072 2897 1193 2982 integro
1217 2896 1297 2961 bono
1321 2898 1386 2961 fini·
1421 2901 1462 2962 60

372 3019 434 3084 turi
465 3041 589 3083 sumus:
621 3020 735 3084 fluctus
763 3019 836 3083 alias
861 3019 913 3083 olii
937 3040 1006 3082 cum
1030 3017 1151 3103 gaudiis
1176 3025 1206 3082 et
1228 3018 1385 3084 laboribus

370 3137 408 3202 ad
431 3138 571 3204 homines
594 3140 732 3203 veniunt.
780 3138 829 3203 Sic
853 3138 965 3216 Parca,
991 3160 1069 3223 quae
1092 3146 1254 3223 paternum
1275 3138 1385 3204 horum

370 3256 462 3323 habet
485 3259 601 3324 laetum
625 3259 722 3324 fatum
746 3280 816 3323 cum
841 3259 914 3322 data
936 3257 1086 3321 divinitus
1101 3256 1238 3336 fortuna,
1257 3258 1384 3322 adducit

371 3379 461 3443 etiam
492 3378 618 3464 aliquod
647 3379 763 3443 malum
786 3378 975 3443 contrarium
999 3378 1059 3442 alio
1083 3384 1235 3463 tempore:
1261 3402 1297 3443 ex
1322 3403 1383 3465 quo
1421 3381 1460 3444 70

370 3498 523 3563 interfecit
553 3498 664 3584 Lajum
694 3498 796 3563 fatalis
826 3498 909 3562 filins
940 3497 1061 3562 obviam
1085 3496 1202 3576 factus,
1226 3508 1258 3563 et
1281 3521 1383 3564 oracu-

369 3618 434 3683 lum
457 3618 532 3682 olim
551 3617 692 3703 Pythone
708 3617 814 3682 datum
831 3617 974 3702 explevit.
1011 3614 1129 3680 Videas
1145 3624 1234 3681 acuta
1250 3617 1381 3704 Erinnys

369 3727 522 3801 interfecit
538 3738 602 3822 ejus
615 3729 687 3802 ¹cum
706 3736 797 3802 caede
812 3743 922 3802 mutua
938 3736 1077 3800 martiam
1094 3736 1220 3821 prolem.
1246 3736 1380 3802 Relictus

369 3865 414 3920 est
444 3855 583 3941 Polynici
612 3866 764 3942 prostrato
788 3858 996 3937 Thersander,
1021 3860 1053 3923 in
1074 3860 1264 3945 juvenilibus
1287 3869 1381 3926 certa·

367 3977 504 4042 minibus
536 3978 630 4062 inque
661 3978 785 4063 proeliis
819 3978 893 4044 belli
928 3979 1115 4058 honoratus,
1147 3981 1380 4046 Adrastidarum
1417 3982 1457 4041 80

374 4160 558 4169 ----.-

403 4282 426 4342 l)
443 4280 546 4347 Quando
568 4280 680 4330 consulto
704 4281 787 4345 posui,
807 4296 890 4330 verum
908 4280 1085 4346 significatione
1103 4284 1206 4345 causali,
1224 4301 1271 4349 que
1288 4286 1382 4351 saepius

367 4378 461 4441 quidem
486 4377 679 4441 qnandoquidem
704 4377 831 4437 scribitur,
856 4382 881 4427 et
903 4381 984 4427 tamen
1007 4378 1079 4428 etiarn
1103 4380 1206 4443 quaudo.
1241 4382 1309 4442 Feci,
1335 4400 1382 4447 quo

367 4472 506 4537 diligentius
524 4473 641 4522 Graecum
660 4477 729 4526 enas
746 4474 911 4538 exprimerem.

1220 4586 1256 4641 15
