3767 5534
917 717 959 778 38

431 944 492 984 non
521 921 572 1004 jus
597 930 643 983 est
666 927 787 1004 optare,
813 918 1026 981 acerbissimus
1050 925 1152 980 manet
1175 915 1275 979 finis.”
1289 914 1313 998 ¹)
1359 915 1451 995 Quae

429 1040 554 1123 quidem
578 1038 843 1103 considerantibus
864 1037 947 1101 band
969 1060 1041 1100 sane
1060 1035 1177 1099 invidia
1197 1034 1345 1118 quaedam
1370 1034 1453 1098 Deo-

430 1180 498 1221 rum
531 1158 574 1220 ita
606 1156 779 1221 aPindaro
811 1158 927 1221 narrari
959 1155 1099 1231 videtur,
1124 1160 1160 1218 ut
1184 1175 1255 1217 eum
1286 1151 1451 1217 dedeceat:

430 1276 483 1340 sed
514 1283 620 1340 contra
653 1276 727 1340 baec
759 1277 824 1360 ejus
856 1275 1009 1339 sententia
1040 1296 1076 1338 ex
1104 1272 1210 1337 eodem
1232 1272 1317 1337 fonte
1340 1272 1452 1349 fluxit,

430 1418 467 1459 ex
498 1399 560 1478 quo
591 1418 680 1459 omne
712 1396 777 1479 ejus
811 1395 849 1458 de
881 1394 950 1457 Diis
981 1393 1107 1458 meliora
1133 1391 1260 1456 dicendi
1292 1390 1451 1467 studium,

431 1537 527 1597 quum
559 1514 680 1598 culpam
711 1513 868 1577 vitandam
904 1536 969 1576 esse
999 1518 1138 1596 putaret,
1170 1534 1232 1575 non
1256 1518 1377 1574 tantum
1401 1509 1452 1594 pie

429 1633 468 1697 de
496 1632 564 1696 Diis
587 1632 785 1715 modesteque
808 1630 983 1709 narrando,
1014 1630 1066 1694 sed
1091 1629 1128 1693 ab
1152 1629 1260 1693 iisdem
1284 1629 1335 1715 pie
1357 1629 1452 1694 etiam

430 1742 462 1813 et
491 1772 563 1813 cum
586 1748 703 1834 pudore
728 1749 881 1834 precando
906 1757 998 1831 atque
1024 1746 1176 1833 optando,
1206 1746 1330 1811 omuino
1353 1768 1453 1811 recor·-

432 1868 551 1945 dando,
577 1890 668 1951 quam
692 1869 787 1931 simus
811 1867 879 1929 Diis
903 1867 1072 1931 inferiores.
1116 1864 1218 1946 Quam
1242 1865 1367 1950 quidem
1389 1865 1454 1950 pie·

433 1995 527 2051 tatem
558 1987 656 2072 ipsam
688 1987 835 2072 optimam
867 1988 946 2051 viam
979 1985 1136 2050 felicitatis
1159 1985 1316 2069 divinique
1339 1984 1452 2048 favoris

433 2106 563 2190 putavit.
610 2105 755 2190 „Jupiter
764 2106 795 2183 ‚”
822 2106 942 2189 inquit,
966 2128 1117 2190 „magnae
1140 2104 1247 2169 laudes
1271 2103 1453 2168 mortalibus

339 2220 341 2223 ’
433 2230 524 2288 exte
548 2224 750 2309 contingunt:
784 2226 860 2311 vivit
885 2246 954 2288 vero
978 2226 1075 2309 major
1096 2224 1220 2288 fortuna
1243 2221 1452 2288 metuentibus

434 2345 533 2422 Deos,
566 2344 619 2408 sed
653 2344 807 2409 aberranti
839 2346 940 2408 animo
972 2368 1033 2408 non
1066 2344 1178 2429 pariter
1209 2344 1453 2427 omnitempore

434 2464 545 2527 florens
570 2463 687 2527 adest.’'
700 2464 724 2547 2)

481 2581 596 2646 Verum
621 2582 811 2668 pergendum
835 2592 890 2645 est.
923 2580 995 2645 Non
1013 2584 1093 2647 enim
1110 2582 1203 2666 hujus
1218 2588 1340 2645 tantum
1356 2582 1452 2659 vitae,

436 2702 621 2785 mortisque,
654 2723 732 2785 quac
763 2709 866 2766 manet
897 2724 970 2779 uos,
1002 2702 1197 2766 moderamen
1228 2700 1364 2765 Deorum
1387 2709 1452 2779 est,

435 2820 489 2884 sed
521 2820 765 2905 cognoscendum
797 2828 844 2885 est
875 2821 966 2886 etiam
998 2820 1093 2898 illud,
1127 2820 1209 2904 quod
1237 2819 1376 2883 futurum
1406 2827 1454 2884 est

435 2948 550 3025 postea.
597 2938 754 3017 ‚,D0rum,
787 2940 840 3023 qui
872 2940 922 3003 hic
947 2947 1019 3004 sunt
1042 2941 1173 3017 mortui,
1199 2938 1314 3003 debiles
1336 2945 1454 3003 mentes

436 3058 584 3122 continuo
609 3080 722 3141 poenas
747 3058 839 3135 dant,
865 3067 896 3122 et
919 3081 997 3143 quae
1020 3059 1052 3123 iu
1077 3060 1135 3124 hoc
1156 3058 1242 3122 Jovis
1265 3080 1359 3145 regno
1374 3080 1454 3122 eom·

436 3177 529 3241 missa
552 3184 626 3240 sunt
641 3176 805 3253 maleficia,
830 3178 888 3242 sub
905 3186 986 3242 terra
998 3179 1116 3264 judicio
1133 3178 1244 3261 aliquis
1260 3180 1454 3263 persequitur

437 3296 548 3360 infesta
582 3317 686 3359 vocem
722 3296 814 3360 edens
850 3297 1040 3361 necessitate.
1087 3295 1240 3362 Noctibus
1276 3297 1388 3382 pariter
1419 3319 1454 3361 ac

438 3413 546 3478 diebus
578 3414 672 3478 solem
703 3414 809 3479 vident
840 3416 913 3479 boni
945 3415 1010 3479 sine
1038 3416 1141 3480 labore
1171 3416 1263 3480 vitam
1288 3415 1453 3494 babentes,

437 3555 493 3597 nec
517 3543 628 3597 terram
652 3541 810 3597 moventes
834 3533 976 3598 manibus
1004 3557 1060 3598 nec
1083 3534 1174 3598 maris
1198 3556 1308 3619 aquam
1332 3541 1456 3619 propter

437 3653 552 3717 victum
570 3661 708 3716 tenuem:
733 3652 785 3716 sed
803 3654 856 3736 qui
869 3653 1071 3738 jurisjurandi
1087 3653 1178 3717 fidem
1194 3661 1350 3730 amarunt,
1372 3652 1455 3737 apud

438 3774 603 3837 honoratos
634 3770 770 3835 Deorum
801 3772 866 3835 aine
897 3772 1039 3856 lacrymis
1073 3795 1181 3837 aevum
1212 3772 1337 3836 vivunt:
1368 3771 1458 3836 alteri

473 4063 496 4123 1)
515 4061 575 4110 Isth.
598 4061 656 4109 VII.
674 4062 719 4118 55,
737 4076 797 4124 seqq.
823 4060 930 4109 Omnino
948 4062 982 4109 ita
1001 4064 1068 4110 verto
1088 4063 1114 4109 ut
1131 4076 1229 4125 possum
1245 4063 1270 4109 et
1283 4063 1310 4109 ut
1321 4058 1456 4124 intelligar:

440 4159 481 4207 sed
502 4158 623 4207 interdum
645 4173 683 4204 me
700 4172 766 4205 meac
784 4172 870 4221 operae
888 4157 963 4221 piget.
990 4157 1066 4205 Velut
1084 4157 1141 4207 haec
1158 4157 1208 4221 ipsa
1228 4156 1347 4206 sententia
1367 4157 1459 4206 Graece

443 4258 511 4304 tanto
529 4253 624 4313 brevior
642 4257 678 4302 eat
695 4255 786 4315 quanto
803 4252 913 4315 gravior:

845 4354 874 4400 τὸ
890 4345 914 4399 δὲ
931 4355 981 4419 πὰρ
998 4350 1060 4401 diaco

742 4445 809 4507 γλυκὺ
824 4450 955 4514 πικροτάτα
972 4451 1034 4509 μένει
1049 4446 1152 4495 πλωτά.

479 4542 504 4601 2)
522 4540 582 4588 Ian.
600 4539 655 4588 III.
673 4538 696 4587 ὓ.
