3767 5534
985 727 1048 786 eea
1125 810 1128 814 Ι

508 925 684 1011 bellumque
705 924 849 989 adversus
868 924 1203 1004 Theronemmovisse,
1222 925 1274 990 sed
1291 927 1406 991 frustra
1421 928 1526 992 conati

507 1066 571 1108 esse
595 1045 660 1129 ejus
684 1052 818 1109 evertere
843 1046 1015 1130 imperium.

551 1163 662 1228 Postea
692 1163 836 1229 Himerae
862 1164 997 1249 praefuit
1019 1165 1169 1229 Theronis
1193 1165 1274 1229 filius
1298 1165 1523 1251 Thrasydaeus.

506 1280 646 1347 Fortasse
669 1282 742 1347 huic
766 1283 844 1348 illud
868 1284 1031 1369 imperium
1054 1284 1154 1348 Thero
1179 1284 1264 1349 dedit
1285 1286 1434 1349 continuo
1454 1295 1525 1371 post

504 1402 665 1486 expulsum
693 1402 851 1466 Terillum.
899 1402 999 1487 quue
1029 1404 1120 1466 etiam
1146 1403 1308 1467 verisimile
1333 1411 1420 1487 puto.
1464 1403 1525 1467 Pro

504 1527 586 1583 certo
609 1519 641 1584 id
665 1521 757 1585 habet
781 1520 900 1584 Brunet
923 1520 961 1584 de
985 1520 1103 1599 Presle,
1125 1522 1234 1606 ignoro
1254 1543 1315 1605 quo
1332 1522 1523 1587 testimonio.

548 1638 656 1725 Ipsum
689 1642 894 1725 Agrigentum
924 1646 995 1726 post
1023 1639 1174 1725 proelium
1199 1640 1379 1705 Himerense
1402 1641 1524 1726 egregie

503 1770 534 1822 et
565 1758 687 1844 templis
718 1765 749 1822 et
780 1760 950 1823 cloacarum
983 1758 1127 1844 operibus
1156 1770 1279 1823 auctum
1306 1768 1369 1837 est,
1393 1761 1521 1844 ingente

502 1879 692 1963 captivorum
715 1900 844 1942 numero
868 1877 906 1941 ad
931 1877 1128 1942 ea‘facienda
1152 1877 1300 1942 adhibito.

547 1998 642 2062 Hiero
673 2004 795 2076 autem,
828 2004 954 2083 accepto
986 2004 1057 2083 post
1088 1998 1216 2062 Gelonis
1240 2004 1370 2063 mortem
1394 1997 1525 2084 Syracu·

500 2141 603 2182 sarum
626 2118 770 2203 imperio,
792 2140 887 2203 quum
907 2118 1032 2181 fratrem
1053 2117 1231 2202 Polyzelum
1247 2118 1407 2182 florentem
1423 2119 1523 2204 gratia

500 2238 635 2315 videret,
652 2237 776 2301 'invidia
799 2259 834 2300 ac
856 2238 966 2301 timore
990 2236 1102 2301 ductus
1126 2237 1216 2301 illum
1237 2237 1275 2301 de
1295 2237 1396 2302 medio
1412 2237 1522 2302 tollere

500 2356 632 2421 studuit.
680 2355 752 2436 Quo
784 2357 913 2420 consilio
945 2379 1015 2420 eum
1047 2355 1196 2441 Sybaritis
1223 2356 1307 2420 misit
1331 2357 1447 2421 auxilio
1470 2356 1522 2421 ad·

500 2498 604 2540 versus
629 2475 832 2540 Crotoniatas
881 2477 923 2540 At
946 2476 1020 2554 ille,
1045 2476 1152 2540 dolum
1175 2476 1370 2561 intelligens,
1393 2498 1456 2540 non
1482 2475 1521 2539 ad

499 2593 614 2680 bellum
645 2594 800 2679 profectus
833 2603 896 2672 est,
929 2616 1036 2659 verum
1059 2595 1141 2679 fugit
1164 2594 1203 2658 ad
1226 2595 1409 2659 Theronem.
1459 2594 1521 2659 Cui

499 2736 596 2799 quum
619 2714 715 2778 Hiero
739 2714 855 2779 bellum
878 2715 989 2786 inferre
1013 2724 1148 2800 pararet,
1174 2714 1299 2791 accidit,
1325 2722 1362 2777 ut
1384 2714 1424 2777 ad
1447 2735 1519 2777 eum

498 2833 638 2897 venirent
669 2832 898 2898 Himerensium
928 2834 1040 2918 legati,
1073 2832 1301 2918 Thrasydaeum
1332 2855 1396 2896 non
1423 2832 1521 2897 feren·

497 2950 595 3030 tium,
629 2958 659 3015 et
689 2952 727 3016 ab
760 2952 895 3017 Hierone
924 2952 1075 3016 auxilium
1100 2952 1280 3039 petentium.
1328 2950 1444 3015 Verum
1468 2950 1520 3014 hic

499 3092 569 3134 cum
599 3069 739 3135 Therone
774 3093 879 3156 pacem
905 3072 1004 3135 faeere
1028 3070 1139 3135 maluit
1162 3078 1193 3135 et
1217 3071 1245 3134 ei
1269 3070 1390 3156 aperuit
1413 3068 1520 3135 Hime-

498 3190 634 3254 rensium
658 3190 795 3255 consilia.
833 3189 904 3270 Quo
927 3191 1009 3254 facto
1032 3190 1133 3254 Thero
1157 3212 1227 3254 cum
1253 3188 1389 3253 Hierone
1407 3189 1519 3274 etipse

498 3308 531 3371 in
555 3309 685 3392 gratiam
709 3308 818 3388 rediit,
844 3318 874 3373 et
897 3310 978 3374 inter
1002 3331 1071 3373 eum
1097 3317 1127 3372 et
1150 3308 1327 3393 Polyaelum
1352 3307 1516 3372 amicitiam

498 3427 683 3492 conciliavit.
730 3428 824 3493 Facta
853 3438 926 3493 sunt
958 3429 1032 3494 haec
1056 3427 1106 3492 Ol.
1132 3427 1271 3492 LXXVI
1294 3448 1375 3491 anno
1400 3426 1518 3511 primo,

497 3546 668 3611 secundum
697 3548 869 3612 Diodorum
891 3547 1049 3627 Siculum,
1073 3548 1111 3613 L.
1136 3547 1184 3612 XI
1208 3549 1261 3611 48.
1309 3545 1462 3631 Didymus
1485 3546 1518 3609 in

497 3665 613 3729 scholio
636 3673 735 3731 vetere
759 3667 797 3730 ad
822 3691 855 3732 vs
880 3671 920 3731 29
947 3668 1052 3733 eedem
1075 3668 1136 3731 fere
1160 3688 1348 3744 memorans,
1372 3664 1518 3729 Demara-

495 3790 575 3863 tum,
607 3785 701 3850 filiam
733 3785 902 3866 Theronis,
930 3787 1044 3851 Geloni
1067 3794 1197 3871 nuptam
1221 3785 1316 3850 fuisse
1338 3790 1461 3863 narrat,
1486 3793 1518 3848 et

495 3909 566 3987 post
605 3911 733 3968 mortem
774 3905 861 3970 illiue
895 3904 1051 3991 Polyzelo.
1107 3904 1146 3968 In
1182 3901 1374 3968 concilianda
1411 3908 1516 3967 autem

495 4019 645 4086 Theronis
681 4032 711 4087 et
748 4023 893 4089 Hieronis
928 4024 1027 4109 gratia
1060 4024 1173 4088 famam
1205 4022 1299 4087 luisse
1330 4041 1439 4106 operae
1470 4019 1516 4084 Si-

494 4140 638 4206 monidis.

538 4258 695 4346 Scriptum
727 4284 792 4326 esse
822 4263 881 4327 hoc
912 4286 1035 4329 carmen
1066 4286 1083 4327 a
1114 4262 1249 4327 Pindaro
1276 4273 1340 4325 nou
1363 4259 1515 4325 continuo

493 4385 564 4464 post
590 4378 749 4445 victoriam
772 4380 826 4445 sed
850 4381 955 4467 aliquo
978 4382 1139 4447 intervallo
1165 4379 1364 4465 interposito,
1389 4378 1516 4445 demon·

494 4498 658 4564 strubimus
689 4499 721 4563 in
754 4502 946 4567 enarratione
976 4502 1118 4566 carminis
1142 4497 1279 4585 Olympii
1303 4497 1405 4562 tertii:
1430 4496 1513 4581 quod
