3767 5534
759 1720 1094 1777 OATMIIIA.

841 1939 952 1977 ninoz
977 1929 1018 1978 m'.

531 2122 867 2196 Aznnlxnz
906 2093 1335 2199 OPXOMENIrn

783 2358 893 2410 ΠΑΙΔΙ
911 2359 1080 2412 ΣΤΑΔΙΕΙ.

851 2633 1024 2657 —nmaecwwn—

807 2877 843 2933 Σ.
867 2868 907 2932 οο’.
954 2877 989 2932 Κ.
1014 2868 1059 2942 ιη’.

698 2985 850 3066 Καφισίων
873 2983 984 3050 listron
1006 2992 1151 3066 λοοχοῖσοοι

466 3161 496 3210 ln
526 3161 681 3228 inscriptione
710 3164 783 3213 habet
812 3164 880 3216 Urat.
909 3165 931 3213 B
957 3167 1045 3219 οταδιεῑ
1068 3167 1133 3217 παιδὶ
1158 3166 1288 3232 Κλεοδάμου
1312 3175 1389 3224 νικήο.
1415 3146 1446 3230 οξ

431 3260 568 3323 ὀλυμπιάδα.
593 3260 686 3309 Similia
703 3260 779 3310 Aldus
795 3265 820 3310 et
836 3262 883 3311 Mn.
900 3261 980 3312 Bodl..
997 3262 1048 3312 Pal.
1066 3262 1086 3311 (l
1104 3268 1183 3311 cetera
1200 3262 1263 3311 haud
1280 3262 1443 3322 dissimiliter,

430 3356 471 3404 sed
494 3355 541 3417 ος’.
576 3355 685 3405 Eundem
706 3372 833 3405 numerum
856 3357 973 3421 scriptum
990 3372 1040 3406 csse
1058 3356 1116 3406 dicit
1133 3356 1270 3407 Boeclrhius
1287 3357 1313 3407 in
1331 3358 1397 3407 Gott.
1416 3360 1443 3407 st

432 3452 487 3499 Par.
505 3453 534 3499 A.
560 3451 755 3516 inscriptionem,
774 3456 802 3501 ut
818 3452 976 3503 Schneidsrns
993 3454 1110 3512 affirmat,
1129 3451 1222 3503 omittit
1234 3452 1303 3504 Urat.
1316 3454 1351 3513 A,
1364 3453 1444 3503 sedin

432 3547 479 3595 fine
495 3547 607 3596 carminis
623 3547 695 3596 habet
711 3550 779 3610 ὕμνου
795 3551 858 3606 silos
874 3552 975 3600 ἀοωπὶου
993 3553 1138 3618 ὸρχομιολοοι
1156 3548 1246 3613 alioqui
1262 3552 1343 3599 tamen
1360 3550 1444 3599 necin

432 3642 505 3692 titulo
521 3658 565 3691 nec
582 3658 617 3692 vs.
634 3642 665 3691 25
682 3642 797 3702 aliaest,
815 3648 930 3707 quantam
948 3644 1011 3703 scio,
1029 3645 1054 3692 in
1072 3644 1169 3694 nomine
1185 3644 1318 3709 scripturas
1335 3644 1445 3695 variatas.

463 3737 603 3787 Editoribas
623 3738 796 3787 recentioribus
818 3739 848 3788 ad
865 3739 1000 3788 nniversam
1019 3743 1150 3789 metrorum
1166 3739 1266 3789 Pindari
1284 3739 1444 3789 mutationem

431 3832 458 3881 in
481 3833 526 3882 hoc
548 3832 644 3896 quidem
666 3832 771 3883 carmine
794 3849 880 3898 magna
902 3834 1011 3884 motandi
1029 3850 1098 3884 causa
1116 3834 1231 3894 accessit,
1248 3835 1312 3899 quod
1329 3834 1442 3900 strophae

431 3927 495 3977 intsr
519 3943 544 3976 sc
569 3943 617 3976 non
642 3928 811 3978 convenirent:
838 3931 862 3978 et
878 3929 1021 3978 scholiastae
1037 3930 1121 3979 dicunt
1137 3945 1187 3979 csse
1205 3929 1440 3993 monostrophicum‚

433 4023 470 4072 vel
486 4022 567 4086 potius
583 4022 674 4071 duabus
691 4026 800 4073 constare
817 4024 923 4089 strophis
940 4024 1133 4090 monostrophis:
1154 4025 1191 4074 illi
1209 4040 1265 4075 vero
1283 4024 1443 4089 antistrophi·

433 4134 488 4167 cum
504 4133 556 4167 esse
573 4116 668 4168 volunt.

467 4214 489 4263 l.
515 4217 635 4281 Καφιοὲων.
668 4212 738 4263 Uret.
756 4215 777 4263 Δ
794 4217 819 4264 et
835 4214 890 4267 Ald.
907 4219 1032 4281 Καφηολωο.

467 4309 490 4358 1.
515 4312 630 4375 λαχοῖσαι.
663 4309 702 4358 Sic
720 4308 825 4359 Urat.·B
842 4312 867 4358 et
884 4310 938 4359 Alo.
973 4312 1001 4360 In
1019 4311 1073 4360 aliis
1090 4314 1209 4375 postrema
1225 4309 1316 4373 syllaba
1331 4308 1357 4357 in
1371 4322 1441 4357 vorsu

434 4403 538 4452 secundo
554 4404 660 4468 ponitur.
694 4404 830 4455 Boeckhins
847 4404 922 4455 edidit
939 4410 1062 4473 λαχοῖσαν,
1080 4410 1105 4455 ct·
1122 4406 1156 4457 ita
1174 4405 1290 4473 scriptum
1306 4419 1357 4453 csse
1369 4402 1446 4457 credit

437 4498 462 4548 in
479 4498 541 4549 vat:
559 4498 709 4565 Hartnngins
725 4501 794 4551 finxit
811 4506 936 4555 θάλλοισαν.
