<?xml version="1.0" encoding="UTF-8"?>
<!DOCTYPE html PUBLIC "-//W3C//DTD XHTML 1.0 Transitional//EN"
    "http://www.w3.org/TR/xhtml1/DTD/xhtml1-transitional.dtd">
<html xmlns="http://www.w3.org/1999/xhtml" xml:lang="en" lang="en">
 <head>
  <title>
</title>
<meta http-equiv="Content-Type" content="text/html;charset=utf-8" />
  <meta name='ocr-system' content='tesseract 3.04.00' />
  <meta name='ocr-capabilities' content='ocr_page ocr_carea ocr_par ocr_line ocrx_word'/>
</head>
<body>
  <div class='ocr_page' id='page_1' title='image "./pindaricarminao00pindgoog_0439.png"; bbox 0 0 3767 5534; ppageno 0'>
   <div class='ocr_carea' id='block_1_1' title="bbox 932 690 1081 777">
    <p class='ocr_par' dir='ltr' id='par_1_1' title="bbox 932 690 1081 777">
     <span class='ocr_line' id='line_1_1' title="bbox 932 690 1081 777; baseline -0.013 0"><span class='ocrx_word' id='word_1_1' title='bbox 932 690 1081 777; x_wconf 73' lang='lat' dir='ltr'>&#39;aee&#39;</span> 
     </span>
    </p>
   </div>
   <div class='ocr_carea' id='block_1_2' title="bbox 512 898 1545 2307">
    <p class='ocr_par' dir='ltr' id='par_1_2' title="bbox 512 898 1545 2307">
     <span class='ocr_line' id='line_1_2' title="bbox 559 898 1516 1001; baseline -0.005 -21"><span class='ocrx_word' id='word_1_2' title='bbox 559 921 588 981; x_wconf 88' lang='grc'>8.</span> <span class='ocrx_word' id='word_1_3' title='bbox 624 916 726 993; x_wconf 74' lang='grc' dir='ltr'><em>αὔξων.</em></span> <span class='ocrx_word' id='word_1_4' title='bbox 763 917 909 981; x_wconf 80' lang='lat' dir='ltr'>Similiter</span> <span class='ocrx_word' id='word_1_5' title='bbox 940 918 994 1001; x_wconf 84' lang='lat' dir='ltr'>Py.</span> <span class='ocrx_word' id='word_1_6' title='bbox 1027 918 1109 980; x_wconf 86' lang='lat' dir='ltr'>VIII</span> <span class='ocrx_word' id='word_1_7' title='bbox 1141 922 1181 980; x_wconf 85' lang='lat'>53</span> <span class='ocrx_word' id='word_1_8' title='bbox 1214 916 1307 992; x_wconf 76' lang='grc' dir='ltr'><em>αὔξων</em></span> <span class='ocrx_word' id='word_1_9' title='bbox 1338 898 1366 980; x_wconf 70' lang='grc' dir='ltr'>δὲ</span> <span class='ocrx_word' id='word_1_10' title='bbox 1391 913 1516 994; x_wconf 68' lang='grc' dir='ltr'><em>πάτραν.</em></span> 
     </span>
     <span class='ocr_line' id='line_1_3' title="bbox 513 1036 952 1121; baseline -0.007 -20"><span class='ocrx_word' id='word_1_11' title='bbox 513 1037 620 1121; x_wconf 80' lang='lat' dir='ltr'>Ilurip.</span> <span class='ocrx_word' id='word_1_12' title='bbox 645 1037 746 1121; x_wconf 85' lang='lat' dir='ltr'>Iphig.</span> <span class='ocrx_word' id='word_1_13' title='bbox 771 1036 844 1099; x_wconf 89' lang='lat' dir='ltr'>Aul.</span> <span class='ocrx_word' id='word_1_14' title='bbox 870 1039 952 1101; x_wconf 78' lang='lat'>571:</span> 
     </span>
     <span class='ocr_line' id='line_1_4' title="bbox 865 1153 1139 1235; baseline 0.007 -17"><span class='ocrx_word' id='word_1_15' title='bbox 865 1158 892 1219; x_wconf 80' lang='grc' dir='ltr'>ἐν</span> <span class='ocrx_word' id='word_1_16' title='bbox 915 1156 1031 1235; x_wconf 73' lang='grc' dir='ltr'><em>ανδροίοι</em></span> <span class='ocrx_word' id='word_1_17' title='bbox 1055 1156 1079 1219; x_wconf 74' lang='grc' dir='ltr'>δ’</span> <span class='ocrx_word' id='word_1_18' title='bbox 1102 1153 1139 1220; x_wconf 77' lang='grc' dir='ltr'>αὖ</span> 
     </span>
     <span class='ocr_line' id='line_1_5' title="bbox 777 1274 1184 1353; baseline -0.005 -15"><span class='ocrx_word' id='word_1_19' title='bbox 777 1274 882 1350; x_wconf 79' lang='grc' dir='ltr'><em>κόσμος</em></span> <span class='ocrx_word' id='word_1_20' title='bbox 906 1276 971 1337; x_wconf 82' lang='grc' dir='ltr'><em>ἐνὼν</em></span> <span class='ocrx_word' id='word_1_21' title='bbox 993 1276 1006 1337; x_wconf 77' lang='grc' dir='ltr'><em>ὁ</em></span> <span class='ocrx_word' id='word_1_22' title='bbox 1029 1288 1184 1353; x_wconf 72' lang='grc' dir='ltr'><em>μυριοπλη-</em></span> 
     </span>
     <span class='ocr_line' id='line_1_6' title="bbox 777 1392 1159 1473; baseline 0.008 -18"><span class='ocrx_word' id='word_1_23' title='bbox 777 1394 825 1465; x_wconf 69' lang='grc' dir='ltr'>ὐίις</span> <span class='ocrx_word' id='word_1_24' title='bbox 848 1393 936 1473; x_wconf 80' lang='grc' dir='ltr'><em>μείζω</em></span> <span class='ocrx_word' id='word_1_25' title='bbox 960 1393 1043 1458; x_wconf 77' lang='grc' dir='ltr'><em>πόλιν</em></span> <span class='ocrx_word' id='word_1_26' title='bbox 1066 1392 1159 1468; x_wconf 76' lang='grc' dir='ltr'><em>αὔξει.</em></span> 
     </span>
     <span class='ocr_line' id='line_1_7' title="bbox 512 1510 1521 1595; baseline -0.002 -22"><span class='ocrx_word' id='word_1_27' title='bbox 512 1510 600 1574; x_wconf 87' lang='lat' dir='ltr'>Plato</span> <span class='ocrx_word' id='word_1_28' title='bbox 624 1511 661 1573; x_wconf 90' lang='lat' dir='ltr'>de</span> <span class='ocrx_word' id='word_1_29' title='bbox 685 1510 758 1595; x_wconf 86' lang='lat' dir='ltr'>Leg.</span> <span class='ocrx_word' id='word_1_30' title='bbox 784 1510 812 1570; x_wconf 80' lang='lat' dir='ltr'><strong>V</strong></span> <span class='ocrx_word' id='word_1_31' title='bbox 836 1512 916 1575; x_wconf 83' lang='lat'>531:</span> <span class='ocrx_word' id='word_1_32' title='bbox 941 1512 1136 1593; x_wconf 74' lang='grc' dir='ltr'><em>φιλονεικείτοι</em></span> <span class='ocrx_word' id='word_1_33' title='bbox 1160 1512 1189 1574; x_wconf 72' lang='grc' dir='ltr'>δὲ</span> <span class='ocrx_word' id='word_1_34' title='bbox 1212 1514 1281 1587; x_wconf 70' lang='grc' dir='ltr'><em>ἡμῖν</em></span> <span class='ocrx_word' id='word_1_35' title='bbox 1297 1514 1357 1582; x_wconf 64' lang='lat' dir='ltr'>arie</span> <span class='ocrx_word' id='word_1_36' title='bbox 1374 1510 1442 1589; x_wconf 75' lang='grc' dir='ltr'>πρὸς</span> <span class='ocrx_word' id='word_1_37' title='bbox 1458 1510 1521 1587; x_wconf 68' lang='lat' dir='ltr'>apc-</span> 
     </span>
     <span class='ocr_line' id='line_1_8' title="bbox 512 1627 1522 1717; baseline -0.003 -25"><span class='ocrx_word' id='word_1_38' title='bbox 512 1632 564 1703; x_wconf 70' lang='grc' dir='ltr'>τὴν</span> <span class='ocrx_word' id='word_1_39' title='bbox 594 1631 741 1710; x_wconf 46' lang='lat' dir='ltr'>datdeus·</span> <span class='ocrx_word' id='word_1_40' title='bbox 773 1632 786 1693; x_wconf 79' lang='grc' dir='ltr'>ὁ</span> <span class='ocrx_word' id='word_1_41' title='bbox 817 1634 870 1717; x_wconf 78' lang='grc' dir='ltr'>μὲν</span> <span class='ocrx_word' id='word_1_42' title='bbox 900 1633 959 1711; x_wconf 73' lang='grc' dir='ltr'>γὰρ</span> <span class='ocrx_word' id='word_1_43' title='bbox 990 1638 1113 1702; x_wconf 79' lang='grc' dir='ltr'><em>τοιοῦτος</em></span> <span class='ocrx_word' id='word_1_44' title='bbox 1143 1632 1198 1701; x_wconf 74' lang='grc' dir='ltr'>τὰς</span> <span class='ocrx_word' id='word_1_45' title='bbox 1222 1631 1320 1700; x_wconf 77' lang='grc' dir='ltr'><em>πόλεις</em></span> <span class='ocrx_word' id='word_1_46' title='bbox 1344 1627 1445 1702; x_wconf 67' lang='grc' dir='ltr'><em>αὔξεις</em></span> <span class='ocrx_word' id='word_1_47' title='bbox 1470 1627 1522 1691; x_wconf 89' lang='lat' dir='ltr'>oui</span> 
     </span>
     <span class='ocr_line' id='line_1_9' title="bbox 513 1745 1523 1833; baseline 0 -23"><span class='ocrx_word' id='word_1_48' title='bbox 513 1747 680 1832; x_wconf 89' lang='lat' dir='ltr'>opponitur</span> <span class='ocrx_word' id='word_1_49' title='bbox 703 1748 862 1833; x_wconf 74' lang='lat' dir='ltr'>deincepd&#39;:</span> <span class='ocrx_word' id='word_1_50' title='bbox 887 1749 1073 1829; x_wconf 71' lang='grc' dir='ltr'><em>σμικροτέραν</em></span> <span class='ocrx_word' id='word_1_51' title='bbox 1095 1750 1185 1823; x_wconf 64' lang='grc' dir='ltr'><em>αὐτὴν</em></span> <span class='ocrx_word' id='word_1_52' title='bbox 1207 1748 1274 1827; x_wconf 79' lang='grc' dir='ltr'>πρὸς</span> <span class='ocrx_word' id='word_1_53' title='bbox 1290 1745 1419 1823; x_wconf 74' lang='grc' dir='ltr'><em>εὐδοξίαν</em></span> <span class='ocrx_word' id='word_1_54' title='bbox 1434 1748 1523 1826; x_wconf 69' lang='grc' dir='ltr'><em>οἱπερ·</em></span> 
     </span>
     <span class='ocr_line' id='line_1_10' title="bbox 513 1864 1523 1951; baseline -0.003 -21"><span class='ocrx_word' id='word_1_55' title='bbox 513 1865 649 1945; x_wconf 73' lang='grc' dir='ltr'><em>νοὲζεται.</em></span> <span class='ocrx_word' id='word_1_56' title='bbox 697 1864 753 1929; x_wconf 78' lang='lat' dir='ltr'>Est</span> <span class='ocrx_word' id='word_1_57' title='bbox 784 1890 855 1951; x_wconf 84' lang='lat' dir='ltr'>ergo</span> <span class='ocrx_word' id='word_1_58' title='bbox 887 1868 1022 1951; x_wconf 84' lang='lat' dir='ltr'>positum</span> <span class='ocrx_word' id='word_1_59' title='bbox 1054 1866 1216 1932; x_wconf 88' lang='lat' dir='ltr'>indecore</span> <span class='ocrx_word' id='word_1_60' title='bbox 1240 1867 1379 1951; x_wconf 81' lang='lat' dir='ltr'>egregio,</span> <span class='ocrx_word' id='word_1_61' title='bbox 1405 1864 1523 1929; x_wconf 88' lang='lat' dir='ltr'>civitati</span> 
     </span>
     <span class='ocr_line' id='line_1_11' title="bbox 514 1982 1524 2069; baseline -0.002 -22"><span class='ocrx_word' id='word_1_62' title='bbox 514 1983 676 2069; x_wconf 85' lang='lat' dir='ltr'>adjuncto:</span> <span class='ocrx_word' id='word_1_63' title='bbox 702 1993 732 2048; x_wconf 89' lang='lat' dir='ltr'>et</span> <span class='ocrx_word' id='word_1_64' title='bbox 756 2008 825 2049; x_wconf 88' lang='lat' dir='ltr'>vero</span> <span class='ocrx_word' id='word_1_65' title='bbox 849 1987 957 2069; x_wconf 87' lang='lat' dir='ltr'>quanti</span> <span class='ocrx_word' id='word_1_66' title='bbox 980 1985 1119 2050; x_wconf 90' lang='lat' dir='ltr'>habitum</span> <span class='ocrx_word' id='word_1_67' title='bbox 1143 1986 1254 2062; x_wconf 89' lang='lat' dir='ltr'>fuerit,</span> <span class='ocrx_word' id='word_1_68' title='bbox 1276 1985 1403 2048; x_wconf 88' lang='lat' dir='ltr'>victoria</span> <span class='ocrx_word' id='word_1_69' title='bbox 1419 1982 1524 2066; x_wconf 84' lang='lat' dir='ltr'>Olym·</span> 
     </span>
     <span class='ocr_line' id='line_1_12' title="bbox 515 2103 1524 2189; baseline -0.003 -22"><span class='ocrx_word' id='word_1_70' title='bbox 515 2104 582 2188; x_wconf 89' lang='lat' dir='ltr'>pica</span> <span class='ocrx_word' id='word_1_71' title='bbox 605 2126 713 2167; x_wconf 90' lang='lat' dir='ltr'>ornare</span> <span class='ocrx_word' id='word_1_72' title='bbox 736 2104 882 2187; x_wconf 88' lang='lat' dir='ltr'>patriam,</span> <span class='ocrx_word' id='word_1_73' title='bbox 913 2126 1008 2189; x_wconf 91' lang='lat' dir='ltr'>quum</span> <span class='ocrx_word' id='word_1_74' title='bbox 1031 2105 1062 2168; x_wconf 94' lang='lat' dir='ltr'>in</span> <span class='ocrx_word' id='word_1_75' title='bbox 1086 2103 1211 2167; x_wconf 84' lang='lat' dir='ltr'>Pindari</span> <span class='ocrx_word' id='word_1_76' title='bbox 1235 2103 1437 2188; x_wconf 80' lang='lat' dir='ltr'>explicatione</span> <span class='ocrx_word' id='word_1_77' title='bbox 1461 2123 1524 2165; x_wconf 90' lang='lat' dir='ltr'>non</span> 
     </span>
     <span class='ocr_line' id='line_1_13' title="bbox 516 2220 1545 2307; baseline -0.001 -23"><span class='ocrx_word' id='word_1_78' title='bbox 516 2222 615 2305; x_wconf 42' lang='lat' dir='ltr'>possit,</span> <span class='ocrx_word' id='word_1_79' title='bbox 634 2222 725 2285; x_wconf 90' lang='lat' dir='ltr'>nimis</span> <span class='ocrx_word' id='word_1_80' title='bbox 749 2245 838 2307; x_wconf 80' lang='lat' dir='ltr'>saepe</span> <span class='ocrx_word' id='word_1_81' title='bbox 862 2222 938 2299; x_wconf 92' lang='lat' dir='ltr'>diei,</span> <span class='ocrx_word' id='word_1_82' title='bbox 960 2234 1030 2286; x_wconf 85' lang='lat' dir='ltr'>ante</span> <span class='ocrx_word' id='word_1_83' title='bbox 1047 2222 1238 2288; x_wconf 83' lang='lat' dir='ltr'>Alcibiadem</span> <span class='ocrx_word' id='word_1_84' title='bbox 1254 2243 1413 2305; x_wconf 88' lang='lat' dir='ltr'>nunquam</span> <span class='ocrx_word' id='word_1_85' title='bbox 1430 2220 1545 2284; x_wconf 72' lang='lat' dir='ltr'>Athe·=</span> 
     </span>
    </p>
   </div>
   <div class='ocr_carea' id='block_1_3' title="bbox 516 2333 1622 2426">
    <p class='ocr_par' dir='ltr' id='par_1_3' title="bbox 516 2333 1622 2426">
     <span class='ocr_line' id='line_1_14' title="bbox 516 2333 1622 2426; baseline -0.002 -23"><span class='ocrx_word' id='word_1_86' title='bbox 516 2340 564 2403; x_wconf 87' lang='lat' dir='ltr'>nis</span> <span class='ocrx_word' id='word_1_87' title='bbox 596 2363 653 2403; x_wconf 86' lang='lat' dir='ltr'>usu</span> <span class='ocrx_word' id='word_1_88' title='bbox 684 2348 824 2417; x_wconf 89' lang='lat' dir='ltr'>venerat,</span> <span class='ocrx_word' id='word_1_89' title='bbox 857 2341 918 2404; x_wconf 88' lang='lat' dir='ltr'>nisi</span> <span class='ocrx_word' id='word_1_90' title='bbox 950 2340 1111 2426; x_wconf 83' lang='lat' dir='ltr'>Olympiae</span> <span class='ocrx_word' id='word_1_91' title='bbox 1137 2341 1320 2418; x_wconf 83' lang='lat' dir='ltr'>victoribus,</span> <span class='ocrx_word' id='word_1_92' title='bbox 1345 2348 1381 2403; x_wconf 92' lang='lat' dir='ltr'>ut</span> <span class='ocrx_word' id='word_1_93' title='bbox 1404 2339 1525 2404; x_wconf 89' lang='lat' dir='ltr'>coronis</span> <span class='ocrx_word' id='word_1_94' title='bbox 1619 2333 1622 2339; x_wconf 69' lang='grc'>’</span> 
     </span>
    </p>
   </div>
   <div class='ocr_carea' id='block_1_4' title="bbox 517 2443 1530 3612">
    <p class='ocr_par' dir='ltr' id='par_1_4' title="bbox 517 2443 1527 2881">
     <span class='ocr_line' id='line_1_15' title="bbox 517 2443 1526 2544; baseline -0.002 -23"><span class='ocrx_word' id='word_1_95' title='bbox 517 2458 616 2522; x_wconf 89' lang='lat' dir='ltr'>aureis</span> <span class='ocrx_word' id='word_1_96' title='bbox 647 2460 809 2542; x_wconf 80' lang='lat' dir='ltr'>aeneisque</span> <span class='ocrx_word' id='word_1_97' title='bbox 840 2458 934 2544; x_wconf 88' lang='lat' dir='ltr'>vulgo</span> <span class='ocrx_word' id='word_1_98' title='bbox 958 2443 1162 2523; x_wconf 87' lang='lat' dir='ltr'>donarentur:</span> <span class='ocrx_word' id='word_1_99' title='bbox 1188 2458 1341 2542; x_wconf 91' lang='lat' dir='ltr'>iidemque</span> <span class='ocrx_word' id='word_1_100' title='bbox 1364 2456 1526 2522; x_wconf 87' lang='lat' dir='ltr'>alebantur</span> 
     </span>
     <span class='ocr_line' id='line_1_16' title="bbox 517 2575 1527 2663; baseline -0.001 -23"><span class='ocrx_word' id='word_1_101' title='bbox 517 2578 549 2641; x_wconf 92' lang='lat' dir='ltr'>in</span> <span class='ocrx_word' id='word_1_102' title='bbox 581 2577 750 2661; x_wconf 81' lang='lat' dir='ltr'>Prytaneo,</span> <span class='ocrx_word' id='word_1_103' title='bbox 783 2585 943 2663; x_wconf 89' lang='lat' dir='ltr'>propterca</span> <span class='ocrx_word' id='word_1_104' title='bbox 973 2578 1056 2661; x_wconf 88' lang='lat' dir='ltr'>quod</span> <span class='ocrx_word' id='word_1_105' title='bbox 1080 2580 1235 2642; x_wconf 88' lang='lat' dir='ltr'>civitatem</span> <span class='ocrx_word' id='word_1_106' title='bbox 1257 2578 1376 2642; x_wconf 84' lang='lat' dir='ltr'>felicem</span> <span class='ocrx_word' id='word_1_107' title='bbox 1399 2575 1527 2640; x_wconf 86' lang='lat' dir='ltr'>reddere</span> 
     </span>
     <span class='ocr_line' id='line_1_17' title="bbox 518 2695 1527 2781; baseline 0 -22"><span class='ocrx_word' id='word_1_108' title='bbox 518 2695 710 2761; x_wconf 87' lang='lat' dir='ltr'>videbantur.</span> <span class='ocrx_word' id='word_1_109' title='bbox 731 2698 754 2780; x_wconf 86' lang='lat'>¹)</span> <span class='ocrx_word' id='word_1_110' title='bbox 799 2697 901 2762; x_wconf 80' lang='lat' dir='ltr'>Etiam</span> <span class='ocrx_word' id='word_1_111' title='bbox 936 2697 1119 2781; x_wconf 88' lang='lat' dir='ltr'>praeclarius</span> <span class='ocrx_word' id='word_1_112' title='bbox 1155 2720 1226 2781; x_wconf 83' lang='lat' dir='ltr'>ergo</span> <span class='ocrx_word' id='word_1_113' title='bbox 1261 2697 1337 2773; x_wconf 89' lang='lat' dir='ltr'>fuit,</span> <span class='ocrx_word' id='word_1_114' title='bbox 1374 2703 1527 2760; x_wconf 83' lang='lat' dir='ltr'>recentem</span> 
     </span>
     <span class='ocr_line' id='line_1_18' title="bbox 518 2814 1026 2881; baseline 0.004 -4"><span class='ocrx_word' id='word_1_115' title='bbox 518 2814 576 2878; x_wconf 89' lang='lat' dir='ltr'>hae</span> <span class='ocrx_word' id='word_1_116' title='bbox 599 2814 689 2878; x_wconf 87' lang='lat' dir='ltr'>laude</span> <span class='ocrx_word' id='word_1_117' title='bbox 713 2815 838 2879; x_wconf 88' lang='lat' dir='ltr'>evehere</span> <span class='ocrx_word' id='word_1_118' title='bbox 861 2816 1026 2881; x_wconf 85' lang='lat' dir='ltr'>civitatem.</span> 
     </span>
    </p>

    <p class='ocr_par' dir='ltr' id='par_1_5' title="bbox 520 2932 1530 3612">
     <span class='ocr_line' id='line_1_19' title="bbox 568 2932 1529 3018; baseline 0 -23"><span class='ocrx_word' id='word_1_119' title='bbox 568 2934 617 2996; x_wconf 88' lang='grc'>10.</span> <span class='ocrx_word' id='word_1_120' title='bbox 652 2933 769 3010; x_wconf 75' lang='grc' dir='ltr'><em>βωμοὺς</em></span> <span class='ocrx_word' id='word_1_121' title='bbox 801 2932 833 3011; x_wconf 77' lang='grc' dir='ltr'>ἑξ</span> <span class='ocrx_word' id='word_1_122' title='bbox 859 2935 999 3012; x_wconf 70' lang='grc' dir='ltr'><em>διδύμους.</em></span> <span class='ocrx_word' id='word_1_123' title='bbox 1035 2934 1149 2999; x_wconf 88' lang='lat' dir='ltr'>Nescio</span> <span class='ocrx_word' id='word_1_124' title='bbox 1173 2956 1233 3018; x_wconf 89' lang='lat' dir='ltr'>quo</span> <span class='ocrx_word' id='word_1_125' title='bbox 1257 2955 1356 2997; x_wconf 89' lang='lat' dir='ltr'>errore</span> <span class='ocrx_word' id='word_1_126' title='bbox 1380 2934 1412 2997; x_wconf 90' lang='lat' dir='ltr'>in</span> <span class='ocrx_word' id='word_1_127' title='bbox 1435 2933 1529 2995; x_wconf 88' lang='lat' dir='ltr'>inter·</span> 
     </span>
     <span class='ocr_line' id='line_1_20' title="bbox 520 3051 1529 3138; baseline -0.003 -21"><span class='ocrx_word' id='word_1_128' title='bbox 520 3053 690 3137; x_wconf 84' lang='lat' dir='ltr'>pretatione</span> <span class='ocrx_word' id='word_1_129' title='bbox 721 3052 832 3117; x_wconf 88' lang='lat' dir='ltr'>Latina</span> <span class='ocrx_word' id='word_1_130' title='bbox 862 3054 970 3138; x_wconf 87' lang='lat' dir='ltr'>scripsi</span> <span class='ocrx_word' id='word_1_131' title='bbox 1000 3053 1048 3118; x_wconf 89' lang='lat' dir='ltr'>bis</span> <span class='ocrx_word' id='word_1_132' title='bbox 1075 3076 1178 3129; x_wconf 84' lang='lat' dir='ltr'>senas,</span> <span class='ocrx_word' id='word_1_133' title='bbox 1204 3053 1287 3116; x_wconf 92' lang='lat' dir='ltr'>etin</span> <span class='ocrx_word' id='word_1_134' title='bbox 1311 3051 1529 3115; x_wconf 82' lang='lat' dir='ltr'>dissertatione</span> 
     </span>
     <span class='ocr_line' id='line_1_21' title="bbox 522 3169 1530 3257; baseline 0 -24"><span class='ocrx_word' id='word_1_135' title='bbox 522 3170 560 3234; x_wconf 90' lang='lat' dir='ltr'>de</span> <span class='ocrx_word' id='word_1_136' title='bbox 583 3170 709 3236; x_wconf 91' lang='lat' dir='ltr'>Pindari</span> <span class='ocrx_word' id='word_1_137' title='bbox 733 3170 902 3256; x_wconf 89' lang='lat' dir='ltr'>Sapientia,</span> <span class='ocrx_word' id='word_1_138' title='bbox 928 3195 997 3257; x_wconf 84' lang='lat' dir='ltr'>pag.</span> <span class='ocrx_word' id='word_1_139' title='bbox 1019 3174 1078 3250; x_wconf 78' lang='lat'>46,</span> <span class='ocrx_word' id='word_1_140' title='bbox 1099 3171 1146 3236; x_wconf 92' lang='lat' dir='ltr'>bis</span> <span class='ocrx_word' id='word_1_141' title='bbox 1168 3193 1234 3234; x_wconf 83' lang='lat' dir='ltr'>sex:</span> <span class='ocrx_word' id='word_1_142' title='bbox 1252 3169 1447 3235; x_wconf 89' lang='lat' dir='ltr'>scribendum</span> <span class='ocrx_word' id='word_1_143' title='bbox 1464 3191 1530 3233; x_wconf 84' lang='lat' dir='ltr'>esse</span> 
     </span>
     <span class='ocr_line' id='line_1_22' title="bbox 522 3287 1530 3375; baseline -0.002 -23"><span class='ocrx_word' id='word_1_144' title='bbox 522 3312 573 3352; x_wconf 83' lang='lat' dir='ltr'>sex</span> <span class='ocrx_word' id='word_1_145' title='bbox 604 3290 740 3373; x_wconf 82' lang='lat' dir='ltr'>geminas</span> <span class='ocrx_word' id='word_1_146' title='bbox 770 3289 859 3354; x_wconf 85' lang='lat' dir='ltr'>lacile</span> <span class='ocrx_word' id='word_1_147' title='bbox 886 3290 985 3375; x_wconf 83' lang='lat' dir='ltr'>quivis</span> <span class='ocrx_word' id='word_1_148' title='bbox 1008 3289 1166 3373; x_wconf 87' lang='lat' dir='ltr'>intelligit.</span> <span class='ocrx_word' id='word_1_149' title='bbox 1213 3287 1320 3352; x_wconf 77' lang='lat' dir='ltr'>Fuisse</span> <span class='ocrx_word' id='word_1_150' title='bbox 1344 3296 1447 3351; x_wconf 88' lang='lat' dir='ltr'>autem</span> <span class='ocrx_word' id='word_1_151' title='bbox 1470 3294 1530 3350; x_wconf 87' lang='lat' dir='ltr'>tra·</span> 
     </span>
     <span class='ocr_line' id='line_1_23' title="bbox 522 3406 1530 3492; baseline -0.004 -21"><span class='ocrx_word' id='word_1_152' title='bbox 522 3407 639 3471; x_wconf 89' lang='lat' dir='ltr'>duntur</span> <span class='ocrx_word' id='word_1_153' title='bbox 672 3408 771 3492; x_wconf 88' lang='lat' dir='ltr'>prima</span> <span class='ocrx_word' id='word_1_154' title='bbox 803 3408 889 3472; x_wconf 86' lang='lat' dir='ltr'>Jovis</span> <span class='ocrx_word' id='word_1_155' title='bbox 924 3416 954 3471; x_wconf 91' lang='lat' dir='ltr'>ct</span> <span class='ocrx_word' id='word_1_156' title='bbox 985 3406 1140 3492; x_wconf 89' lang='lat' dir='ltr'>Neptuni,</span> <span class='ocrx_word' id='word_1_157' title='bbox 1174 3406 1307 3472; x_wconf 87' lang='lat' dir='ltr'>secunda</span> <span class='ocrx_word' id='word_1_158' title='bbox 1336 3406 1469 3470; x_wconf 87' lang='lat' dir='ltr'>Junonis</span> <span class='ocrx_word' id='word_1_159' title='bbox 1500 3412 1530 3468; x_wconf 94' lang='lat' dir='ltr'>et</span> 
     </span>
     <span class='ocr_line' id='line_1_24' title="bbox 523 3524 1529 3612; baseline -0.003 -22"><span class='ocrx_word' id='word_1_160' title='bbox 523 3526 693 3603; x_wconf 84' lang='lat' dir='ltr'>Minervae,</span> <span class='ocrx_word' id='word_1_161' title='bbox 718 3528 808 3590; x_wconf 88' lang='lat' dir='ltr'>tertia</span> <span class='ocrx_word' id='word_1_162' title='bbox 832 3527 978 3591; x_wconf 87' lang='lat' dir='ltr'>Mercurii</span> <span class='ocrx_word' id='word_1_163' title='bbox 998 3536 1028 3591; x_wconf 91' lang='lat' dir='ltr'>et</span> <span class='ocrx_word' id='word_1_164' title='bbox 1045 3526 1213 3612; x_wconf 84' lang='lat' dir='ltr'>Apollinis,</span> <span class='ocrx_word' id='word_1_165' title='bbox 1231 3532 1338 3609; x_wconf 83' lang='lat' dir='ltr'>quarta</span> <span class='ocrx_word' id='word_1_166' title='bbox 1354 3524 1529 3589; x_wconf 87' lang='lat' dir='ltr'>Gratiarum</span> 
     </span>
    </p>
   </div>
   <div class='ocr_carea' id='block_1_5' title="bbox 524 3642 1531 3827">
    <p class='ocr_par' dir='ltr' id='par_1_6' title="bbox 524 3642 1531 3827">
     <span class='ocr_line' id='line_1_25' title="bbox 524 3642 1531 3729; baseline -0.002 -20"><span class='ocrx_word' id='word_1_167' title='bbox 524 3652 555 3709; x_wconf 89' lang='lat' dir='ltr'>et</span> <span class='ocrx_word' id='word_1_168' title='bbox 585 3644 716 3722; x_wconf 88' lang='lat' dir='ltr'>Bacchi,</span> <span class='ocrx_word' id='word_1_169' title='bbox 748 3646 856 3729; x_wconf 84' lang='lat' dir='ltr'>quinta</span> <span class='ocrx_word' id='word_1_170' title='bbox 886 3645 1004 3709; x_wconf 89' lang='lat' dir='ltr'>Dianae</span> <span class='ocrx_word' id='word_1_171' title='bbox 1037 3659 1067 3708; x_wconf 88' lang='lat' dir='ltr'>et</span> <span class='ocrx_word' id='word_1_172' title='bbox 1090 3644 1219 3729; x_wconf 85' lang='lat' dir='ltr'>Alphei,</span> <span class='ocrx_word' id='word_1_173' title='bbox 1244 3650 1329 3708; x_wconf 81' lang='lat' dir='ltr'>sexta</span> <span class='ocrx_word' id='word_1_174' title='bbox 1352 3642 1477 3707; x_wconf 86' lang='lat' dir='ltr'>Saturni</span> <span class='ocrx_word' id='word_1_175' title='bbox 1500 3650 1531 3707; x_wconf 88' lang='lat' dir='ltr'>et</span> 
     </span>
     <span class='ocr_line' id='line_1_26' title="bbox 525 3762 637 3827; baseline 0.018 -2"><span class='ocrx_word' id='word_1_176' title='bbox 525 3762 637 3827; x_wconf 87' lang='lat' dir='ltr'>Rheae.</span> 
     </span>
    </p>
   </div>
   <div class='ocr_carea' id='block_1_6' title="bbox 552 3851 1533 3965">
    <p class='ocr_par' dir='ltr' id='par_1_7' title="bbox 552 3851 1533 3977">
     <span class='ocr_line' id='line_1_27' title="bbox 552 3851 1533 3965; baseline -0.005 -18"><span class='ocrx_word' id='word_1_177' title='bbox 552 3885 622 3946; x_wconf 91' lang='grc'>11.</span> <span class='ocrx_word' id='word_1_178' title='bbox 657 3851 789 3963; x_wconf 74' lang='grc' dir='ltr'><em>ἐγέραοεν</em></span> <span class='ocrx_word' id='word_1_179' title='bbox 812 3907 839 3948; x_wconf 86' lang='grc' dir='ltr'>ιι.</span> <span class='ocrx_word' id='word_1_180' title='bbox 856 3908 885 3949; x_wconf 80' lang='grc' dir='ltr'>τ.</span> <span class='ocrx_word' id='word_1_181' title='bbox 902 3899 931 3946; x_wconf 75' lang='lat' dir='ltr'>r..</span> <span class='ocrx_word' id='word_1_182' title='bbox 967 3881 1015 3945; x_wconf 79' lang='lat' dir='ltr'>En</span> <span class='ocrx_word' id='word_1_183' title='bbox 1034 3882 1081 3945; x_wconf 86' lang='lat' dir='ltr'>his</span> <span class='ocrx_word' id='word_1_184' title='bbox 1099 3881 1263 3945; x_wconf 88' lang='lat' dir='ltr'>effecerunt</span> <span class='ocrx_word' id='word_1_185' title='bbox 1279 3879 1420 3965; x_wconf 87' lang='lat' dir='ltr'>quidam,</span> <span class='ocrx_word' id='word_1_186' title='bbox 1438 3879 1533 3943; x_wconf 80' lang='lat' dir='ltr'>Psan-</span> 
     </span>
    </p>
   </div>
   <div class='ocr_carea' id='block_1_7' title="bbox 525 3997 1533 4318">
    <p class='ocr_par' dir='ltr' id='par_1_8' title="bbox 525 3997 1533 4318">
     <span class='ocr_line' id='line_1_28' title="bbox 525 3997 1533 4086; baseline -0.005 -21"><span class='ocrx_word' id='word_1_187' title='bbox 525 4000 637 4064; x_wconf 91' lang='lat' dir='ltr'>midem</span> <span class='ocrx_word' id='word_1_188' title='bbox 670 4008 701 4065; x_wconf 90' lang='lat' dir='ltr'>et</span> <span class='ocrx_word' id='word_1_189' title='bbox 731 4001 886 4086; x_wconf 84' lang='lat' dir='ltr'>quadrigis</span> <span class='ocrx_word' id='word_1_190' title='bbox 918 4008 949 4064; x_wconf 92' lang='lat' dir='ltr'>et</span> <span class='ocrx_word' id='word_1_191' title='bbox 976 4000 1070 4064; x_wconf 89' lang='lat' dir='ltr'>rheda</span> <span class='ocrx_word' id='word_1_192' title='bbox 1094 3999 1202 4064; x_wconf 85' lang='lat' dir='ltr'>molari</span> <span class='ocrx_word' id='word_1_193' title='bbox 1227 4006 1257 4062; x_wconf 89' lang='lat' dir='ltr'>et</span> <span class='ocrx_word' id='word_1_194' title='bbox 1280 4019 1359 4082; x_wconf 90' lang='lat' dir='ltr'>equo</span> <span class='ocrx_word' id='word_1_195' title='bbox 1382 3997 1533 4082; x_wconf 78' lang='lat' dir='ltr'>singulari</span> 
     </span>
     <span class='ocr_line' id='line_1_29' title="bbox 526 4116 1531 4207; baseline -0.003 -25"><span class='ocrx_word' id='word_1_196' title='bbox 526 4120 649 4183; x_wconf 77' lang='lat' dir='ltr'>vicisse:</span> <span class='ocrx_word' id='word_1_197' title='bbox 682 4129 718 4184; x_wconf 89' lang='lat' dir='ltr'>ut</span> <span class='ocrx_word' id='word_1_198' title='bbox 749 4128 794 4184; x_wconf 87' lang='lat' dir='ltr'>est</span> <span class='ocrx_word' id='word_1_199' title='bbox 821 4121 885 4206; x_wconf 87' lang='lat' dir='ltr'>jam</span> <span class='ocrx_word' id='word_1_200' title='bbox 912 4120 945 4184; x_wconf 89' lang='lat' dir='ltr'>in</span> <span class='ocrx_word' id='word_1_201' title='bbox 970 4127 1069 4207; x_wconf 83' lang='lat' dir='ltr'>vetere</span> <span class='ocrx_word' id='word_1_202' title='bbox 1091 4117 1223 4183; x_wconf 87' lang='lat' dir='ltr'>scholio:</span> <span class='ocrx_word' id='word_1_203' title='bbox 1249 4116 1392 4193; x_wconf 77' lang='grc' dir='ltr'><em>ε’κόοιοκσε</em></span> <span class='ocrx_word' id='word_1_204' title='bbox 1414 4116 1443 4179; x_wconf 77' lang='grc' dir='ltr'>δὲ</span> <span class='ocrx_word' id='word_1_205' title='bbox 1466 4116 1531 4187; x_wconf 82' lang='grc' dir='ltr'><em>τοὺς</em></span> 
     </span>
     <span class='ocr_line' id='line_1_30' title="bbox 527 4234 1531 4318; baseline -0.005 -16"><span class='ocrx_word' id='word_1_206' title='bbox 527 4238 645 4317; x_wconf 79' lang='grc' dir='ltr'><em>βωμοὺς</em></span> <span class='ocrx_word' id='word_1_207' title='bbox 684 4241 802 4314; x_wconf 77' lang='grc' dir='ltr'><em>νικήσας</em></span> <span class='ocrx_word' id='word_1_208' title='bbox 838 4237 951 4315; x_wconf 81' lang='grc' dir='ltr'><em>ἵπποις,</em></span> <span class='ocrx_word' id='word_1_209' title='bbox 988 4240 1146 4318; x_wconf 62' lang='grc' dir='ltr'><em>τεθρίππῳ,</em></span> <span class='ocrx_word' id='word_1_210' title='bbox 1184 4236 1304 4315; x_wconf 74' lang='grc' dir='ltr'><em>ἡμιόνοις</em></span> <span class='ocrx_word' id='word_1_211' title='bbox 1337 4234 1386 4299; x_wconf 72' lang='grc' dir='ltr'>καὶ</span> <span class='ocrx_word' id='word_1_212' title='bbox 1421 4234 1531 4308; x_wconf 76' lang='grc' dir='ltr'><em>κέλητι.</em></span> 
     </span>
    </p>
   </div>
   <div class='ocr_carea' id='block_1_8' title="bbox 564 4493 1207 4562">
    <p class='ocr_par' dir='ltr' id='par_1_9' title="bbox 564 4493 1207 4562">
     <span class='ocr_line' id='line_1_31' title="bbox 564 4493 1207 4562; baseline 0 -19"><span class='ocrx_word' id='word_1_213' title='bbox 564 4496 585 4558; x_wconf 90' lang='grc' dir='ltr'>Ι)</span> <span class='ocrx_word' id='word_1_214' title='bbox 603 4494 663 4562; x_wconf 82' lang='lat' dir='ltr'>Nep.</span> <span class='ocrx_word' id='word_1_215' title='bbox 681 4495 758 4546; x_wconf 79' lang='lat' dir='ltr'>etcib.</span> <span class='ocrx_word' id='word_1_216' title='bbox 777 4496 819 4546; x_wconf 84' lang='lat' dir='ltr'>VI.</span> <span class='ocrx_word' id='word_1_217' title='bbox 836 4496 904 4543; x_wconf 85' lang='lat' dir='ltr'>Plato</span> <span class='ocrx_word' id='word_1_218' title='bbox 923 4494 993 4561; x_wconf 86' lang='lat' dir='ltr'>Apol.</span> <span class='ocrx_word' id='word_1_219' title='bbox 1012 4495 1076 4545; x_wconf 85' lang='lat' dir='ltr'>Scor.</span> <span class='ocrx_word' id='word_1_220' title='bbox 1094 4511 1117 4560; x_wconf 89' lang='lat' dir='ltr'>p.</span> <span class='ocrx_word' id='word_1_221' title='bbox 1135 4493 1167 4542; x_wconf 75' lang='grc'>36</span> <span class='ocrx_word' id='word_1_222' title='bbox 1184 4493 1207 4543; x_wconf 87' lang='lat' dir='ltr'>d.</span> 
     </span>
    </p>
   </div>
   <div class='ocr_carea' id='block_1_9' title="bbox 0 0 1918 5534">
    <p class='ocr_par' dir='ltr' id='par_1_10' title="bbox 0 0 1918 5534">
     <span class='ocr_line' id='line_1_32' title="bbox 0 0 1918 5534; baseline 0 0"><span class='ocrx_word' id='word_1_223' title='bbox 0 0 1918 5534; x_wconf 95' lang='lat' dir='ltr'> </span> 
     </span>
    </p>
   </div>
  </div>
 </body>
</html>
