3767 5534
911 709 975 769 289

431 910 564 974 dicitnr:
596 909 676 974 conf.
708 932 741 973 vs
775 911 832 973 15:
865 909 903 973 de
936 908 1002 994 ipsa
1033 909 1150 973 musica
1182 907 1445 994 aXenophonte‚

431 1028 534 1093 Anah.
558 1027 594 1092 L.
619 1027 636 1092 I
659 1025 694 1093 O.
718 1027 752 1091 Π
776 1030 795 1090 8
819 1027 942 1105 λέγεται
967 1027 1123 1092 Ἀπόλλων
1146 1026 1266 1106 ἐκδεῖραι
1284 1027 1446 1107 Μαρσύαν,

431 1148 552 1225 νικήσας
575 1146 700 1229 ἐρίζοντά
722 1148 746 1211 ci
769 1146 832 1227 napi
859 1147 978 1228 σοφίας.

848 1425 1038 1433 ...ι--ι-

806 1619 1003 1685 OLYMPIA
1038 1618 1081 1683 ΙΙ.

480 1858 519 1923 In
550 1859 666 1923 scholio
698 1858 736 1923 ad
760 1858 992 1943 inscriptionem
1015 1856 1159 1921 victoriae
1184 1857 1268 1942 ejus,
1294 1877 1370 1939 quae
1395 1855 1453 1919 hoc

432 1973 569 2038 carmine
592 1973 753 2054 laudatur,
778 1983 900 2061 tcmpns
924 1975 1050 2061 ponitur
1074 1972 1257 2059 Olympiade
1281 1971 1452 2037 LXXVII:

434 2094 469 2157 in
493 2092 609 2158 scholio
632 2095 800 2159 recentiore
823 2094 862 2159 ad
885 2118 919 2158 νε
945 2097 1005 2158 166
1025 2094 1154 2158 refertur
1173 2115 1209 2157 ea
1224 2092 1263 2157 ad
1279 2090 1329 2156 Ol.
1346 2091 1454 2170 LXX,

432 2212 665 2298 computatione
688 2237 812 2299 prorsus
835 2214 1014 2301 rejicienda:
1040 2215 1072 2278 in
1096 2214 1213 2279 scholio
1236 2220 1337 2277 vetere
1361 2211 1398 2275 ad
1421 2235 1454 2275 vs

436 2331 502 2393 166
534 2338 581 2395 est
610 2333 624 2397 ὃ
659 2332 688 2395 δὲ
720 2335 818 2413 Θήρων
840 2334 882 2402 ος’
905 2334 921 2409 ἢ
945 2332 985 2413 ιζ
1008 2333 1136 2407 ἐνίκησε,
1161 2339 1191 2395 66
1214 2341 1316 2395 tamen
1340 2329 1454 2394 ibidem

434 2451 470 2514 in
503 2452 730 2536 computatione
762 2454 888 2537 ponitur
918 2451 968 2516 Ol.
1000 2451 1148 2516 LXXVI.
1192 2451 1279 2516 Idem
1310 2472 1455 2514 numerus

434 2568 600 2633 manifesto
622 2570 816 2655 reponendus
840 2578 887 2635 est
909 2572 942 2635 in
966 2570 1083 2634 scholio
1107 2568 1186 2634 Urat
1210 2570 1238 2634 A
1258 2568 1296 2633 ad
1316 2592 1350 2633 vs
1372 2570 1452 2646 168,

435 2686 492 2751 nbi
515 2695 561 2751 est
584 2686 665 2753 ἐνίκα
687 2685 732 2755 οὖν
755 2690 809 2773 ις’,
835 2696 915 2753 recte
939 2700 1108 2752 correctum
1130 2688 1182 2757 os‘.

482 2804 614 2871 Difficile
646 2816 692 2881 est
723 2807 798 2871 haec
829 2808 1005 2872 testimonia
1027 2808 1071 2871 ita
1096 2805 1281 2891 ponderare,
1315 2813 1350 2869 ut
1373 2812 1455 2869 certo

435 2931 559 3009 tempus
590 2924 728 2991 definias.
774 2926 908 3007 Tamen,
946 2948 1043 3011 quum
1079 2923 1271 3011 Olympiadis
1303 2921 1458 2988 LXXVII

435 3044 517 3109 ratio
539 3066 601 3109 non
625 3044 788 3124 reddatur,
813 3045 1007 3131 Olympiadis
1030 3066 1101 3109 vero
1124 3042 1264 3108 LXXVI
1288 3044 1366 3107 ratio
1394 3042 1460 3107 red-

437 3161 548 3241 datur,
572 3185 635 3227 non
659 3163 784 3248 quidem
808 3187 885 3249 qnae
909 3164 948 3228 ad
965 3162 1109 3228 carminis
1125 3162 1361 3248 intelligentiam
1378 3184 1460 3247 mag-

438 3302 552 3367 nopere
585 3282 754 3367 pertineat,
787 3290 822 3346 ut
854 3304 911 3346 suo
942 3282 1011 3346 loco
1035 3280 1073 3345 ad
1098 3304 1131 3345 νε
1161 3282 1224 3344 168
1249 3276 1459 3357 monebimus,

438 3397 494 3463 sed
533 3407 635 3464 tamen
675 3422 753 3484 quae
792 3400 1027 3465 scholiastarum
1066 3398 1256 3484 diligentiam
1296 3396 1459 3477 ostendat,

440 3539 600 3603 quumque
623 3517 684 3582 alia
707 3541 798 3582 causa
820 3541 882 3584 non
907 3519 965 3597 sit,
995 3540 1049 3583 our
1073 3517 1110 3582 de
1135 3518 1199 3603 ejus
1224 3517 1461 3603 computationis

440 3635 571 3699 veritate
593 3634 771 3715 dubitetur,
794 3637 868 3700 satis
888 3636 1046 3721 probabile
1066 3659 1131 3700 esse
1151 3636 1228 3701 mihi
1248 3634 1386 3714 videtur,
1403 3636 1462 3699 vic·

440 3752 553 3817 toriam
571 3752 650 3817 hanc
667 3753 818 3819 Theronis
834 3755 1010 3839 ponendam
1028 3777 1093 3818 esse
1111 3752 1296 3840 Olympiade
1313 3752 1461 3817 LXXVI.

488 3872 563 3937 Fuit
593 3873 693 3938 Thero
724 3874 806 3938 filius
838 3874 1052 3952 Aenesidemi,
1085 3882 1119 3938 ut
1151 3880 1278 3960 apparet
1309 3895 1345 3937 ex
1369 3872 1462 3959 hujus

442 3991 586 4055 carminis
617 4014 652 4055 vs
682 3994 724 4055 84
755 4003 786 4057 et
815 3991 865 4056 Ol.
896 3991 949 4056 HI
975 3994 1035 4056 15:
1066 3992 1145 4056 conf.
1170 3990 1225 4056 Ist.
1250 3990 1368 4055 1142:
1394 4014 1465 4056 oon·

442 4110 541 4197 spirat
571 4109 749 4175 Herodotus
780 4110 817 4176 L.
846 4110 1019 4190 1111165,
1043 4110 1187 4195 idemque
1213 4109 1464 4175 1516666666-

443 4254 531 4312 mnm
562 4232 697 4318 appellat
724 4232 823 4296 filium
845 4232 972 4298 Pataici.
1018 4232 1161 4297 Refertur
1185 4256 1220 4297 ea
1243 4256 1336 4318 gens,
1362 4256 1395 4297 νε
1421 4235 1461 4298 76

446 4357 478 4415 66
510 4352 569 4430 82,
602 4350 640 4415 ad
668 4351 912 4440 Thersandrnm,
945 4352 1100 4437 Polynicis
1124 4352 1231 4417 filium.
1279 4352 1464 4438 Appellatnr

446 4475 551 4533 antem
574 4491 648 4554 gens
671 4468 923 4535 Emmenidarum
947 4469 997 4535 Ol.
1022 4469 1075 4534 ΙΠ
1099 4473 1159 4549 68,
1185 4473 1263 4535 conf.
1289 4471 1344 4556 Py.
1368 4470 1415 4535 VI
1433 4473 1462 4534 5.

1303 4594 1340 4648 19
