3767 5534
917 728 980 791 271

482 934 536 999 87.
571 930 765 1009 καταπέψαι.
812 928 849 994 In
875 929 933 993 hoe
957 929 1049 994 verbo
1073 929 1187 1015 paritor
1212 937 1303 1013 utque
1327 928 1358 992 in
1383 927 1454 992 sub·

433 1050 572 1116 stuntivo
596 1049 666 1131 xdpp
688 1056 794 1135 aperto
817 1055 864 1113 est
886 1047 1058 1112 similitudo
1082 1047 1142 1112 cibi
1166 1048 1330 1133 gravantis.
1357 1045 1454 1111 Velie·

432 1177 557 1234 menter
578 1169 677 1255 poetis
700 1168 826 1232 odiosus
851 1168 935 1232 visus
960 1176 1006 1231 est
1029 1165 1123 1248 κόροι,
1146 1167 1344 1254 conjungitur
1364 1189 1453 1252 saepo

431 1311 508 1353 enm
531 1309 568 1353 eo
591 1286 682 1370 ὕβρις.
729 1286 827 1351 Velut
851 1286 932 1373 apud
956 1285 1169 1370 ‘Pheognidem
1200 1288 1258 1349 153

524 1407 645 1489 Ὕβριν,
667 1406 776 1491 Κύρνε,
800 1408 860 1478 θεὸς
883 1412 992 1485 πρῶτον
1016 1405 1105 1470 κακὸν
1127 1405 1243 1470 ὤτατεν
1265 1404 1355 1485 ἀνδρί·

527 1527 620 1593 τίκτει
642 1551 685 1592 τοι
708 1524 786 1607 κόροι
810 1522 898 1608 ὕβριν.

485 1648 550 1711 701

530 1764 661 1836 Πολλούς
683 1786 727 1828 τοι
750 1763 826 1844 κόροι
849 1763 955 1842 ἄνδρας
977 1762 1130 1826 ἀπώλεσεν
1151 1761 1354 1843 οὶΦρονὲοντας·

573 1887 681 1960 γνῶναι
704 1883 764 1964 γιὶρ
786 1885 924 1963 χαλεπὸν
947 1880 1063 1963 μέτρον,
1088 1879 1131 1945 ὅτ’
1154 1882 1245 1946 ἐσθλοὶ
1267 1890 1355 1961 παρῆ.

487 2004 573 2067 1127

400 2124 405 2130 ’
531 2120 632 2198 γνώμη
654 2157 700 2169 -
723 2117 742 2195 ἦ
764 2120 840 2185 πολὺ
862 2120 997 2200 κρείσσων

533 2235 627 2317 ὕβριος
650 2238 803 2317 οὐλομένης
826 2238 990 2316 λευγαλέον
1013 2262 1047 2303 τε
1069 2235 1158 2317 κόρον.

435 2355 581 2421 Verbum
611 2357 789 2437 καταπέψαι
820 2357 858 2422 de
889 2358 934 2421 ire
964 2357 1078 2421 dicitur
1109 2356 1191 2441 apud
1224 2354 1392 2419 Homerum
1417 2356 1455 2419 ll.

435 2474 456 2539 Ι
483 2477 526 2538 81
550 2474 629 2557 εἴπερ
651 2474 711 2555 γαρ
733 2500 767 2540 τε
789 2476 878 2556 χόλον
901 2500 939 2554 γε
962 2476 1011 2541 καὶ
1036 2478 1174 2555 αὐτῆμαρ
1198 2475 1373 2556 καταπέψῃ.

488 2596 543 2658 91.
573 2595 598 2659 οἱ
620 2632 666 2644 -—
681 2597 772 2676 αὐτῷ.
799 2594 973 2680 Utrumque
998 2616 1164 2680 pronomen
1181 2601 1286 2679 aptum
1303 2601 1350 2657 est
1366 2594 1457 2658 verbo

437 2712 660 2795 ὑπερκρέμασε,
685 2713 811 2799 perinde
834 2736 869 2779 ue
892 2714 919 2778 si
943 2714 1091 2799 scriptum
1115 2721 1214 2778 esset:
1238 2712 1294 2778 τοὶν
1317 2714 1341 2777 οἱ
1360 2716 1458 2793 πατὴρ

438 2833 644 2915 ὑπερκρέμασε
665 2835 800 2915 καρτερὸν
825 2832 1047 2914 ὐτερκρεμιὶσας
1071 2836 1151 2915 αὐτῷ
1173 2833 1257 2898 λίθον.

490 2952 544 3015 98.
574 2958 705 3029 μενοινῶν
720 2956 859 3033 κεφαλαῖς
876 2953 994 3031 βαλεῖν.
1019 2952 1199 3038 Explicatur
1215 2951 1305 3015 hodie
1320 2952 1381 3015 fere
1399 2953 1456 3029 ite,

440 3077 482 3134 ut
508 3069 656 3156 'lentulus
685 3072 839 3136 studuerit
866 3071 955 3136 illum
985 3072 1116 3157 lapidem
1147 3072 1285 3156 uoapite
1310 3093 1457 3135 amovere.

441 3188 562 3253 Verum
592 3190 624 3254 in
655 3190 804 3275 ejusmodi
833 3191 1057 3275 significatione
1082 3213 1143 3254 non
1167 3192 1265 3276 reperi
1290 3191 1458 3275 genitivum

442 3307 513 3373 sine
541 3310 765 3394 praepositione
794 3309 934 3374 additum
963 3310 1055 3374 verbo
1078 3309 1218 3387 βάλλειν,
1242 3332 1342 3394 neque
1366 3310 1458 3374 etiam

442 3428 574 3491 fortusse
597 3426 628 3491 id
652 3428 868 3512 significationi
889 3428 968 3491 foret
987 3451 1173 3513 congruens,
1194 3439 1355 3512 propterea
1375 3428 1458 3512 quod

443 3569 510 3611 non
525 3547 606 3612 inest
620 3548 653 3611 in
669 3547 727 3610 hoe
739 3547 830 3611 verbo
846 3549 912 3633 ipsa
929 3547 1104 3625 amovendi,
1122 3547 1175 3611 sed
1192 3555 1312 3611 tautum
1326 3548 1459 3634 jaciendi

445 3665 511 3729 aive
533 3665 676 3729 mittendi
699 3665 893 3750 significatio.
926 3666 1085 3730 Praeterea
1106 3688 1176 3729 vero
1193 3665 1345 3749 signifieat
1360 3667 1458 3731 ferire.

445 3784 590 3850 Ileriendi
621 3793 723 3849 autem
755 3792 787 3849 et
817 3784 964 3869 tangendi
992 3808 1069 3870 quae
1093 3784 1184 3849 verba
1207 3783 1460 3868 significationem

446 3902 577 3981 hubent,
608 3925 698 3987 saepe
726 3911 885 3988 ponuntur
916 3926 988 3967 oum
1012 3903 1165 3988 genitivo,
1191 3902 1276 3967 velut
1299 3906 1395 3967 αὐτοῖο
1418 3928 1460 3969 τι·

445 4023 571 4089 τύσκετο
601 4020 693 4110 Hom.
725 4020 764 4086 ll.
796 4021 876 4085 XXI
908 4024 990 4100 582,
1023 4021 1107 4093 ποδὸς
1134 4023 1269 4099 τεταγὼν
1289 4020 1306 4084 Ι
1330 4024 1411 4100 591,
1436 4024 1460 4088 εἰ

446 4147 499 4209 τοῦ
530 4140 632 4212 παιδὸς
663 4140 765 4217 βαλὼν
794 4143 916 4222 τύχοιμι
947 4150 1000 4216 τῆς
1032 4141 1146 4219 καρδίης
1178 4139 1293 4204 Herod.
1323 4140 1460 4219 11135,

447 4260 504 4325 ubi
535 4259 638 4331 παιδὸς
670 4281 740 4324 eum
771 4260 885 4340 καρδίας
914 4263 1057 4347 junctum
1088 4259 1226 4338 videtur,
1259 4260 1360 4338 βαλὼν
1391 4284 1462 4324 vero

449 4402 521 4445 oum
543 4378 677 4459 τύχοιμι.
725 4378 820 4463 Apud
844 4378 1015 4445 Homerum
1038 4401 1108 4444 vero
1133 4386 1195 4457 est,
1219 4378 1249 4442 Il
1273 4379 1324 4442 ΙΙΙ
1348 4383 1423 4446 347.

539 4498 590 4564 καὶ
612 4498 709 4576 βάλεν
733 4497 885 4580 Ἀτρείδαο
908 4499 977 4564 κατ’
1000 4500 1113 4563 dunila
1138 4497 1261 4564 τρέπετ’
1284 4499 1371 4574 ἐΐσην·
