3767 5534
994 735 1057 794 :366

521 932 719 1010 Pausaniam,
750 932 786 997 L.
817 932 846 993 V
876 933 911 996 O.
944 933 1008 996 VII
1032 938 1071 996 4:
1095 938 1237 1016 Ἡρακλεῖ
1255 933 1301 1000 οὖν
1325 935 1462 1016 πρόσεστι
1487 940 1528 1017 σῷ

518 1051 610 1133 Ἰδαίῳ
632 1051 701 1128 δόξα
724 1056 772 1116 σὸν
794 1052 862 1117 τότε
885 1054 989 1127 οίγῶνα
1012 1054 1147 1118 διαθεῖναι
1171 1056 1271 1133 σροίσῳ
1293 1055 1343 1119 καί
1366 1056 1528 1133 'ondam

519 1169 608 1247 αρν
631 1171 734 1234 cara.
758 1169 799 1232 m
822 1169 860 1234 a
883 1193 935 1233 aa
950 1170 1035 1234 iovis
1052 1142 1226 1256 olympiae,
1244 1172 1370 1237 avo.
1389 1173 1473 1237 nur
1490 1176 1526 1237 a:

519 1290 789 1364 κατασκευασθῆναι
812 1289 841 1353 δὲ
863 1290 952 1353 αὐτὸν
975 1289 1034 1373 (τὸν
1056 1288 1168 1374 βωμὸν)
1190 1292 1215 1355 οἱ
1238 1292 1292 1369 ροὲν
1316 1292 1371 1355 ὑπὸ
1386 1294 1529 1371 ‘Humat-

518 1430 564 1478 ονς
587 1413 637 1471 τοῦ
660 1407 761 1472 Ἰδαίου
783 1407 926 1484 λέγουσιν.
952 1411 1054 1493 Atque
1077 1409 1110 1472 in
1126 1408 1202 1473 urbe
1218 1409 1306 1474 Elide
1323 1410 1529 1495 Gymnasium

519 1532 748 1589 commemorat:
772 1524 809 1589 L.
834 1525 879 1589 VI
903 1524 938 1590 Ο.
963 1526 1078 1590 XXIII
1101 1530 1138 1591 2:
1163 1528 1223 1592 είσί,
1240 1528 1269 1591 δὲ
1288 1527 1337 1593 καί
1357 1530 1423 1594 θεῶν
1439 1532 1469 1595 ἐν
1485 1532 1527 1612 τῷ

517 1647 670 1725 γυμνασίῳ
702 1646 814 1723 βωμοί,
849 1647 1021 1726 Ἡρακλέους
1051 1653 1101 1712 σοῖν
1132 1646 1235 1713 Ἰδαίον
1265 1649 1462 1729 Παραστάτου
1493 1650 1524 1714 δὲ

518 1765 684 1841 ἐπίκλησιν,
708 1790 735 1830 κ.
758 1791 787 1831 r.
812 1781 841 1831 λ.

563 1889 615 1948 44.
650 1884 772 1956 Λυδίοις.
808 1884 855 1948 De
878 1885 916 1947 iis
939 1884 1054 1962 modis,
1079 1907 1156 1970 quos
1181 1884 1291 1950 Graeci
1306 1886 1407 1963 νόμους
1424 1886 1528 1972 appel·

516 2004 636 2081 larunt,
661 2004 758 2088 pauca
780 2004 940 2067 attulimus
965 2003 1002 2067 ad
1027 2003 1076 2068 Ol.
1102 2004 1119 2066 I
1165 2006 1225 2068 63:
1254 2005 1291 2068 de
1315 2005 1428 2089 quibus
1452 2005 1527 2070 Plu·

515 2123 656 2200 tarchus,
692 2122 730 2186 de
758 2122 877 2187 Musica
901 2121 965 2186 VI:
1001 2122 1078 2199 νόμον
1109 2125 1388 2206 προσηγορεύθησαν,
1425 2125 1524 2199 ἐπειδὴ

514 2245 564 2307 οὐκ
586 2241 652 2318 ἐξῆν
674 2243 844 2322 παραβῆναι
867 2244 931 2306 καθ’
954 2242 1074 2308 ἕκαστον
1097 2244 1292 2320 νενομισμένον
1314 2239 1387 2314 εἶδος
1401 2252 1455 2316 τῆς
1470 2241 1524 2307 σοί·

514 2387 594 2433 cecc.
618 2361 660 2424 Et
682 2361 930 2445 quandoquidem
953 2361 997 2426 ibi
1017 2360 1130 2433 ίσσενος
1153 2362 1235 2441 νίμος
1252 2369 1522 2439 commemoratur,

514 2479 735 2565 comparandus
758 2503 827 2545 cum
851 2501 887 2544 eo
911 2481 1031 2544 videtur
1053 2481 1193 2561 οὲρροοίσνοο
1217 2482 1317 2559 νόμος,
1342 2482 1396 2563 qui
1417 2480 1523 2544 aPlu·

515 2599 620 2663 tarcbo
655 2600 803 2664 tribuitur
836 2599 968 2685 Olympo
1004 2600 1141 2685 Marsyae
1176 2600 1346 2686 discipulo:
1382 2599 1416 2664 G.
1444 2599 1521 2665 VII.

514 2718 630 2803 Lydius
665 2727 765 2783 autem
798 2720 898 2797 νίροος,
932 2727 1082 2804 quantum
1114 2720 1192 2796 scio,
1225 2740 1287 2783 non
1318 2725 1521 2795 memoratur,

513 2839 565 2902 sed
589 2837 687 2923 Lydia
710 2839 883 2917 harmonia,
907 2838 987 2903 Plat.
1012 2839 1050 2903 de
1072 2862 1135 2923 rep.
1160 2836 1520 2914 clunaculum.

513 2956 550 3021 de
572 2957 655 3021 Mus.
679 2956 777 3035 VIII,
802 2957 866 3035 XI,
893 2956 961 3020 XV.
1010 2957 1049 3021 m
1072 2957 1161 3021 Plato
1184 2956 1308 3041 quidem
1333 2978 1400 3019 eam
1419 2957 1522 3042 rejicit

512 3075 693 3186 ut·mollem
716 3083 808 3166 atque
831 3077 995 3140 remissam.
1021 3075 1135 3152 Verum
1159 3098 1225 3140 eam
1248 3099 1266 3139 a
1288 3075 1416 3140 Platone
1441 3076 1521 3140 vitu·

512 3204 647 3280 peratam
670 3190 855 3259 Plutarchus
875 3197 936 3286 jam
963 3194 1000 3259 ab
1024 3196 1151 3278 antiqua
1175 3202 1205 3258 et
1229 3194 1327 3272 virili,
1351 3215 1430 3278 quae
1449 3193 1519 3258 Diis

510 3314 693 3398 placuisset,
717 3315 834 3378 ratione
857 3314 1055 3399 degenerasse
1078 3314 1168 3391 dicit,
1184 3320 1224 3378 ‹et
1247 3312 1377 3397 Lydiam
1400 3312 1520 3377 harmo-

511 3433 592 3496 niam
623 3432 661 3496 ab
693 3456 728 3497 eo
758 3433 946 3519 repudiatam
979 3457 1060 3511 esse,
1093 3439 1200 3518 utpote
1232 3455 1331 3496 aerem
1362 3440 1392 3495 et
1418 3432 1519 3496 luctui

510 3574 686 3637 congruam.
732 3552 773 3616 Et
803 3576 906 3617 revera
927 3576 1065 3617 narrasse
1090 3553 1325 3628 Aristoxenum,
1349 3549 1517 3635 Olympum

510 3672 642 3757 primum
663 3671 778 3756 Lydice
801 3673 945 3737 cecinisse
968 3672 1045 3737 tibia
1068 3678 1193 3735 cautum
1216 3669 1373 3734 funebrem
1389 3670 1437 3733 de
1459 3669 1519 3754 Py-

508 3790 619 3855 thone:
652 3791 727 3882 alios
750 3791 839 3855 illum
863 3800 987 3855 cantum
1011 3790 1153 3854 tribuisse
1176 3787 1423 3872 Melanippidae:
1448 3787 1519 3853 Pin·

508 3908 615 3972 darum
642 3931 710 3973 vero
733 3910 765 3973 in
785 3908 961 3973 'Paeanibus
984 3908 1116 3985 dixisse,
1140 3909 1172 3971 in
1188 3905 1308 3971 Niobae
1323 3906 1441 3991 nuptiis
1457 3908 1518 3991 pri-

508 4050 592 4091 mum
616 4028 710 4092 luisse
732 4027 848 4112 Lydiae
871 4023 962 4092 usum
983 4026 1174 4091 harmoniae:
1192 4024 1227 4089 G.
1244 4023 1314 4089 XV.
1339 4024 1517 4089 Athenaeus

509 4147 641 4213 Graecos
664 4147 790 4232 Lydiam
823 4156 854 4212 et
876 4148 1041 4232 Phrygiam
1069 4146 1259 4211 harmoniam
1281 4167 1299 4209 a
1321 4144 1444 4229 Pelopis
1468 4168 1516 4209 co·

508 4266 649 4344 mitibus,
674 4268 729 4353 qui
751 4266 886 4352 Phryges
910 4267 1024 4353 pariter
1047 4274 1077 4330 et
1099 4264 1179 4349 Lydi
1202 4265 1346 4340 fuissent,
1371 4261 1514 4327 didicisse

508 4385 655 4470 explicat,
686 4394 733 4463 et,
764 4385 933 4450 secundum
965 4385 1105 4449 'I'clesten
1138 4382 1363 4459 Selinuntium,
1387 4382 1420 4444 in
1444 4404 1514 4446 con·

508 4503 595 4567 viriis
618 4526 668 4567 eas
692 4503 843 4567 adhibitas
867 4504 976 4567 fuisse:
1001 4503 1036 4567 L.
1060 4501 1138 4566 XIV
1161 4525 1190 4586 p.
1217 4502 1298 4578 625,
1324 4501 1405 4561 626:
