<?xml version="1.0" encoding="UTF-8"?>
<!DOCTYPE html PUBLIC "-//W3C//DTD XHTML 1.0 Transitional//EN"
    "http://www.w3.org/TR/xhtml1/DTD/xhtml1-transitional.dtd">
<html xmlns="http://www.w3.org/1999/xhtml" xml:lang="en" lang="en">
 <head>
  <title>
</title>
<meta http-equiv="Content-Type" content="text/html;charset=utf-8" />
  <meta name='ocr-system' content='tesseract 3.04.00' />
  <meta name='ocr-capabilities' content='ocr_page ocr_carea ocr_par ocr_line ocrx_word'/>
</head>
<body>
  <div class='ocr_page' id='page_1' title='image "./pindaricarminao00pindgoog_0409.png"; bbox 0 0 3767 5534; ppageno 0'>
   <div class='ocr_carea' id='block_1_1' title="bbox 990 730 1053 791">
    <p class='ocr_par' dir='ltr' id='par_1_1' title="bbox 990 730 1053 791">
     <span class='ocr_line' id='line_1_1' title="bbox 990 730 1053 791; baseline 0 0"><span class='ocrx_word' id='word_1_1' title='bbox 990 730 1053 791; x_wconf 79' lang='lat'><strong>328</strong></span> 
     </span>
    </p>
   </div>
   <div class='ocr_carea' id='block_1_2' title="bbox 517 915 1526 1259">
    <p class='ocr_par' dir='ltr' id='par_1_2' title="bbox 517 915 1526 1259">
     <span class='ocr_line' id='line_1_2' title="bbox 518 915 1523 1014; baseline 0 -22"><span class='ocrx_word' id='word_1_2' title='bbox 518 930 592 1005; x_wconf 85' lang='lat' dir='ltr'><strong>fuit,</strong></span> <span class='ocrx_word' id='word_1_3' title='bbox 616 939 651 992; x_wconf 92' lang='lat' dir='ltr'><strong>ut</strong></span> <span class='ocrx_word' id='word_1_4' title='bbox 674 937 819 993; x_wconf 89' lang='lat' dir='ltr'><strong>memorat</strong></span> <span class='ocrx_word' id='word_1_5' title='bbox 841 930 1022 1007; x_wconf 89' lang='lat' dir='ltr'><strong>Pausanias,</strong></span> <span class='ocrx_word' id='word_1_6' title='bbox 1047 915 1083 992; x_wconf 88' lang='lat' dir='ltr'><strong>L.</strong></span> <span class='ocrx_word' id='word_1_7' title='bbox 1104 929 1133 993; x_wconf 91' lang='lat' dir='ltr'>X</span> <span class='ocrx_word' id='word_1_8' title='bbox 1157 929 1191 993; x_wconf 87' lang='lat' dir='ltr'><strong>C.</strong></span> <span class='ocrx_word' id='word_1_9' title='bbox 1212 929 1237 990; x_wconf 99' lang='lat' dir='ltr'>V</span> <span class='ocrx_word' id='word_1_10' title='bbox 1259 935 1287 992; x_wconf 75' lang='lat'><strong>4.</strong></span> <span class='ocrx_word' id='word_1_11' title='bbox 1325 933 1428 1014; x_wconf 85' lang='lat' dir='ltr'><strong>Atque</strong></span> <span class='ocrx_word' id='word_1_12' title='bbox 1447 929 1523 992; x_wconf 90' lang='lat' dir='ltr'><strong>adeo</strong></span> 
     </span>
     <span class='ocr_line' id='line_1_3' title="bbox 517 1048 1524 1135; baseline 0.003 -24"><span class='ocrx_word' id='word_1_13' title='bbox 517 1048 550 1111; x_wconf 89' lang='lat' dir='ltr'><strong>in</strong></span> <span class='ocrx_word' id='word_1_14' title='bbox 573 1049 688 1113; x_wconf 87' lang='lat' dir='ltr'><strong>scholio</strong></span> <span class='ocrx_word' id='word_1_15' title='bbox 712 1050 750 1113; x_wconf 89' lang='lat' dir='ltr'><strong>ad</strong></span> <span class='ocrx_word' id='word_1_16' title='bbox 773 1049 876 1135; x_wconf 82' lang='lat' dir='ltr'><strong>Apoll.</strong></span> <span class='ocrx_word' id='word_1_17' title='bbox 900 1049 958 1113; x_wconf 85' lang='lat' dir='ltr'><strong>Rh.</strong></span> <span class='ocrx_word' id='word_1_18' title='bbox 983 1050 1019 1114; x_wconf 88' lang='lat' dir='ltr'><strong>L.</strong></span> <span class='ocrx_word' id='word_1_19' title='bbox 1040 1049 1073 1113; x_wconf 88' lang='lat' dir='ltr'>H</span> <span class='ocrx_word' id='word_1_20' title='bbox 1095 1073 1126 1113; x_wconf 91' lang='lat' dir='ltr'><strong>vs</strong></span> <span class='ocrx_word' id='word_1_21' title='bbox 1148 1051 1209 1116; x_wconf 81' lang='grc'><strong>675</strong></span> <span class='ocrx_word' id='word_1_22' title='bbox 1230 1050 1363 1114; x_wconf 89' lang='lat' dir='ltr'><strong>traditur</strong></span> <span class='ocrx_word' id='word_1_23' title='bbox 1384 1050 1524 1114; x_wconf 78' lang='lat' dir='ltr'><strong>Mnaseas</strong></span> 
     </span>
     <span class='ocr_line' id='line_1_4' title="bbox 518 1168 1526 1259; baseline 0.001 -28"><span class='ocrx_word' id='word_1_24' title='bbox 518 1168 690 1253; x_wconf 86' lang='lat' dir='ltr'><strong>scripsisse,</strong></span> <span class='ocrx_word' id='word_1_25' title='bbox 726 1190 794 1246; x_wconf 91' lang='lat' dir='ltr'><strong>eos,</strong></span> <span class='ocrx_word' id='word_1_26' title='bbox 829 1170 883 1251; x_wconf 93' lang='lat' dir='ltr'><strong>qui</strong></span> <span class='ocrx_word' id='word_1_27' title='bbox 917 1168 988 1232; x_wconf 90' lang='lat' dir='ltr'><strong>olim</strong></span> <span class='ocrx_word' id='word_1_28' title='bbox 1020 1168 1209 1254; x_wconf 83' lang='lat' dir='ltr'>Hyperborei</span> <span class='ocrx_word' id='word_1_29' title='bbox 1240 1169 1386 1246; x_wconf 82' lang='lat' dir='ltr'><strong>fuissent,</strong></span> <span class='ocrx_word' id='word_1_30' title='bbox 1404 1178 1526 1259; x_wconf 38' lang='lat' dir='ltr'><strong>&#39;postea</strong></span> 
     </span>
    </p>
   </div>
   <div class='ocr_carea' id='block_1_3' title="bbox 515 1285 1586 4581">
    <p class='ocr_par' dir='ltr' id='par_1_3' title="bbox 516 1285 903 1372">
     <span class='ocr_line' id='line_1_5' title="bbox 516 1285 903 1372; baseline 0.005 -23"><span class='ocrx_word' id='word_1_31' title='bbox 516 1285 616 1350; x_wconf 92' lang='lat' dir='ltr'><strong>dictos</strong></span> <span class='ocrx_word' id='word_1_32' title='bbox 639 1287 734 1351; x_wconf 88' lang='lat' dir='ltr'><strong>fuisse</strong></span> <span class='ocrx_word' id='word_1_33' title='bbox 757 1286 903 1372; x_wconf 86' lang='lat' dir='ltr'><strong>Delphos.</strong></span> 
     </span>
    </p>

    <p class='ocr_par' dir='ltr' id='par_1_4' title="bbox 518 1406 1526 1590">
     <span class='ocr_line' id='line_1_6' title="bbox 563 1406 1526 1489; baseline 0.005 -22"><span class='ocrx_word' id='word_1_34' title='bbox 563 1407 615 1469; x_wconf 83' lang='lat'><strong>30.</strong></span> <span class='ocrx_word' id='word_1_35' title='bbox 650 1407 744 1471; x_wconf 69' lang='lat' dir='ltr'><strong>mord</strong></span> <span class='ocrx_word' id='word_1_36' title='bbox 767 1406 897 1489; x_wconf 79' lang='grc' dir='ltr'><em>φρονέων.</em></span> <span class='ocrx_word' id='word_1_37' title='bbox 933 1406 1020 1470; x_wconf 76' lang='lat' dir='ltr'><strong>conf.</strong></span> <span class='ocrx_word' id='word_1_38' title='bbox 1044 1406 1135 1471; x_wconf 91' lang='lat' dir='ltr'><strong>Hom.</strong></span> <span class='ocrx_word' id='word_1_39' title='bbox 1160 1406 1199 1470; x_wconf 90' lang='lat' dir='ltr'><strong>Il.</strong></span> <span class='ocrx_word' id='word_1_40' title='bbox 1221 1406 1250 1467; x_wconf 93' lang='lat' dir='ltr'>V</span> <span class='ocrx_word' id='word_1_41' title='bbox 1274 1409 1335 1470; x_wconf 90' lang='grc'><strong>116</strong></span> <span class='ocrx_word' id='word_1_42' title='bbox 1356 1407 1435 1488; x_wconf 77' lang='grc' dir='ltr'><em>Φίλων</em></span> <span class='ocrx_word' id='word_1_43' title='bbox 1455 1415 1526 1487; x_wconf 78' lang='grc' dir='ltr'><em>φοο-</em></span> 
     </span>
     <span class='ocr_line' id='line_1_7' title="bbox 518 1526 628 1590; baseline 0.009 -1"><span class='ocrx_word' id='word_1_44' title='bbox 518 1526 628 1590; x_wconf 83' lang='grc' dir='ltr'><em>νέονσοο.</em></span> 
     </span>
    </p>

    <p class='ocr_par' dir='ltr' id='par_1_5' title="bbox 560 1643 1384 1725">
     <span class='ocr_line' id='line_1_8' title="bbox 560 1643 1384 1725; baseline 0.002 -18"><span class='ocrx_word' id='word_1_45' title='bbox 560 1644 699 1725; x_wconf 78' lang='grc' dir='ltr'><em>σοονδόκῳ.</em></span> <span class='ocrx_word' id='word_1_46' title='bbox 724 1643 774 1707; x_wconf 93' lang='lat' dir='ltr'><strong>Ol.</strong></span> <span class='ocrx_word' id='word_1_47' title='bbox 799 1644 816 1707; x_wconf 90' lang='lat' dir='ltr'>I</span> <span class='ocrx_word' id='word_1_48' title='bbox 842 1647 902 1707; x_wconf 75' lang='lat'><strong>150</strong></span> <span class='ocrx_word' id='word_1_49' title='bbox 928 1643 1153 1725; x_wconf 67' lang='grc' dir='ltr'><strong>πολυξενωτάτῳ</strong></span> <span class='ocrx_word' id='word_1_50' title='bbox 1179 1646 1261 1724; x_wconf 76' lang='grc' dir='ltr'><em>σωροὶ</em></span> <span class='ocrx_word' id='word_1_51' title='bbox 1283 1644 1384 1724; x_wconf 75' lang='grc' dir='ltr'><em>βωμῷ.</em></span> 
     </span>
    </p>

    <p class='ocr_par' dir='ltr' id='par_1_6' title="bbox 515 1760 1586 2916">
     <span class='ocr_line' id='line_1_9' title="bbox 561 1760 1586 1848; baseline 0.002 -23"><span class='ocrx_word' id='word_1_52' title='bbox 561 1765 613 1826; x_wconf 84' lang='grc'><strong>31.</strong></span> <span class='ocrx_word' id='word_1_53' title='bbox 648 1760 742 1828; x_wconf 73' lang='grc' dir='ltr'><em>ἄλσει.</em></span> <span class='ocrx_word' id='word_1_54' title='bbox 778 1761 866 1826; x_wconf 78' lang='lat' dir='ltr'><strong>conf.</strong></span> <span class='ocrx_word' id='word_1_55' title='bbox 890 1761 940 1826; x_wconf 92' lang='lat' dir='ltr'><strong>Ol.</strong></span> <span class='ocrx_word' id='word_1_56' title='bbox 965 1761 994 1823; x_wconf 93' lang='lat' dir='ltr'>V</span> <span class='ocrx_word' id='word_1_57' title='bbox 1019 1766 1078 1840; x_wconf 76' lang='lat'><strong>24,</strong></span> <span class='ocrx_word' id='word_1_58' title='bbox 1107 1761 1157 1827; x_wconf 91' lang='lat' dir='ltr'><strong>Ol.</strong></span> <span class='ocrx_word' id='word_1_59' title='bbox 1181 1762 1211 1825; x_wconf 91' lang='lat' dir='ltr'>X</span> <span class='ocrx_word' id='word_1_60' title='bbox 1236 1765 1287 1826; x_wconf 85' lang='lat'><strong>53.</strong></span> <span class='ocrx_word' id='word_1_61' title='bbox 1333 1763 1441 1848; x_wconf 90' lang='lat' dir='ltr'><strong>Ipsum</strong></span> <span class='ocrx_word' id='word_1_62' title='bbox 1472 1785 1522 1827; x_wconf 92' lang='lat' dir='ltr'><strong>vo·</strong></span> <span class='ocrx_word' id='word_1_63' title='bbox 1579 1812 1586 1826; x_wconf 71' lang='lat'><strong>.</strong></span> 
     </span>
     <span class='ocr_line' id='line_1_10' title="bbox 516 1879 1522 1966; baseline 0 -21"><span class='ocrx_word' id='word_1_64' title='bbox 516 1880 659 1945; x_wconf 89' lang='lat' dir='ltr'><strong>eabulum</strong></span> <span class='ocrx_word' id='word_1_65' title='bbox 683 1879 720 1945; x_wconf 93' lang='lat' dir='ltr'><strong>ab</strong></span> <span class='ocrx_word' id='word_1_66' title='bbox 743 1880 838 1963; x_wconf 65' lang='lat' dir='ltr'><strong>ababa,</strong></span> <span class='ocrx_word' id='word_1_67' title='bbox 862 1881 1007 1957; x_wconf 71' lang='grc' dir='ltr'><em>οὶλδωίνω,</em></span> <span class='ocrx_word' id='word_1_68' title='bbox 1039 1882 1059 1945; x_wconf 93' lang='lat' dir='ltr'><strong>i.</strong></span> <span class='ocrx_word' id='word_1_69' title='bbox 1084 1904 1109 1946; x_wconf 88' lang='lat' dir='ltr'><strong>e.</strong></span> <span class='ocrx_word' id='word_1_70' title='bbox 1134 1880 1231 1957; x_wconf 79' lang='grc' dir='ltr'><em>οοῦξω,</em></span> <span class='ocrx_word' id='word_1_71' title='bbox 1255 1882 1437 1966; x_wconf 87' lang='lat' dir='ltr'><strong>repetitum,</strong></span> <span class='ocrx_word' id='word_1_72' title='bbox 1462 1882 1522 1966; x_wconf 82' lang='lat' dir='ltr'><strong>sig·</strong></span> 
     </span>
     <span class='ocr_line' id='line_1_11' title="bbox 515 1998 1523 2089; baseline 0.002 -26"><span class='ocrx_word' id='word_1_73' title='bbox 515 2000 617 2063; x_wconf 86' lang='lat' dir='ltr'><strong>nificat</strong></span> <span class='ocrx_word' id='word_1_74' title='bbox 654 2022 761 2063; x_wconf 90' lang='lat' dir='ltr'><strong>nemus</strong></span> <span class='ocrx_word' id='word_1_75' title='bbox 795 1998 953 2063; x_wconf 85' lang='lat' dir='ltr'><strong>arboribus</strong></span> <span class='ocrx_word' id='word_1_76' title='bbox 985 2001 1154 2077; x_wconf 89' lang='lat' dir='ltr'><strong>consitum,</strong></span> <span class='ocrx_word' id='word_1_77' title='bbox 1186 2000 1362 2089; x_wconf 86' lang='lat' dir='ltr'><strong>praesertim</strong></span> <span class='ocrx_word' id='word_1_78' title='bbox 1393 2023 1523 2065; x_wconf 88' lang='lat' dir='ltr'><strong>sacrum.</strong></span> 
     </span>
     <span class='ocr_line' id='line_1_12' title="bbox 516 2116 1524 2203; baseline 0.001 -22"><span class='ocrx_word' id='word_1_79' title='bbox 516 2117 584 2181; x_wconf 89' lang='lat' dir='ltr'><strong>Hoc</strong></span> <span class='ocrx_word' id='word_1_80' title='bbox 612 2117 678 2181; x_wconf 93' lang='lat' dir='ltr'><strong>loco</strong></span> <span class='ocrx_word' id='word_1_81' title='bbox 707 2117 849 2182; x_wconf 88' lang='lat' dir='ltr'><strong>nonnulli</strong></span> <span class='ocrx_word' id='word_1_82' title='bbox 872 2116 988 2181; x_wconf 89' lang='lat' dir='ltr'><strong>dictum</strong></span> <span class='ocrx_word' id='word_1_83' title='bbox 1012 2125 1122 2203; x_wconf 89' lang='lat' dir='ltr'><strong>putant</strong></span> <span class='ocrx_word' id='word_1_84' title='bbox 1143 2118 1262 2195; x_wconf 91' lang='lat' dir='ltr'><strong>locum,</strong></span> <span class='ocrx_word' id='word_1_85' title='bbox 1287 2119 1340 2202; x_wconf 94' lang='lat' dir='ltr'><strong>qui</strong></span> <span class='ocrx_word' id='word_1_86' title='bbox 1363 2118 1453 2182; x_wconf 91' lang='lat' dir='ltr'><strong>lucus</strong></span> <span class='ocrx_word' id='word_1_87' title='bbox 1477 2119 1491 2182; x_wconf 84' lang='lat' dir='ltr'><strong>l</strong></span> <span class='ocrx_word' id='word_1_88' title='bbox 1513 2157 1524 2167; x_wconf 96' lang='lat'>-</span> 
     </span>
     <span class='ocr_line' id='line_1_13' title="bbox 515 2235 1525 2319; baseline 0 -20"><span class='ocrx_word' id='word_1_89' title='bbox 515 2244 604 2299; x_wconf 90' lang='lat' dir='ltr'><strong>turus</strong></span> <span class='ocrx_word' id='word_1_90' title='bbox 634 2243 715 2313; x_wconf 89' lang='lat' dir='ltr'><strong>erat,</strong></span> <span class='ocrx_word' id='word_1_91' title='bbox 746 2236 846 2300; x_wconf 88' lang='lat' dir='ltr'><strong>adhuc</strong></span> <span class='ocrx_word' id='word_1_92' title='bbox 870 2236 989 2314; x_wconf 91' lang='lat' dir='ltr'><strong>nudus,</strong></span> <span class='ocrx_word' id='word_1_93' title='bbox 1014 2243 1222 2315; x_wconf 73' lang='grc' dir='ltr'><em>σοολνσσνκῶς.</em></span> <span class='ocrx_word' id='word_1_94' title='bbox 1269 2235 1385 2299; x_wconf 88' lang='lat' dir='ltr'><strong>Verum</strong></span> <span class='ocrx_word' id='word_1_95' title='bbox 1409 2236 1525 2319; x_wconf 82' lang='lat' dir='ltr'><strong>signifi-</strong></span> 
     </span>
     <span class='ocr_line' id='line_1_14' title="bbox 517 2354 1524 2432; baseline -0.001 -12"><span class='ocrx_word' id='word_1_96' title='bbox 517 2356 596 2420; x_wconf 90' lang='lat' dir='ltr'><strong>catio</strong></span> <span class='ocrx_word' id='word_1_97' title='bbox 632 2355 720 2419; x_wconf 84' lang='lat' dir='ltr'><strong>facile</strong></span> <span class='ocrx_word' id='word_1_98' title='bbox 753 2356 875 2419; x_wconf 88' lang='lat' dir='ltr'><strong>transiit</strong></span> <span class='ocrx_word' id='word_1_99' title='bbox 905 2354 943 2418; x_wconf 89' lang='lat' dir='ltr'><strong>ad</strong></span> <span class='ocrx_word' id='word_1_100' title='bbox 974 2355 1076 2419; x_wconf 85' lang='lat' dir='ltr'><strong>locum</strong></span> <span class='ocrx_word' id='word_1_101' title='bbox 1106 2378 1242 2432; x_wconf 88' lang='lat' dir='ltr'><strong>sacrum,</strong></span> <span class='ocrx_word' id='word_1_102' title='bbox 1267 2354 1425 2419; x_wconf 83' lang='lat' dir='ltr'><strong>arboribus</strong></span> <span class='ocrx_word' id='word_1_103' title='bbox 1449 2355 1524 2419; x_wconf 89' lang='lat' dir='ltr'><strong>lieet</strong></span> 
     </span>
     <span class='ocr_line' id='line_1_15' title="bbox 516 2473 1523 2559; baseline 0.001 -21"><span class='ocrx_word' id='word_1_104' title='bbox 516 2483 680 2538; x_wconf 79' lang='lat' dir='ltr'><strong>carentem:</strong></span> <span class='ocrx_word' id='word_1_105' title='bbox 704 2477 807 2558; x_wconf 91' lang='lat' dir='ltr'><strong>itaque</strong></span> <span class='ocrx_word' id='word_1_106' title='bbox 829 2475 887 2539; x_wconf 89' lang='lat' dir='ltr'><strong>hoc</strong></span> <span class='ocrx_word' id='word_1_107' title='bbox 910 2475 976 2538; x_wconf 89' lang='lat' dir='ltr'><strong>loco</strong></span> <span class='ocrx_word' id='word_1_108' title='bbox 1000 2476 1134 2559; x_wconf 90' lang='lat' dir='ltr'><strong>ponitur.</strong></span> <span class='ocrx_word' id='word_1_109' title='bbox 1172 2473 1280 2539; x_wconf 83' lang='lat' dir='ltr'><strong>Strabo</strong></span> <span class='ocrx_word' id='word_1_110' title='bbox 1302 2474 1337 2538; x_wconf 90' lang='lat' dir='ltr'><strong>L.</strong></span> <span class='ocrx_word' id='word_1_111' title='bbox 1361 2474 1409 2537; x_wconf 88' lang='lat' dir='ltr'><strong>IX</strong></span> <span class='ocrx_word' id='word_1_112' title='bbox 1434 2474 1470 2538; x_wconf 85' lang='lat' dir='ltr'><strong>C.</strong></span> <span class='ocrx_word' id='word_1_113' title='bbox 1488 2474 1523 2539; x_wconf 91' lang='grc' dir='ltr'>Π</span> 
     </span>
     <span class='ocr_line' id='line_1_16' title="bbox 516 2595 1523 2678; baseline 0.003 -22"><span class='ocrx_word' id='word_1_114' title='bbox 516 2617 545 2678; x_wconf 88' lang='lat' dir='ltr'><strong>p.</strong></span> <span class='ocrx_word' id='word_1_115' title='bbox 570 2597 649 2658; x_wconf 78' lang='lat'>412:</span> <span class='ocrx_word' id='word_1_116' title='bbox 681 2596 704 2659; x_wconf 77' lang='grc' dir='ltr'><strong>οἱ</strong></span> <span class='ocrx_word' id='word_1_117' title='bbox 728 2595 756 2659; x_wconf 80' lang='grc' dir='ltr'><strong>δὲ</strong></span> <span class='ocrx_word' id='word_1_118' title='bbox 779 2595 895 2669; x_wconf 71' lang='lat' dir='ltr'><strong>notaret</strong></span> <span class='ocrx_word' id='word_1_119' title='bbox 918 2600 1086 2672; x_wconf 73' lang='grc' dir='ltr'><em>κοσμοῦσιν,</em></span> <span class='ocrx_word' id='word_1_120' title='bbox 1114 2596 1190 2668; x_wconf 67' lang='grc' dir='ltr'><strong>ἄλση</strong></span> <span class='ocrx_word' id='word_1_121' title='bbox 1214 2601 1369 2666; x_wconf 73' lang='grc' dir='ltr'><em>καλοῦντες</em></span> <span class='ocrx_word' id='word_1_122' title='bbox 1393 2595 1434 2659; x_wconf 70' lang='grc' dir='ltr'><strong>τοὶ</strong></span> <span class='ocrx_word' id='word_1_123' title='bbox 1459 2596 1523 2676; x_wconf 78' lang='grc' dir='ltr'><em>ἱεροὶ</em></span> 
     </span>
     <span class='ocr_line' id='line_1_17' title="bbox 516 2711 1521 2798; baseline 0 -21"><span class='ocrx_word' id='word_1_124' title='bbox 516 2712 630 2795; x_wconf 75' lang='lat' dir='ltr'><strong>arture,</strong></span> <span class='ocrx_word' id='word_1_125' title='bbox 655 2712 709 2778; x_wconf 72' lang='grc' dir='ltr'><strong>κᾶν</strong></span> <span class='ocrx_word' id='word_1_126' title='bbox 733 2711 749 2793; x_wconf 74' lang='grc' dir='ltr'><strong><em>ᾖ</em></strong></span> <span class='ocrx_word' id='word_1_127' title='bbox 772 2714 865 2793; x_wconf 64' lang='lat' dir='ltr'><strong>prael:</strong></span> <span class='ocrx_word' id='word_1_128' title='bbox 891 2720 922 2777; x_wconf 90' lang='lat' dir='ltr'><strong>et</strong></span> <span class='ocrx_word' id='word_1_129' title='bbox 945 2713 1116 2798; x_wconf 81' lang='lat' dir='ltr'><strong>exemplum</strong></span> <span class='ocrx_word' id='word_1_130' title='bbox 1139 2713 1224 2777; x_wconf 87' lang='lat' dir='ltr'><strong>aliud</strong></span> <span class='ocrx_word' id='word_1_131' title='bbox 1244 2736 1280 2777; x_wconf 80' lang='lat' dir='ltr'><strong>ex</strong></span> <span class='ocrx_word' id='word_1_132' title='bbox 1299 2715 1366 2798; x_wconf 91' lang='lat' dir='ltr'><strong>ipso</strong></span> <span class='ocrx_word' id='word_1_133' title='bbox 1386 2712 1521 2778; x_wconf 88' lang='lat' dir='ltr'><strong>Pindaro</strong></span> 
     </span>
     <span class='ocr_line' id='line_1_18' title="bbox 516 2831 861 2916; baseline -0.003 -20"><span class='ocrx_word' id='word_1_134' title='bbox 516 2832 619 2909; x_wconf 89' lang='lat' dir='ltr'><strong>affert,</strong></span> <span class='ocrx_word' id='word_1_135' title='bbox 643 2831 681 2895; x_wconf 92' lang='lat' dir='ltr'><strong>de</strong></span> <span class='ocrx_word' id='word_1_136' title='bbox 701 2832 861 2916; x_wconf 82' lang='lat' dir='ltr'><strong>Apolline:</strong></span> 
     </span>
    </p>

    <p class='ocr_par' dir='ltr' id='par_1_7' title="bbox 518 2949 1522 3253">
     <span class='ocr_line' id='line_1_19' title="bbox 570 2949 1458 3031; baseline 0.002 -17"><span class='ocrx_word' id='word_1_137' title='bbox 570 2950 619 3014; x_wconf 75' lang='lat' dir='ltr'><strong>acl</strong></span> <span class='ocrx_word' id='word_1_138' title='bbox 643 2952 757 3031; x_wconf 75' lang='grc' dir='ltr'><em>,ωνχοὺς</em></span> <span class='ocrx_word' id='word_1_139' title='bbox 781 2949 934 3016; x_wconf 74' lang='grc' dir='ltr'><em>δονοὶσσωτο</em></span> <span class='ocrx_word' id='word_1_140' title='bbox 957 2951 1142 3029; x_wconf 74' lang='grc' dir='ltr'><em>βωλλόμενος</em></span> <span class='ocrx_word' id='word_1_141' title='bbox 1166 2952 1311 3030; x_wconf 76' lang='grc' dir='ltr'><em>κρηπῖδος</em></span> <span class='ocrx_word' id='word_1_142' title='bbox 1335 2949 1458 3016; x_wconf 68' lang='lat' dir='ltr'><strong>ultorem.</strong></span> 
     </span>
     <span class='ocr_line' id='line_1_20' title="bbox 519 3068 1522 3154; baseline 0 -21"><span class='ocrx_word' id='word_1_143' title='bbox 519 3068 610 3149; x_wconf 74' lang='lat' dir='ltr'><strong>Quod</strong></span> <span class='ocrx_word' id='word_1_144' title='bbox 634 3069 666 3132; x_wconf 92' lang='lat' dir='ltr'><strong>in</strong></span> <span class='ocrx_word' id='word_1_145' title='bbox 689 3070 865 3154; x_wconf 79' lang='lat' dir='ltr'><strong>fragmentis</strong></span> <span class='ocrx_word' id='word_1_146' title='bbox 889 3078 1044 3153; x_wconf 88' lang='lat' dir='ltr'><strong>receptum</strong></span> <span class='ocrx_word' id='word_1_147' title='bbox 1068 3078 1122 3133; x_wconf 88' lang='lat' dir='ltr'><strong>est.</strong></span> <span class='ocrx_word' id='word_1_148' title='bbox 1166 3070 1311 3154; x_wconf 72' lang='lat' dir='ltr'><strong>Respexit</strong></span> <span class='ocrx_word' id='word_1_149' title='bbox 1334 3069 1522 3147; x_wconf 88' lang='lat' dir='ltr'><strong>Homerum,</strong></span> 
     </span>
     <span class='ocr_line' id='line_1_21' title="bbox 518 3188 754 3253; baseline -0.017 0"><span class='ocrx_word' id='word_1_150' title='bbox 518 3188 607 3253; x_wconf 82' lang='lat' dir='ltr'><strong>Iliad.</strong></span> <span class='ocrx_word' id='word_1_151' title='bbox 633 3188 754 3251; x_wconf 76' lang='lat'>[1506</span> 
     </span>
    </p>

    <p class='ocr_par' dir='ltr' id='par_1_8' title="bbox 516 3305 1523 3983">
     <span class='ocr_line' id='line_1_22' title="bbox 621 3305 1398 3387; baseline -0.003 -14"><span class='ocrx_word' id='word_1_152' title='bbox 621 3306 800 3387; x_wconf 71' lang='grc' dir='ltr'><em>’Ὀγχηστόν</em></span> <span class='ocrx_word' id='word_1_153' title='bbox 824 3305 846 3371; x_wconf 79' lang='grc' dir='ltr'><strong>θ’</strong></span> <span class='ocrx_word' id='word_1_154' title='bbox 869 3307 957 3387; x_wconf 78' lang='grc' dir='ltr'><em>ἱερὸν,</em></span> <span class='ocrx_word' id='word_1_155' title='bbox 981 3308 1128 3381; x_wconf 70' lang='grc' dir='ltr'><em>Ποσιδήϊον</em></span> <span class='ocrx_word' id='word_1_156' title='bbox 1151 3308 1267 3385; x_wconf 64' lang='lat' dir='ltr'><strong>ripuaria</strong></span> <span class='ocrx_word' id='word_1_157' title='bbox 1290 3306 1398 3378; x_wconf 68' lang='grc' dir='ltr'><em>ἄλσος·</em></span> 
     </span>
     <span class='ocr_line' id='line_1_23' title="bbox 516 3409 1522 3505; baseline 0.002 -18"><span class='ocrx_word' id='word_1_158' title='bbox 516 3434 546 3487; x_wconf 90' lang='lat' dir='ltr'><strong>et</strong></span> <span class='ocrx_word' id='word_1_159' title='bbox 570 3434 687 3502; x_wconf 87' lang='lat' dir='ltr'><strong>tamen,</strong></span> <span class='ocrx_word' id='word_1_160' title='bbox 712 3434 747 3487; x_wconf 92' lang='lat' dir='ltr'><strong>ut</strong></span> <span class='ocrx_word' id='word_1_161' title='bbox 769 3433 890 3501; x_wconf 89' lang='lat' dir='ltr'><strong>monet,</strong></span> <span class='ocrx_word' id='word_1_162' title='bbox 911 3425 1089 3505; x_wconf 74' lang='grc' dir='ltr'><em>’Όνχνσσός</em></span> <span class='ocrx_word' id='word_1_163' title='bbox 1112 3428 1173 3490; x_wconf 83' lang='grc' dir='ltr'><em>ἐστο</em></span> <span class='ocrx_word' id='word_1_164' title='bbox 1196 3430 1298 3503; x_wconf 76' lang='grc' dir='ltr'><strong><em>ψιλὸς,</em></strong></span> <span class='ocrx_word' id='word_1_165' title='bbox 1324 3409 1400 3505; x_wconf 79' lang='grc' dir='ltr'><em>ἔχων</em></span> <span class='ocrx_word' id='word_1_166' title='bbox 1423 3436 1522 3489; x_wconf 87' lang='grc' dir='ltr'><em>Ποσεν-</em></span> 
     </span>
     <span class='ocr_line' id='line_1_24' title="bbox 517 3543 1523 3627; baseline 0 -21"><span class='ocrx_word' id='word_1_167' title='bbox 517 3543 597 3615; x_wconf 79' lang='grc' dir='ltr'><em>δῶνος</em></span> <span class='ocrx_word' id='word_1_168' title='bbox 621 3543 706 3622; x_wconf 81' lang='grc' dir='ltr'><em>ἱερὸν,</em></span> <span class='ocrx_word' id='word_1_169' title='bbox 730 3543 779 3607; x_wconf 76' lang='lat' dir='ltr'><strong>aul</strong></span> <span class='ocrx_word' id='word_1_170' title='bbox 803 3544 992 3623; x_wconf 72' lang='grc' dir='ltr'><em>ωὐτὸψνωόν.</em></span> <span class='ocrx_word' id='word_1_171' title='bbox 1029 3544 1115 3608; x_wconf 87' lang='lat' dir='ltr'><strong>ldem</strong></span> <span class='ocrx_word' id='word_1_172' title='bbox 1139 3567 1175 3607; x_wconf 84' lang='lat' dir='ltr'><strong>ex</strong></span> <span class='ocrx_word' id='word_1_173' title='bbox 1196 3544 1330 3608; x_wconf 91' lang='lat' dir='ltr'><strong>Homero</strong></span> <span class='ocrx_word' id='word_1_174' title='bbox 1350 3543 1523 3627; x_wconf 75' lang='lat' dir='ltr'><strong>exemplum</strong></span> 
     </span>
     <span class='ocr_line' id='line_1_25' title="bbox 518 3660 1523 3726; baseline 0 -3"><span class='ocrx_word' id='word_1_175' title='bbox 518 3660 641 3724; x_wconf 90' lang='lat' dir='ltr'><strong>affertur</strong></span> <span class='ocrx_word' id='word_1_176' title='bbox 663 3661 721 3725; x_wconf 88' lang='lat' dir='ltr'><strong>hoc</strong></span> <span class='ocrx_word' id='word_1_177' title='bbox 746 3661 869 3726; x_wconf 90' lang='lat' dir='ltr'><strong>Pindari</strong></span> <span class='ocrx_word' id='word_1_178' title='bbox 893 3662 960 3726; x_wconf 88' lang='lat' dir='ltr'><strong>loco</strong></span> <span class='ocrx_word' id='word_1_179' title='bbox 984 3686 1001 3725; x_wconf 92' lang='lat' dir='ltr'><strong>a</strong></span> <span class='ocrx_word' id='word_1_180' title='bbox 1024 3662 1205 3725; x_wconf 87' lang='lat' dir='ltr'><strong>scholiastis.</strong></span> <span class='ocrx_word' id='word_1_181' title='bbox 1242 3661 1412 3725; x_wconf 86' lang='lat' dir='ltr'><strong>Scholiasta</strong></span> <span class='ocrx_word' id='word_1_182' title='bbox 1436 3670 1523 3725; x_wconf 88' lang='lat' dir='ltr'><strong>vetus</strong></span> 
     </span>
     <span class='ocr_line' id='line_1_26' title="bbox 517 3777 1522 3859; baseline 0 -17"><span class='ocrx_word' id='word_1_183' title='bbox 517 3778 555 3842; x_wconf 90' lang='lat' dir='ltr'><strong>ad</strong></span> <span class='ocrx_word' id='word_1_184' title='bbox 579 3777 629 3842; x_wconf 93' lang='lat' dir='ltr'><strong>Ol.</strong></span> <span class='ocrx_word' id='word_1_185' title='bbox 653 3778 681 3839; x_wconf 89' lang='lat' dir='ltr'>V</span> <span class='ocrx_word' id='word_1_186' title='bbox 706 3782 748 3841; x_wconf 73' lang='lat'><strong>24</strong></span> <span class='ocrx_word' id='word_1_187' title='bbox 779 3782 843 3851; x_wconf 80' lang='grc' dir='ltr'><em>τοὺς</em></span> <span class='ocrx_word' id='word_1_188' title='bbox 874 3782 961 3859; x_wconf 80' lang='grc' dir='ltr'><em>ἱεροὺς</em></span> <span class='ocrx_word' id='word_1_189' title='bbox 993 3782 1141 3858; x_wconf 77' lang='grc' dir='ltr'><em>σοτοομοὺς</em></span> <span class='ocrx_word' id='word_1_190' title='bbox 1170 3783 1247 3855; x_wconf 68' lang='lat' dir='ltr'><strong>daca</strong></span> <span class='ocrx_word' id='word_1_191' title='bbox 1272 3781 1382 3844; x_wconf 72' lang='lat' dir='ltr'><strong>alcidem</strong></span> <span class='ocrx_word' id='word_1_192' title='bbox 1406 3780 1522 3855; x_wconf 71' lang='grc' dir='ltr'><strong>λέγενντ</strong></span> 
     </span>
     <span class='ocr_line' id='line_1_27' title="bbox 519 3900 1204 3983; baseline 0.001 -20"><span class='ocrx_word' id='word_1_193' title='bbox 519 3900 601 3983; x_wconf 92' lang='lat' dir='ltr'><strong>quod</strong></span> <span class='ocrx_word' id='word_1_194' title='bbox 625 3907 727 3963; x_wconf 86' lang='lat' dir='ltr'><strong>tamen</strong></span> <span class='ocrx_word' id='word_1_195' title='bbox 751 3901 878 3964; x_wconf 89' lang='lat' dir='ltr'><strong>nonita</strong></span> <span class='ocrx_word' id='word_1_196' title='bbox 901 3900 1126 3965; x_wconf 88' lang='lat' dir='ltr'><strong>admittendum</strong></span> <span class='ocrx_word' id='word_1_197' title='bbox 1149 3911 1204 3965; x_wconf 87' lang='lat' dir='ltr'><strong>est.</strong></span> 
     </span>
    </p>

    <p class='ocr_par' dir='ltr' id='par_1_9' title="bbox 518 4019 1525 4581">
     <span class='ocr_line' id='line_1_28' title="bbox 563 4019 1525 4099; baseline 0.001 -17"><span class='ocrx_word' id='word_1_198' title='bbox 563 4022 615 4082; x_wconf 85' lang='lat'><strong>31.</strong></span> <span class='ocrx_word' id='word_1_199' title='bbox 638 4019 752 4097; x_wconf 81' lang='grc' dir='ltr'><em>σκωορόν</em></span> <span class='ocrx_word' id='word_1_200' title='bbox 771 4045 804 4084; x_wconf 82' lang='grc' dir='ltr'><strong>τε</strong></span> <span class='ocrx_word' id='word_1_201' title='bbox 823 4019 976 4099; x_wconf 74' lang='grc' dir='ltr'><strong>φύτενμω.</strong></span> <span class='ocrx_word' id='word_1_202' title='bbox 1001 4019 1218 4084; x_wconf 90' lang='lat' dir='ltr'><strong>Vetustissima</strong></span> <span class='ocrx_word' id='word_1_203' title='bbox 1233 4021 1291 4083; x_wconf 89' lang='lat' dir='ltr'><strong>fuit</strong></span> <span class='ocrx_word' id='word_1_204' title='bbox 1307 4020 1449 4084; x_wconf 81' lang='lat' dir='ltr'><strong>Eleorum</strong></span> <span class='ocrx_word' id='word_1_205' title='bbox 1465 4026 1525 4083; x_wconf 89' lang='lat' dir='ltr'><strong>tra·</strong></span> 
     </span>
     <span class='ocr_line' id='line_1_29' title="bbox 518 4136 1522 4224; baseline 0 -23"><span class='ocrx_word' id='word_1_206' title='bbox 518 4137 609 4214; x_wconf 88' lang='lat' dir='ltr'><strong>ditio,</strong></span> <span class='ocrx_word' id='word_1_207' title='bbox 635 4137 672 4200; x_wconf 89' lang='lat' dir='ltr'><strong>ab</strong></span> <span class='ocrx_word' id='word_1_208' title='bbox 696 4136 900 4221; x_wconf 85' lang='lat' dir='ltr'><strong>Hyperboreis</strong></span> <span class='ocrx_word' id='word_1_209' title='bbox 921 4138 1084 4203; x_wconf 90' lang='lat' dir='ltr'><strong>Herculem</strong></span> <span class='ocrx_word' id='word_1_210' title='bbox 1109 4139 1251 4224; x_wconf 88' lang='lat' dir='ltr'><strong>petivisse</strong></span> <span class='ocrx_word' id='word_1_211' title='bbox 1267 4138 1389 4215; x_wconf 79' lang='lat' dir='ltr'><strong>olivam,</strong></span> <span class='ocrx_word' id='word_1_212' title='bbox 1412 4145 1448 4201; x_wconf 89' lang='lat' dir='ltr'><strong>ut</strong></span> <span class='ocrx_word' id='word_1_213' title='bbox 1460 4138 1522 4222; x_wconf 90' lang='lat' dir='ltr'><strong>jam</strong></span> 
     </span>
     <span class='ocr_line' id='line_1_30' title="bbox 518 4245 1524 4340; baseline 0 -21"><span class='ocrx_word' id='word_1_214' title='bbox 518 4254 687 4319; x_wconf 90' lang='lat' dir='ltr'><strong>secuudum</strong></span> <span class='ocrx_word' id='word_1_215' title='bbox 704 4245 886 4320; x_wconf 87' lang='lat' dir='ltr'><strong>Pausaniam</strong></span> <span class='ocrx_word' id='word_1_216' title='bbox 902 4259 1133 4321; x_wconf 86' lang='lat' dir='ltr'><strong>memoravimus</strong></span> <span class='ocrx_word' id='word_1_217' title='bbox 1150 4257 1187 4321; x_wconf 86' lang='lat' dir='ltr'><strong>ad</strong></span> <span class='ocrx_word' id='word_1_218' title='bbox 1203 4280 1236 4319; x_wconf 90' lang='lat' dir='ltr'><strong>vs</strong></span> <span class='ocrx_word' id='word_1_219' title='bbox 1255 4260 1306 4319; x_wconf 77' lang='lat'><strong>25.</strong></span> <span class='ocrx_word' id='word_1_220' title='bbox 1330 4256 1446 4319; x_wconf 89' lang='lat' dir='ltr'><strong>Istrum</strong></span> <span class='ocrx_word' id='word_1_221' title='bbox 1458 4256 1524 4340; x_wconf 89' lang='lat' dir='ltr'><strong>jam</strong></span> 
     </span>
     <span class='ocr_line' id='line_1_31' title="bbox 520 4373 1524 4459; baseline 0 -21"><span class='ocrx_word' id='word_1_222' title='bbox 520 4374 614 4438; x_wconf 91' lang='lat' dir='ltr'><strong>Poeta</strong></span> <span class='ocrx_word' id='word_1_223' title='bbox 636 4373 800 4459; x_wconf 89' lang='lat' dir='ltr'><strong>appellavit</strong></span> <span class='ocrx_word' id='word_1_224' title='bbox 823 4376 1000 4440; x_wconf 90' lang='lat' dir='ltr'><strong>umbrosum</strong></span> <span class='ocrx_word' id='word_1_225' title='bbox 1024 4400 1056 4439; x_wconf 89' lang='lat' dir='ltr'><strong>vs</strong></span> <span class='ocrx_word' id='word_1_226' title='bbox 1082 4380 1137 4438; x_wconf 75' lang='lat'><strong>25:</strong></span> <span class='ocrx_word' id='word_1_227' title='bbox 1162 4398 1217 4439; x_wconf 90' lang='lat' dir='ltr'><strong>nec</strong></span> <span class='ocrx_word' id='word_1_228' title='bbox 1237 4383 1357 4439; x_wconf 89' lang='lat' dir='ltr'><strong>tantum</strong></span> <span class='ocrx_word' id='word_1_229' title='bbox 1377 4374 1457 4438; x_wconf 88' lang='lat' dir='ltr'><strong>oliva</strong></span> <span class='ocrx_word' id='word_1_230' title='bbox 1477 4397 1524 4438; x_wconf 75' lang='lat' dir='ltr'><strong>ve-</strong></span> 
     </span>
     <span class='ocr_line' id='line_1_32' title="bbox 520 4492 1520 4581; baseline -0.001 -25"><span class='ocrx_word' id='word_1_231' title='bbox 520 4515 588 4556; x_wconf 91' lang='lat' dir='ltr'><strong>rum</strong></span> <span class='ocrx_word' id='word_1_232' title='bbox 607 4493 699 4555; x_wconf 88' lang='lat' dir='ltr'><strong>etiam</strong></span> <span class='ocrx_word' id='word_1_233' title='bbox 717 4492 802 4556; x_wconf 90' lang='lat' dir='ltr'><strong>lauro</strong></span> <span class='ocrx_word' id='word_1_234' title='bbox 822 4493 875 4558; x_wconf 88' lang='lat' dir='ltr'><strong>illa</strong></span> <span class='ocrx_word' id='word_1_235' title='bbox 895 4494 961 4558; x_wconf 90' lang='lat' dir='ltr'><strong>loca</strong></span> <span class='ocrx_word' id='word_1_236' title='bbox 981 4496 1064 4559; x_wconf 88' lang='lat' dir='ltr'><strong>fuere</strong></span> <span class='ocrx_word' id='word_1_237' title='bbox 1080 4495 1242 4581; x_wconf 88' lang='lat' dir='ltr'><strong>conspicua</strong></span> <span class='ocrx_word' id='word_1_238' title='bbox 1249 4508 1266 4557; x_wconf 74' lang='grc' dir='ltr'><strong>ε’</strong></span> <span class='ocrx_word' id='word_1_239' title='bbox 1277 4493 1346 4557; x_wconf 88' lang='lat' dir='ltr'><strong>vide</strong></span> <span class='ocrx_word' id='word_1_240' title='bbox 1361 4492 1415 4578; x_wconf 79' lang='lat' dir='ltr'><strong>Py.</strong></span> <span class='ocrx_word' id='word_1_241' title='bbox 1433 4492 1462 4556; x_wconf 91' lang='lat' dir='ltr'>X</span> <span class='ocrx_word' id='word_1_242' title='bbox 1480 4495 1520 4556; x_wconf 89' lang='grc'><strong>61</strong></span> 
     </span>
    </p>
   </div>
   <div class='ocr_carea' id='block_1_4' title="bbox 0 0 1890 5534">
    <p class='ocr_par' dir='ltr' id='par_1_10' title="bbox 0 0 1890 5534">
     <span class='ocr_line' id='line_1_33' title="bbox 0 0 1890 5534; baseline 0 0"><span class='ocrx_word' id='word_1_243' title='bbox 0 0 1890 5534; x_wconf 95' lang='lat' dir='ltr'><strong> </strong></span> 
     </span>
    </p>
   </div>
  </div>
 </body>
</html>
