3767 5534
913 712 977 774 269

483 921 537 984 80.
570 917 711 985 δεύτατα.
759 915 851 982 Varie
882 916 940 980 hoc
972 916 1222 1001 interpretantur.
1270 913 1364 994 Sunt,
1396 915 1452 1000 qui

434 1039 564 1104 ultimas
586 1045 688 1126 partes
711 1038 876 1126 significari
900 1037 945 1101 ita
967 1035 1110 1114 credant,
1135 1043 1171 1100 ut
1193 1035 1317 1121 Pelopis
1341 1058 1451 1123 corpus

433 1181 474 1223 ne
511 1157 621 1223 ultima
651 1157 774 1243 quidem
803 1164 858 1221 aut
888 1156 1014 1221 minima
1044 1163 1130 1241 parte
1160 1154 1266 1221 relicta
1296 1177 1450 1220 comesum

434 1301 504 1343 esse
536 1300 634 1342 sermo
661 1277 763 1342 fuerit.
810 1275 904 1357 Quod
928 1275 1004 1340 milri
1027 1297 1089 1341 non
1112 1276 1187 1339 satis
1211 1274 1327 1361 placet,
1352 1297 1451 1360 neque

433 1420 471 1463 ea
504 1397 726 1483 significatione
750 1396 898 1462 articulus
922 1396 1032 1462 saltem
1054 1396 1176 1462 videtur
1200 1396 1311 1460 omitti.
1358 1395 1451 1460 Athe·

433 1538 533 1581 naeus
563 1514 602 1580 de
628 1514 770 1581 secundis
793 1516 907 1580 mensis
931 1514 1050 1580 dictum
1073 1523 1180 1601 putat:
1204 1514 1231 1578 L
1256 1513 1333 1578 XIV
1358 1513 1383 1577 Ο
1406 1516 1449 1577 48

433 1659 464 1722 p.
498 1636 561 1699 641
593 1656 610 1699 c
636 1631 679 1700 ὅτι
702 1636 761 1717 adp
785 1631 858 1709 ἦσαν
880 1635 928 1700 καί
953 1635 1035 1716 παρα
1058 1642 1116 1706 τοῖς
1139 1635 1274 1716 οίρχαίοις
1298 1636 1329 1699 αἱ
1352 1633 1449 1700 δεύτε-

431 1777 479 1837 ροιι
502 1753 646 1836 τροίπεζαι
668 1760 836 1827 πολυτελῶς
859 1754 1126 1837 μεμεριμνημέναι,
1143 1755 1299 1833 παρίστησι
1312 1754 1448 1834 Πίνδαρος

432 1877 464 1940 ἐν
487 1872 743 1952 Ὀλυμπιονίκαις,
771 1874 903 1956 περὶτῆς
922 1873 1053 1946 Πέλοπος
1068 1874 1235 1956 κρεουργίας
1251 1874 1450 1952 διηγούμενος,

697 1992 879 2076 Τραπίζαισι
902 1994 927 2058 δ’
949 1994 1034 2075 ἀμφί
1058 2018 1086 2059 κ.
1109 2018 1139 2059 τ.
1162 2008 1192 2059 λ.

433 2113 475 2178 In
498 2113 595 2178 forma
618 2112 762 2200 adjectivi
784 2113 915 2178 δεύτατα
937 2111 1015 2176 mihi
1038 2134 1100 2187 nou
1125 2110 1246 2176 videtur
1270 2134 1335 2175 esse
1358 2110 1451 2175 offen·

432 2233 500 2310 sio,
532 2255 629 2318 quum
659 2256 711 2297 eae
742 2255 879 2311 mensae,
916 2254 995 2318 quae
1026 2239 1126 2297 essent
1158 2231 1326 2310 secundae,
1358 2232 1450 2295 ctiam

432 2360 539 2416 essent
569 2360 748 2437 postremae.
796 2353 940 2417 Δεύτατα
971 2356 1056 2432 κρεῶν
1088 2350 1166 2416 οίίεν
1198 2357 1270 2415 snut
1303 2373 1374 2436 ergo
1405 2373 1451 2414 se·

431 2469 555 2535 camdae
578 2470 702 2556 epulae,
730 2493 808 2556 quae
832 2493 848 2534 e
871 2470 1015 2535 carnibus
1038 2468 1100 2533 tuis
1124 2469 1315 2534 constabant.

483 2592 536 2655 81.
572 2592 659 2656 σέίεν.
706 2588 756 2654 Ol.
783 2588 863 2653 VIII
889 2592 928 2653 59
955 2590 1064 2654 παίδων
1087 2590 1176 2655 τέίεν.

483 2711 536 2773 81.
572 2707 747 2774 διεδιίσαντο.
785 2707 912 2772 Hesiod.
949 2707 1064 2793 Theog.
1094 2711 1158 2771 544
1182 2707 1220 2772 de
1244 2707 1358 2772 dolosis
1381 2708 1453 2771 Pro·

433 2828 554 2893 mathei
577 2827 676 2913 epulis

583 2943 733 3029 ὦπίπον,
758 2948 795 3017 ὦς
818 2944 989 3026 ἑτεροζήλως
1013 2946 1165 3012 διεδάσσαο
1189 2947 1301 3026 μοίρας.

484 3068 537 3130 82.
573 3064 686 3146 ἄπορον.
711 3064 825 3129 Similis
841 3064 934 3129 dictio
952 3065 1045 3130 etiam
1061 3066 1180 3152 plurale
1196 3066 1348 3144 admittit,
1367 3066 1451 3130 velut

431 3186 492 3270 Py.
517 3185 534 3249 I
559 3186 598 3250 67
623 3185 753 3262 ἐοικότα,
777 3183 832 3268 Py.
857 3184 892 3248 II
918 3187 981 3248 148
1005 3186 1148 3251 ἀδύνατα.

484 3306 537 3368 82.
572 3305 805 3383 γαστρίμαργον.
853 3302 976 3368 Crimen
1009 3305 1089 3369 enim
1121 3304 1281 3389 epularum
1313 3312 1451 3369 cruenta·

432 3445 508 3487 rum
530 3445 593 3486 non
616 3422 654 3486 nd
678 3421 860 3500 Tantalum,
884 3423 1100 3507 ignorantibus
1125 3423 1210 3501 Diis,
1236 3423 1289 3487 sed
1312 3423 1350 3487 ad
1367 3424 1450 3509 ipsos

435 3563 562 3627 quoque
585 3540 667 3604 Deos
691 3540 878 3626 pertinebat:
904 3541 936 3604 hi
961 3542 1042 3605 enim
1065 3542 1176 3620 τοίμον,
1189 3542 1374 3617 διεδοίσαντο,
1388 3543 1450 3623 φοί-

434 3685 501 3740 γον.
524 3658 682 3746 Expressit
700 3660 825 3724 Pindari
842 3661 1025 3725 sententiam
1045 3662 1136 3725 etiam
1153 3661 1330 3747 Euripides,
1348 3660 1449 3747 Iphig.

436 3780 473 3845 Τ.
500 3782 574 3844 886.

840 3901 898 3976 ἐγὼ
920 3900 974 3978 μὲν
997 3896 1042 3965 οὖν

644 4018 685 4084 τίς
708 4017 867 4084 Ταντοίλου
890 4020 989 4083 ίεοῖοιν
1012 4017 1185 4096 ἓστιοίματα

606 4203 610 4209 ,
638 4136 755 4203 ἄπιστα
776 4139 875 4218 κρίνον,
899 4139 1002 4212 παιδὸς
1026 4140 1142 4214 ἡσθῆναι
1166 4138 1249 4221 βορᾷ.

485 4260 537 4322 84.
571 4259 729 4339 λέλογχεν.
778 4258 917 4342 Utroque
948 4258 1040 4322 modo
1071 4257 1129 4321 hoc
1156 4257 1281 4321 verbum
1305 4255 1448 4341 ponitur,

437 4383 475 4441 ut
504 4375 552 4441 vel
579 4376 691 4462 aliquis
718 4375 839 4440 dicatur
866 4384 976 4442 sortem
999 4376 1167 4457 λαγχάνειν
1174 4425 1184 4454 ,
1210 4376 1256 4439 vel
1279 4394 1344 4437 sors
1368 4397 1448 4437 eum.

438 4496 553 4560 Prioris
584 4496 702 4581 generis
734 4503 780 4559 est
810 4494 860 4560 Ol.
891 4496 937 4560 VI
970 4499 1010 4559 56
1034 4495 1117 4577 λοίχε
1141 4495 1170 4560 τ’
1194 4494 1325 4577 Ἀλφεὸν
1347 4496 1448 4571 οἰκεῖν,
