3767 5534
847 749 910 813 ast
970 818 974 832 ,

380 951 461 1014 omni
491 950 635 1015 violentia
665 951 865 1014 alienissimis.
918 950 971 1034 Py.
1006 949 1035 1012 X
1067 952 1124 1011 65:
1166 972 1273 1027 „sacra
1308 974 1381 1035 gens

379 1069 442 1132 sine
464 1069 617 1134 laboribus
640 1070 822 1153 proeliisque
845 1070 936 1146 vivit,
961 1068 1080 1154 fugiens
1105 1066 1279 1132 Nemesin.”

425 1190 478 1267 29,
511 1189 691 1259 ’Λπόλλωνος
719 1189 886 1263 θεράποντα.
923 1187 1026 1251 Etiam
1054 1186 1108 1270 Py.
1140 1186 1170 1249 X
1195 1189 1235 1250 53
1264 1186 1379 1271 Hyper·

381 1305 485 1369 boreos
508 1306 681 1392 Apollinem
705 1307 795 1370 sacris
818 1306 915 1370 colere
938 1301 970 1370 e't
991 1306 1079 1369 illum
1100 1304 1200 1369 Deum
1219 1305 1266 1383 his
1288 1306 1379 1369 sacris

379 1425 512 1509 impense
546 1424 676 1510 gaudere
711 1424 813 1489 tradit.
860 1424 900 1488 Et
934 1423 985 1489 Ol.
1021 1423 1103 1488 VIII
1134 1426 1175 1487 63
1207 1424 1318 1509 Apollo
1342 1424 1380 1487 ad

380 1542 492 1606 Istrum
528 1544 744 1629 proficiscitur,
785 1552 865 1608 certe
903 1543 942 1607 ad
977 1542 1243 1629 Hyperboreorum
1278 1565 1376 1621 sacra,

379 1660 531 1745 quomodo
562 1661 599 1724 ad
630 1662 780 1726 Isthmum
813 1661 852 1725 ad
882 1663 994 1725 festum
1025 1661 1174 1746 inclytum
1202 1660 1378 1746 Neptunus.

380 1780 418 1843 llt
448 1779 567 1843 videtur
598 1780 862 1865 Hyperboreorum
892 1782 1046 1865 regionem
1079 1780 1243 1866 Sophocles
1267 1781 1379 1865 signifi-

378 1922 463 1987 casse
481 1921 560 1977 eam,
586 1923 674 1986 quam
699 1900 861 1985 appellavit
885 1908 1039 1968 vetustum
1063 1900 1186 1963 hortum
1210 1899 1376 1983 Apollinis,

377 2039 545 2082 memorans
576 2028 697 2103 raptum
728 2018 903 2103 Orithyiae,
936 2040 1062 2103 eamque
1092 2041 1110 2081 a
1140 2018 1238 2082 Borea
1268 2017 1379 2082 'abduc-

377 2145 439 2200 tam
461 2159 525 2201 esse
1218 2132 1219 2137 ἵ

509 2257 578 2337 ὑπὲρ
600 2282 634 2321 τε
657 2256 757 2321 πόντον
780 2257 869 2321 πάντ’
892 2255 940 2319 ἐπ’
965 2254 1086 2335 ἔσχαται
1107 2254 1225 2337 χθονὸς,

507 2376 622 2447 Νυκτός
644 2400 678 2440 τε
700 2376 802 2452 πηγὰς
824 2378 939 2455 οὐρανοῦ
962 2377 990 2438 τ’
1013 2374 1214 2455 stramem,

508 2494 611 2571 Φοιβοῠ
634 2518 668 2559 τε
691 2494 939 2565 melioritatem.

374 2610 482 2676 Strabo
497 2611 534 2675 L.
547 2611 611 2675 VII
627 2611 661 2675 Ο.
677 2611 728 2675 ΙΠ
743 2635 772 2696 p.
787 2614 861 2674 295.
886 2610 926 2675 Et
942 2634 976 2673 vs
988 2613 1031 2674 46
1047 2611 1114 2695 ipsa
1127 2610 1260 2674 Artemis
1276 2609 1375 2694 appel-

374 2730 455 2794 latur
482 2731 573 2795 Istria
595 2741 626 2795 et
649 2731 811 2796 Herculem
835 2731 948 2795 dicitur
971 2732 1122 2815 excepisse
1145 2710 1219 2795 olim
1242 2732 1274 2795 in
1297 2739 1377 2795 terra

375 2849 647 2934 Hyperboreorum.
695 2850 884 2936 Cony‘unctus
908 2858 988 2913 certe
1011 2849 1092 2934 apud
1117 2871 1168 2913 eos
1191 2849 1251 2914 fuit
1272 2849 1375 2914 cultus

376 2968 527 3054 Apollinis
551 2979 581 3033 et
603 2969 729 3034 Dianae.
768 2968 949 3063 Herodotus⁸
964 2969 1003 3033 de
1021 2968 1225 3054 Hyperboreis
1243 2969 1376 3055 plurima

374 3108 509 3150 narrasse
543 3087 648 3151 Delios
682 3087 773 3164 dicit,
809 3098 840 3150 et
869 3087 907 3151 de
938 3087 1046 3164 sacris,
1071 3109 1148 3170 quae
1172 3087 1209 3151 ab
1232 3087 1294 3151 illis
1316 3088 1374 3173 ipsi

374 3208 559 3290 acceperint,
585 3228 661 3289 quae
684 3207 909 3292 apportaverint
924 3206 1056 3290 virgines
1072 3205 1299 3291 Hyperboreae,
1323 3207 1375 3270 tri-

318 3410 320 3415 ·
374 3324 482 3389 butum
505 3324 657 3409 Ilithyiae.
704 3325 855 3402 „Earum
879 3324 997 3408 inquit,
1021 3324 1160 3388 tumulus
1184 3332 1230 3387 est
1252 3324 1283 3387 in
1305 3324 1376 3387 fano

374 3443 552 3520 Artemidis,
570 3442 734 3525 ἐπιπέφυκε
752 3444 781 3508 δέ
801 3445 824 3507 οἱ
844 3442 959 3517 ἐλαίη.”
983 3442 1100 3506 Pariter
1114 3465 1236 3508 narrare
1252 3443 1373 3519 Delios,

372 3564 463 3626 ctiam
492 3564 576 3646 prius
608 3563 724 3626 venisse
751 3566 852 3645 Argen
884 3570 914 3625 et
942 3560 1041 3646 Opin:
1072 3584 1147 3646 quas
1170 3561 1238 3639 ἅμα
1262 3566 1372 3627 αὐτοῖσι

371 3674 456 3745 ccicc
475 3684 557 3745 θεοῖσι
579 3681 732 3745 ἀπικέσθαι
754 3681 881 3758 λέγουσι.
928 3679 992 3761 Qui
1016 3681 1139 3764 quidem
1161 3680 1213 3744 Dii
1236 3704 1296 3745 non
1322 3682 1374 3746 alii

372 3778 465 3863 luisse
489 3799 631 3863 videntur
654 3810 745 3883 atque
769 3800 880 3884 Apollo
904 3810 935 3863 et
959 3802 1099 3864 Artemis.
1139 3802 1242 3885 Atque
1266 3800 1374 3865 harum

371 3917 511 3982 tumulus
534 3918 593 3981 fuit
616 3940 694 4001 pone
717 3919 865 4003 templum
890 3918 1063 3981 Artemidis.
1099 3918 1144 3982 Ut
1163 3926 1263 3982 totum
1284 3941 1373 3983 suum

372 4036 465 4121 prolis
492 4036 638 4100 Latoniae
666 4038 780 4101 cultum
804 4038 841 4101 ab
866 4037 1069 4122 Hyperboreis
1092 4038 1174 4101 Delii
1196 4038 1372 4124 repetivisse

371 4154 547 4232 videantur,
576 4156 663 4238 isque
691 4156 755 4240 ipse
774 4156 879 4219 'cultus
903 4156 984 4219 oliva
1006 4179 1068 4219 non
1091 4157 1232 4221 caruisse.
1258 4157 1370 4222 Herod.

371 4273 408 4337 L.
432 4273 478 4336 IV
501 4273 535 4338 (l.
557 4277 697 4337 33-35.
733 4274 913 4338 conferatur
936 4275 970 4339 P.
991 4274 1020 4339 J.
1041 4274 1200 4359 Oosterus,
1225 4277 1270 4340 De
1292 4277 1372 4340 oude

373 4394 481 4457 wereld
504 4411 576 4457 naar
599 4394 788 4472 Herodotus,
813 4395 829 4457 I
853 4418 882 4479 p.
910 4398 982 4459 116.
1018 4395 1119 4480 Ipsius
1140 4417 1210 4459 vero
1230 4396 1372 4482 Delphici

358 4494 487 4575 'oraculi
511 4513 656 4599 originem
681 4513 718 4576 ab
738 4513 940 4599 Hyperboreis
959 4514 1117 4601 repetitam
1136 4513 1230 4578 fuisse
1249 4488 1372 4579 traditio
