3767 5534
981 723 1044 782 286

503 923 587 1007 quod
607 922 759 1008 appellata
778 921 818 984 sit
834 921 1027 1006 Hypodoria:
1048 944 1147 1007 neque
1166 922 1245 986 enim
1262 923 1294 986 id
1307 946 1371 988 esse
1385 923 1517 986 Dorium

502 1042 584 1125 quod
616 1043 656 1105 sit
688 1042 910 1126 Hyporlorium.
959 1041 998 1103 llt
1029 1042 1060 1105 id
1092 1041 1215 1125 quidem
1238 1051 1319 1106 recte
1343 1042 1517 1106 contendit.

503 1160 619 1224 Verum
635 1161 694 1224 alio
711 1162 802 1224 modo
819 1162 928 1225 Aeolia
945 1161 1103 1225 harmonia
1115 1163 1216 1246 potuit
1228 1163 1379 1226 contineri
1393 1163 1521 1226 nomine

502 1281 624 1346 Dorias.
671 1280 795 1367 Quippe
827 1281 1024 1358 Aristoteles,
1061 1282 1108 1345 De
1139 1281 1214 1367 Rep.
1246 1281 1283 1346 L.
1318 1281 1366 1346 IV
1398 1281 1432 1347 0.
1466 1282 1537 1347 III'

502 1402 599 1465 multa
622 1401 745 1486 quidem
770 1400 846 1464 dicit
869 1424 933 1465 esse
957 1401 1253 1486 rerumpublicarum
1276 1401 1405 1486 genera,¹
1434 1426 1521 1488 prae-

502 1522 592 1606 cipua
621 1543 692 1586 vero
723 1521 803 1599 duo,
836 1520 949 1606 quibus
973 1522 1092 1605 reliqua
1115 1521 1223 1607 subjici
1249 1522 1382 1606 possint:
1409 1522 1516 1587 codem

501 1640 609 1718 modu,
642 1664 738 1725 quum
770 1640 873 1726 plures
905 1641 987 1704 venti
1012 1640 1090 1718 sint,
1127 1641 1306 1726 praecipuos
1330 1663 1395 1705 esse
1420 1640 1519 1720 duos,

501 1761 623 1824 boream
648 1768 678 1825 et
701 1767 827 1838 uotum,
853 1768 883 1824 et
899 1760 1065 1845 zephyrum
1083 1760 1115 1824 in
1133 1760 1241 1838 borea,
1267 1782 1374 1825 eurum
1392 1761 1425 1825 in
1442 1769 1519 1825 noto

502 1881 590 1966 poni:
608 1881 699 1944 ctiam
716 1903 811 1965 quum
828 1880 932 1965 plures
949 1881 1011 1943 sint
1026 1880 1216 1959 harmoniae,
1235 1881 1398 1965 praecipua
1411 1901 1518 1944 earum

502 2023 612 2085 genera
635 2023 699 2063 esse
723 2000 802 2076 duo,
828 2000 959 2063 Dorium
982 2006 1012 2063 et
1035 1999 1221 2085 Phrygium,
1247 2001 1279 2064 iu
1305 2019 1410 2064 eorum
1428 2000 1519 2064 alter-

501 2127 571 2183 utro
601 2119 734 2204 reliquas
766 2120 939 2183 harmonias
965 2120 1055 2204 poni:
1089 2129 1162 2184 sunt
1186 2120 1260 2184 haec
1283 2120 1382 2205 ipsius
1406 2119 1517 2183 verba:

501 2240 602 2314 ὂααως
633 2239 658 2302 δ’
689 2239 825 2319 ἔχεικαὶ
849 2240 912 2321 περὶ
936 2241 992 2311 τας
1015 2239 1170 2318 ripuarias,
1195 2237 1231 2311 ὥς
1254 2240 1335 2322 φασί
1356 2260 1442 2311 τινες·
1466 2238 1518 2303 καὶ

498 2359 557 2438 γαρ
581 2360 642 2422 ἐκεῖ
661 2361 785 2423 τίθενται
809 2359 869 2433 εἴδη
895 2359 959 2438 δύο,
983 2361 1035 2433 τὴν
1060 2358 1183 2438 Δωριστὶ
1208 2360 1257 2423 καὶ
1281 2360 1333 2433 τὴν
1357 2358 1518 2438 Φρυγιστὶ,

499 2479 539 2542 τα
570 2478 595 2541 δ’
626 2475 711 2541 ἄλλα
742 2479 946 2555 συντάγματα
981 2480 1021 2543 τὰ
1055 2480 1109 2556 μὲν
1145 2478 1241 2557 Δώρια
1272 2479 1312 2543 τὰ
1343 2478 1372 2541 δὲ
1403 2478 1519 2559 Φρύγια

499 2604 632 2664 καλοῦσι.
671 2596 779 2677 Quum
802 2620 874 2681 ergo
898 2597 1049 2661 Pindarus
1073 2597 1233 2679 φόρμιγγα
1252 2598 1364 2677 Δωρίαν
1383 2596 1519 2682 appellet

501 2725 533 2780 et
562 2716 703 2792 Αἰοληΐδα
737 2716 874 2792 marala,
912 2717 1007 2780 Dorio
1038 2717 1161 2780 nomine
1194 2716 1315 2780 videtur
1346 2739 1421 2780 usus
1453 2738 1520 2779 esse

504 2837 661 2913 universo,
695 2858 757 2920 quo
788 2835 930 2899 Aeolium
963 2836 1189 2913 contineretur,
1226 2845 1262 2900 ut
1293 2843 1323 2899 et
1355 2835 1457 2899 cantio
1490 2840 1522 2897 et

505 2955 621 3020 cithara
643 2955 758 3019 fuerint
786 2955 920 3019 Aeoliae.

552 3078 625 3139 168.
662 3081 768 3141 καλῶν.
807 3076 897 3141 Καλὰ
931 3083 1003 3139 sunt
1037 3074 1235 3152 laudabilia„
1260 3072 1521 3159 quemadmodum

505 3196 601 3261 Hiero
625 3195 770 3261 certando
795 3218 830 3259 ea
853 3218 885 3259 se
906 3196 1083 3280 cognovisse
1100 3194 1246 3280 prodidit.
1278 3193 1426 3258 Similiter
1445 3196 1520 3257 134.

548 3314 625 3396 ἴδριν.
666 3316 819 3402 Adjectivi
850 3315 942 3401 hujus
974 3315 1200 3399 comparativus
1232 3314 1279 3378 vel
1311 3313 1518 3399 superlativus

504 3458 566 3499 non
591 3436 747 3499 invenitur
769 3442 920 3519 quantum
945 3435 1018 3497 scic.
1056 3433 1125 3497 Hoc
1148 3433 1216 3497 loco
1239 3432 1424 3517 intelligitur
1440 3434 1521 3510 μᾶλ-

504 3572 554 3621 λυυ
578 3578 594 3619 ε
618 3562 764 3639 sequente
787 3555 958 3636 κυριώτερα.
991 3553 1041 3617 Sic
1060 3552 1185 3617 Tacitus
1209 3555 1290 3617 Ann.
1307 3552 1325 3615 I
1342 3553 1399 3617 57:
1425 3551 1521 3629 „Bar-

506 3676 601 3753 baris,
627 3681 743 3759 quanto
768 3674 836 3759 quis
861 3673 988 3738 audacia
1013 3681 1187 3759 promptus,
1212 3679 1299 3736 tanto
1322 3671 1420 3756 magis
1440 3668 1527 3734 fidus¹

505 3794 656 3879 rebusque
676 3794 766 3858 motis
785 3794 887 3879 potior
906 3793 1068 3859 habetur.''
1095 3802 1139 3858 Τε
1160 3800 1307 3878 sequente
1328 3790 1344 3867 ἢ
1365 3797 1411 3855 est
1427 3789 1519 3854 etiam

505 3913 587 3998 apud
618 3913 874 3999 Xenophontem,
907 3912 1021 3977 Oecou.
1057 3911 1118 3976 XX.
1151 3914 1189 3974 12
1218 3914 1299 3987 ἡγῇ
1324 3909 1464 3991 ὑγροτέρα
1487 3932 1521 3974 τε

504 4030 577 4099 οὖσα
599 4033 667 4113 πρὸς
690 4034 738 4099 τὸυ
761 4033 863 4115 σπόρου
887 4035 903 4109 ἢ
927 4031 1138 4113 αλμυδεττέρα
1161 4030 1229 4110 πρὸς
1252 4029 1387 4111 φυτείαν.

553 4154 626 4217 170.
662 4160 807 4231 πτυχαῖς.
844 4152 953 4232 Πτυχὴ
978 4159 1023 4215 est
1046 4150 1079 4214 id
1103 4150 1185 4235 quod
1209 4149 1357 4235 plicatum
1378 4153 1439 4225 est,
1464 4167 1521 4211 nec

505 4272 625 4336 differre
647 4272 770 4336 videtur
794 4294 811 4335 a
834 4270 924 4347 ττύξ.
961 4270 1154 4355 Hesychius:
1179 4267 1276 4351 ττύξ,
1303 4272 1318 4345 ἡ
1340 4268 1445 4348 πτύχα
1466 4273 1522 4330 aut
1568 4313 1571 4317 -

505 4393 626 4474 πτυχὴ,
658 4395 675 4467 ἡ
707 4390 819 4467 πλὲξις.
867 4390 957 4455 Certe
989 4398 1020 4454 et
1045 4388 1131 4466 ττυἙ
1161 4359 1540 4469 ε1τττυχίμ1κτ11υτε1εΙ

504 4511 696 4576 convallibus
715 4511 882 4589 montium,
904 4510 990 4576 velut
1007 4510 1099 4574 Hom.
1120 4509 1158 4573 Il.
1176 4507 1236 4571 XX
1255 4510 1296 4570 22
1313 4505 1404 4585 μενέω
1420 4504 1518 4587 πτυχὶ
