3767 5534
948 720 951 724 ·
973 688 1036 751 278

500 891 541 954 Et
565 890 647 976 apud
672 889 841 953 Pindarum
867 888 916 953 Ol.
943 888 990 951 VI
1015 893 1054 954 97
1080 891 1188 954 lamus
1213 891 1394 976 Neptunum
1416 891 1521 978 appel-

500 1012 619 1074 laturus
644 1011 676 1072 in
701 1008 835 1072 medium
860 1008 1020 1073 descendit
1045 1009 1209 1095 Alpheum.

550 1133 622 1193 117.
658 1131 671 1193 ὁ
703 1128 728 1191 δ’
761 1131 850 1209 adad.
899 1127 1089 1213 Hujusmodi
1121 1138 1166 1194 est
1197 1140 1335 1195 veterum
1357 1139 1521 1215 poetarum

498 1248 637 1336 jucunda
660 1247 697 1311 de
722 1247 791 1311 Diis
814 1248 970 1326 narrati0,
989 1249 1206 1333 superantibus
1223 1249 1315 1335 longe
1331 1249 1521 1315 celeritatem

502 1371 679 1447 hominum,
710 1378 745 1431 ut
776 1391 863 1432 suam
896 1368 1082 1432 celeritatem
1111 1369 1143 1432 in
1168 1369 1342 1455 apparendo
1366 1393 1521 1455 opemque

502 1491 626 1555 ferendo
657 1489 830 1552 ostendant.
878 1488 928 1552 Sic
957 1488 1039 1575 apud
1063 1488 1233 1553 Homerum
1258 1513 1293 1553 eo
1317 1490 1401 1568 loco,
1427 1512 1520 1574 quem

424 1651 428 1659 -
502 1610 593 1674 modo
625 1609 805 1686 memoravi,
835 1608 942 1672 Thetis
966 1611 997 1672 iu
1023 1608 1176 1693 profundo
1199 1610 1276 1673 mari
1301 1609 1408 1674 sedens
1434 1608 1522 1675 audi·

503 1730 547 1793 vit
570 1729 687 1805 filium,
712 1736 759 1807 et,
787 1730 850 1791 359

604 1848 798 1930 καρπαλίμως
821 1847 846 1911 δ’
869 1846 954 1912 ἀνέδυ
978 1856 1079 1923 πολιῆς
1104 1848 1175 1919 ἁλὸς
1199 1847 1263 1924 ἠΰτ’
1287 1850 1410 1932 ὀμίχλη.

552 1971 623 2030 119.
659 1966 855 2047 11111111.
892 1966 1101 2030 Pulcherrime
1124 1974 1273 2031 memorat
1296 1967 1407 2053 Pelops
1432 1989 1521 2048 eum,

504 2088 557 2172 qui
582 2087 662 2149 inter
686 2086 788 2175 ipsum
812 2092 843 2149 11
866 2085 968 2149 Deum
993 2087 1110 2164 fuerat,
1136 2109 1286 2164 amorem,
1312 2087 1400 2173 cujus
1422 2087 1524 2172 gratia

504 2228 587 2270 nunc
619 2226 742 2289 quoque
773 2227 895 2268 manere
923 2204 1072 2270 debebat:
1105 2207 1171 2291 ipsa
1203 2214 1323 2270 tantum
1355 2206 1436 2269 dona
1464 2204 1525 2269 Ve-

504 2324 586 2389 neris
617 2323 791 2408 praedicat,
822 2345 884 2386 non
916 2323 1021 2402 addit,
1054 2347 1071 2387 a
1095 2348 1126 2388 se
1149 2324 1203 2387 illa
1226 2324 1325 2389 Deum
1350 2324 1522 2409 accepisse:

505 2464 674 2529 provocans
698 2443 742 2505 sic
765 2441 803 2505 ad
823 2442 921 2527 ipsam
937 2442 1049 2507 amoris
1066 2443 1261 2508 dulcedinem
1277 2466 1334 2508 nec
1350 2442 1523 2508 mercedem

506 2562 595 2648 quasi
618 2562 684 2647 ipse
708 2562 766 2626 sibi
789 2561 941 2646 flagitans.

554 2684 627 2744 122.
662 2681 755 2761 ἔγχος
778 2678 918 2761 χάλκεον.
955 2678 1069 2745 Crebro
1093 2682 1137 2745 sic
1161 2682 1253 2746 etiam
1277 2682 1448 2760 Homerus,
1473 2703 1525 2746 ex-

507 2800 640 2886 primens
675 2800 780 2863 hastae
817 2800 977 2863 saevitiam
1013 2823 1140 2885 eamque
1172 2801 1210 2865 ad
1242 2800 1346 2865 oculos
1378 2801 1524 2865 referens

507 2920 596 2984 Conf.
622 2943 655 2983 vs
680 2923 698 2981 2
723 2920 868 2997 αἰθόμενον
891 2926 966 3000 πῦρ,
991 2923 1033 2984 40
1059 2923 1183 3002 καθαροῦ
1207 2921 1342 3002 λέβητος.

557 3041 628 3103 127.
653 3039 752 3118 κράτει
774 3040 803 3103 δὲ
826 3039 962 3104 πέλασον.
988 3039 1034 3104 Of.
1060 3064 1102 3103 vs.
1120 3043 1172 3105 34.
1190 3040 1297 3126 Eurip.
1311 3040 1413 3126 Iphig.
1430 3039 1525 3104 Taur.

511 3161 574 3221 886
598 3156 713 3240 11111111
736 3158 875 3233 πελάσεις
897 3158 1042 3241 βάρβαροι
1064 3166 1162 3242 φῦλα.

557 3280 630 3342 127.
666 3278 739 3343 ἐπεὶ.
786 3278 960 3344 Difficultas
995 3279 1170 3343 certaminis
1202 3286 1232 3343 et
1263 3278 1444 3365 magnitudo
1476 3301 1529 3364 pe·

509 3396 600 3461 riculi
624 3397 668 3460 ita
691 3408 969 3462 commemorantur
992 3399 1024 3462 in
1049 3399 1209 3483 precibuS,
1235 3408 1270 3462 11
1293 3398 1444 3462 auxilium
1466 3398 1528 3462 Dei

510 3516 666 3601 flagitetur
706 3518 883 3602 impensius.
931 3517 1097 3582 Procerum
1137 3518 1367 3582 interfectorum
1402 3517 1529 3581 uomina

511 3643 653 3701 enarrant
676 3636 857 3700 scholiastae
881 3646 911 3700 ct
933 3636 1101 3700 Pausanias
1124 3634 1161 3699 L.
1187 3635 1233 3699 VI
1257 3635 1291 3701 Ο.
1317 3636 1396 3700 XXI
1421 3639 1451 3702 7.

559 3757 631 3817 129.
667 3754 680 3817 ὁ
710 3756 822 3833 μέγας.
870 3755 929 3818 Η11
961 3778 992 3818 se
1020 3755 1087 3839 ipse
1110 3754 1148 3817 ad
1172 3754 1385 3819 fortitudinem
1408 3755 1529 3820 incitat.

513 3873 664 3958 Magnum
695 3874 883 3958 periculum,
915 3876 1036 3959 inquit,
1069 3896 1130 3937 nou
1163 3876 1261 3959 capit,
1293 3876 1312 3938 i.
1343 3897 1368 3938 1.
1393 3896 1456 3938 non
1480 3874 1532 3937 ad·

513 3992 609 4055 mittit
640 3993 739 4056 virum
772 3993 944 4072 imbellem,
975 3993 1112 4057 excludit
1136 4016 1222 4056 eum:
1249 4001 1282 4057 tu
1307 4016 1397 4077 crgo,
1422 3993 1448 4057 si
1471 3993 1531 4056 hoc

514 4110 683 4195 periculum
716 4111 799 4175 adire
832 4114 967 4198 cogitaS,
1001 4113 1073 4177 forti
1106 4112 1207 4176 animo
1240 4113 1321 4176 esto!
1347 4112 1425 4176 mori
1448 4112 1529 4175 euim

513 4230 631 4294 cunctis
655 4238 700 4294 est
723 4232 932 4317 propositum,
959 4240 1020 4296 tam
1046 4231 1164 4317 ignavis
1181 4254 1273 4315 quam
1289 4230 1435 4294 fortibus:
1454 4230 1531 4316 quid

513 4370 585 4433 ergo
619 4349 708 4412 malis
743 4358 931 4414 senectutem
963 4373 1107 4435 quaerere
1140 4350 1302 4434 ingloriam
1334 4372 1425 4434 quam
1458 4370 1529 4415 cum

515 4466 652 4553 periculo
677 4466 805 4552 gloriam
830 4470 935 4554 acqui?
