3767 5534
992 727 1055 788 332

520 944 584 983 των.
630 922 671 985 ut
690 924 892 988 moribundus
916 927 981 1011 ipse
1004 926 1210 1013 Hippolytus,
1239 927 1319 990 filius
1344 928 1526 1005 Amazonis,

517 1039 580 1123 jam
613 1041 692 1105 Deae
723 1042 850 1108 dilectae
880 1046 938 1109 sibi
962 1069 1022 1110 non
1047 1046 1194 1131 ampliuS,
1220 1046 1337 1129 inquit,
1364 1047 1422 1110 erit
1444 1047 1530 1110 ἱππο·

521 1159 617 1234 νόμους
640 1162 695 1225 οὐδ’
716 1164 905 1239 οὶνονλροοὶνονν
928 1163 1042 1244 φύλαξ.
1079 1163 1150 1228 Non
1173 1165 1306 1248 pertinet
1328 1164 1389 1229 huc
1410 1164 1529 1229 Dianae

521 1296 688 1360 cognomen
711 1280 837 1359 εὑρίνονοοο
861 1282 943 1365 apud
967 1282 1135 1347 Pheneatae
1159 1284 1191 1346 in
1217 1283 1364 1361 Arcadia,
1395 1283 1529 1357 Pausan.

521 1392 557 1458 L.
589 1395 671 1460 VIH
701 1397 735 1462 Ο.
769 1399 846 1463 XIV
878 1404 914 1464 5:
944 1401 1026 1485 quod
1050 1424 1112 1465 non
1136 1401 1260 1486 aliquod
1283 1412 1423 1485 equestre
1446 1403 1531 1467 Deae

520 1537 632 1580 munus
656 1518 851 1603 significavit,
875 1544 979 1587 verum
1002 1524 1030 1585 ei
1052 1522 1203 1586 tributum
1226 1523 1284 1585 fuit
1308 1522 1346 1586 ab
1366 1521 1478 1607 Ulysse
1495 1522 1529 1585 in

521 1636 695 1700 memoriam
719 1662 882 1723 equorum,
906 1663 984 1726 quos
1008 1642 1133 1705 amissos
1155 1641 1200 1705 ibi
1222 1650 1382 1725 repererat.

566 1756 619 1817 48.
654 1756 755 1836 δενρῖον.
780 1758 946 1824 Homerus:
960 1760 1156 1841 πολυδειράδος
1170 1760 1357 1838 Οὐλύμποιο,
1370 1758 1409 1823 ΙΙ.
1423 1757 1440 1822 I
1453 1762 1530 1823 499.

568 1875 618 1937 50.
653 1877 823 1953 οὶρνελίοονς.
858 1879 958 1944 Jussis
982 1903 1035 1964 per
1053 1881 1202 1945 nuncium
1218 1881 1351 1966 perlatis.
1376 1880 1531 1945 Homerus

522 1991 560 2056 Il.
585 1993 644 2055 XV
669 1997 731 2058 638

832 2126 996 2191 Μυκηναῖον
1020 2120 1203 2202 Περιφήτην,

578 2286 581 2290 .
654 2243 779 2313 Κοπρῆος
802 2236 888 2314 φίλον
912 2237 985 2318 υἱὸν,
1010 2234 1039 2308 ὃς
1062 2238 1220 2317 Εὐρυσθῆος
1243 2234 1369 2308 ἄνοντος

654 2353 801 2428 ἀγγελίης
824 2352 956 2434 οἴχνεσκε
979 2356 1031 2436 βίον
1053 2357 1234 2437 Ἡροοκλνείρ.

569 2471 619 2533 51.
655 2471 729 2535 ἔντυ’
759 2473 889 2551 οὶνοὶνκοο.
921 2474 1091 2559 Theognid.
1127 2477 1206 2540 197:
1238 2474 1300 2538 ἐπεὶ
1332 2474 1453 2554 κροοτερή
1481 2496 1532 2549 μον

522 2589 639 2665 dodran
663 2590 763 2656 ἔντυεν.

569 2711 620 2771 51.
656 2710 804 2788 νοοονρόθεν.
838 2710 973 2775 lubente
995 2710 1079 2774 Jove.

569 2830 620 2890 52.
658 2827 767 2893 Cervos
798 2852 898 2894 carere
929 2831 1087 2907 cornibus,
1122 2852 1177 2894 nec
1200 2837 1301 2893 tamen
1326 2827 1383 2891 hoc
1405 2826 1532 2890 unicum

524 2968 588 3009 esse
622 2946 704 3031 apud
738 2947 846 3011 Poetas
879 2971 983 3013 cervae
1015 2949 1156 3013 cornibus
1187 2955 1310 3011 ornatae
1340 2943 1532 3028 exemplum,

524 3066 683 3152 disputant
706 3067 885 3132 scholiastae
909 3078 939 3132 et
962 3070 1151 3153 interpretes
1184 3067 1326 3131 Ceterum
1348 3066 1532 3149 Taygetum,

524 3184 658 3249 Atlantis
688 3186 799 3263 filiam,
832 3209 926 3270 quum
960 3209 976 3249 a
1005 3184 1081 3250 Jove
1112 3193 1212 3250 amata
1240 3185 1364 3260 fuisset,
1400 3202 1534 3266 eumque
1648 3209 1652 3214 ·

525 3327 656 3369 amorem
686 3306 877 3389 repudiaret,
911 3306 1051 3370 aDiana
1082 3307 1113 3369 in
1137 3327 1254 3368 cervam
1278 3326 1341 3367 esse
1364 3309 1533 3378 mutatam,

526 3434 630 3511 postea
652 3447 740 3502 vero,
765 3448 860 3509 quum
884 3427 916 3488 in
940 3446 1027 3490 suam
1050 3426 1178 3488 formam
1200 3424 1342 3488 restituta
1364 3430 1460 3498 esset,
1485 3420 1534 3484 sui

524 3544 591 3607 loco
613 3544 698 3608 illam
721 3567 839 3608 cervam
863 3544 944 3608 Deae
968 3565 1173 3619 consecrasse,
1198 3542 1230 3606 in
1254 3541 1376 3605 scholiis
1399 3538 1534 3603 narratio

525 3676 579 3727 est.
627 3662 664 3726 In
693 3685 755 3746 qua
776 3686 808 3726 re
833 3662 974 3726 nonnulli
998 3662 1056 3725 sihi
1079 3662 1206 3745 vestigia
1229 3658 1453 3744 deprehendere
1475 3655 1534 3721 visi

525 3794 598 3847 sunt
627 3782 842 3846 immolationis
874 3781 1050 3845 hominum:
1081 3803 1159 3863 quae
1184 3780 1275 3843 etiam
1298 3778 1329 3842 in
1353 3771 1533 3863 Iphigeniae

525 3901 652 3965 historia
675 3911 706 3965 et
730 3901 761 3965 in
785 3900 901 3964 Dianae
921 3900 1067 3964 Tauricae
1084 3899 1176 3963 sacris
1191 3921 1254 3962 non
1270 3898 1392 3961 absunt.
1416 3893 1533 3958 Eodem

526 4021 675 4104 pertinere
698 4020 873 4084 existimant
896 4018 1134 4083 verberationem
1159 4038 1322 4101 puerorum
1345 4014 1472 4099 Spartae
1495 4011 1533 4075 ad

526 4160 607 4202 aram
631 4138 767 4223 ejusdem
791 4139 872 4203 Deae
895 4137 1074 4201 Orthosiae:
1104 4136 1150 4200 vel
1173 4135 1319 4211 Orthiae,
1344 4141 1379 4196 ut
1400 4131 1535 4217 appellat

527 4259 710 4335 Pausanias,
742 4257 778 4321 L.
809 4257 861 4320 ΠΙ
892 4257 926 4320 Ο.
959 4256 1036 4319 XVI
1069 4260 1104 4318 t:
1139 4278 1216 4339 quae
1243 4254 1366 4318 nomina
1395 4252 1475 4314 inter
1502 4273 1535 4315 se

460 4390 465 4399 “
527 4378 645 4442 differre
669 4401 729 4442 non
754 4377 905 4440 videntur.
954 4374 1047 4461 Apud
1070 4373 1237 4439 Pindarum
1261 4380 1361 4436 tamen
1384 4370 1534 4434 hocloco

529 4498 566 4562 de
598 4521 632 4561 ea
662 4520 694 4561 re
725 4496 880 4560 silentium
911 4502 973 4559 est:
1005 4517 1104 4578 neque
1135 4494 1214 4557 enim
1244 4492 1392 4557 οὶνννθεῖοοο
1422 4496 1469 4553 est
1495 4489 1532 4555 ab
