3767 5534
851 740 915 802 283

375 944 460 1009 domi
482 943 682 1029 interrogavit
705 942 743 1007 de
766 941 846 1021 filio,
864 962 956 1026 quem
972 940 1098 1004 Evadne
1115 941 1297 1027 peperisset:
1315 963 1384 1004 narn

375 1062 493 1128 Phoebi
516 1061 605 1126 illum
628 1060 749 1126 dicebat
771 1060 909 1146 genitum
930 1082 995 1154 esse
1012 1058 1123 1144 patris:
1141 1081 1295 1145 supraque
1310 1080 1388 1122 mor-

375 1182 453 1247 tales
472 1182 538 1247 iore
553 1187 653 1247 vatem
670 1180 814 1244 eximium
833 1178 1018 1244 hominibus.
1050 1177 1100 1243 Sic
1113 1200 1185 1263 ergo
1197 1178 1388 1264 significavit.

373 1301 428 1365 Illi
457 1323 529 1365 vero
557 1321 613 1365 nec
642 1298 796 1364 audivisse
818 1320 874 1363 nec
898 1297 1009 1362 vidisse
1034 1296 1267 1384 praedicabant,
1292 1319 1388 1382 quum

374 1427 448 1485 ante
479 1419 616 1505 quinque
646 1418 711 1484 dies
740 1426 827 1483 ortus
857 1425 945 1483 esset.
965 1480 972 1496 ‚
989 1416 1103 1482 Verum
1135 1417 1216 1481 enim
1247 1415 1388 1481 occultus
1424 1418 1465 1478 90

372 1548 441 1604 erat
459 1539 495 1604 in
509 1538 613 1625 juncis
628 1538 780 1622 inviisquc
796 1536 929 1615 rubetis,
948 1535 1098 1601 violarum
1115 1534 1253 1600 candidis
1270 1542 1301 1601 et
1321 1558 1390 1621 pur·

371 1658 480 1745 puteis
509 1656 603 1722 radiis
633 1658 732 1743 rigato
763 1665 869 1721 tenero
899 1678 1042 1743 corpore:
1075 1666 1263 1741 quapropter
1293 1656 1385 1721 ctiam

370 1777 567 1863 nuncupavit
600 1776 690 1842 illum
713 1776 932 1863 appellandum
957 1799 1010 1863 per
1032 1798 1123 1840 omne
1147 1784 1268 1862 tempus
1292 1784 1389 1840 mater

374 1896 432 1961 illo
455 1895 621 1961 immortali
643 1897 777 1961 nomine.
825 1896 933 1960 Dulcis
957 1906 1120 1981 postquam
1144 1904 1175 1959 et
1198 1894 1323 1959 decorae
1347 1902 1390 1959 at

371 2016 449 2101 tigit
471 2016 604 2081 fructum
624 2015 815 2101 juventutis,
838 2015 871 2079 in
897 2014 1051 2100 Alpheum
1074 2013 1208 2079 medium
1233 2013 1391 2079 descendit

373 2141 409 2199 et
430 2132 614 2220 Neptunum
646 2141 804 2220 potentem
834 2135 953 2199 vocavit
982 2156 1072 2199 suum
1104 2156 1193 2197 avum
1225 2141 1255 2198 et
1286 2134 1390 2199 arcite·
1428 2135 1489 2197 100

373 2261 500 2317 nentem
530 2252 601 2318 Deli
632 2253 753 2319 divinae
781 2253 968 2340 praesidem,
992 2261 1099 2339 petens
1124 2254 1257 2338 aliquem
1281 2254 1389 2319 utilem

373 2373 492 2459 populo
522 2373 616 2458 capiti
646 2396 702 2437 suo
725 2374 889 2453 honorem,
914 2381 1004 2439 nocte
1027 2373 1083 2438 sub
1107 2372 1169 2438 dio.
1215 2373 1387 2460 Respondit

375 2490 526 2556 distincta
560 2514 617 2556 vox
647 2500 788 2577 paterna,
820 2492 971 2577 illumque
1002 2493 1169 2577 quaesivit:
1199 2492 1314 2578 Surge,
1346 2494 1389 2558 mi

374 2609 440 2689 fili,
473 2609 533 2675 huc
562 2610 711 2676 celebrem
742 2612 774 2675 in
805 2611 908 2676 locum
931 2634 1057 2696 sequere
1082 2634 1195 2676 vocem.
1231 2611 1391 2678 Venerunt

376 2730 434 2795 alti
466 2730 505 2795 ad
530 2731 658 2796 arduum
683 2754 791 2796 saxum
814 2730 936 2797 Cronii:
969 2731 1013 2797 ibi
1043 2732 1089 2797 illi
1120 2732 1207 2798 dedit
1236 2732 1389 2819 duplicem
1429 2737 1490 2799 110

374 2850 554 2915 thesaurum
580 2851 733 2915 vaticinii:
758 2858 826 2916 tum
849 2851 975 2936 quidem
995 2859 1031 2917 ut
1051 2875 1154 2918 vocem
1171 2852 1292 2918 audiret
1306 2854 1390 2939 igna-

374 2992 442 3034 ram
471 2970 639 3036 mendacii:
670 2982 777 3056 postea
807 2994 877 3036 vero
900 2994 994 3057 quarn
1016 2973 1102 3037 ferox
1125 2973 1276 3038 Hercules
1299 2972 1388 3037 adve-

375 3090 489 3168 nisset,
514 3099 647 3176 augusta
670 3091 849 3157 Alcidarum
867 3094 1043 3178 progenies,
1061 3102 1092 3157 et
1108 3094 1188 3180 patri
1205 3093 1392 3158 condidisset

377 3209 607 3275 celeberrimum
639 3212 750 3277 festum
788 3235 1003 3299 summumque
1034 3216 1237 3280 certaminum
1271 3195 1415 3281 ἰηεῖίιυ-Ι

377 3338 461 3408 tum,
497 3339 566 3395 tum
599 3354 669 3396 vero
700 3341 737 3395 ut
766 3332 853 3397 Jovis
884 3334 916 3397 in
949 3333 1097 3399 altissima
1128 3357 1180 3400 ara
1212 3336 1391 3402 vaticinium

377 3457 412 3515 ut
428 3450 574 3515 conderet
596 3452 765 3536 imperavit.
798 3451 844 3516 Er
868 3476 930 3538 quo
954 3453 1121 3519 clarissima
1144 3456 1177 3519 in
1198 3455 1323 3521 Graecis
1346 3463 1392 3520 est
1431 3459 1491 3519 120

319 3622 322 3642 2
377 3592 452 3654 gens
474 3569 676 3635 Jamidarum.
724 3571 867 3636 Felicitas
891 3594 942 3636 eos
966 3573 1111 3637 comitata
1136 3583 1190 3638 est.
1235 3574 1317 3638 Dum
1341 3576 1394 3639 ho-

377 3696 490 3754 norant
521 3689 666 3767 virtutes,
698 3690 732 3754 in
756 3691 835 3754 viam
860 3700 997 3777 apertam
1020 3693 1200 3778 procedunt.
1248 3692 1393 3758 Ostendit

378 3830 630 3894 unumquemque
662 3832 753 3875 suum
784 3833 872 3895 opus.
919 3811 1128 3899 Reprehensio
1159 3812 1196 3877 ab
1227 3813 1295 3877 aliis
1318 3813 1394 3877 invi-

377 3927 426 3991 dis
456 3928 613 4014 impendet
644 3929 700 4008 iis,
733 3930 847 4014 quibus
882 3931 1048 4016 aliquando
1083 3932 1215 4017 primum
1251 3932 1394 3997 duodeci·

378 4070 462 4111 mum
487 4069 610 4112 cursum
635 4050 914 4135 circumagentibus
930 4051 1103 4115 veneranda
1118 4051 1280 4138 adspergat
1294 4053 1393 4138 gratia

377 4168 505 4232 formam
541 4169 746 4254 conspicuam.
794 4170 826 4233 Si
860 4193 964 4235 revera
998 4171 1055 4236 sub
1090 4179 1193 4236 monte
1227 4171 1390 4257 Cyllenes,
1431 4175 1491 4236 130

379 4288 508 4372 Agesis,
533 4291 663 4354 materni
686 4290 744 4354 viri
768 4291 942 4356 habitantes
967 4291 1092 4356 deorum
1114 4315 1292 4377 praeconem
1314 4292 1393 4357 Mer·
1478 4287 1480 4292 ’

343 4457 346 4461 .
379 4406 499 4471 curium
532 4407 682 4473 donavere
719 4410 861 4495 precibus
897 4421 927 4475 et
963 4412 1118 4476 sacrificiis
1152 4413 1286 4476 multum
1321 4435 1392 4476 sanc

380 4525 485 4589 multis
516 4526 583 4611 pie,
615 4528 668 4611 qui
700 4530 865 4594 certamina
888 4531 967 4614 regit
991 4538 1164 4617 sortemque
1187 4532 1392 4617 praemiorum
