3767 5534
905 725 969 787 aul

436 928 632 991 conveniente
655 950 727 992 sane
750 929 904 1013 epitheto,
930 929 956 990 si
980 937 1107 991 venusta
1130 927 1239 992 decora
1255 929 1440 1013 cogitamus,

437 1068 514 1130 quae
536 1046 643 1111 Graeci
666 1046 819 1134 Nymphis
842 1047 1025 1113 tribuebant.
1049 1047 1163 1112 Tamen
1186 1048 1225 1112 cf.
1249 1048 1305 1112 Ist.
1327 1048 1343 1112 I
1366 1050 1417 1113 72.

483 1170 532 1231 18.
568 1167 719 1232 Memorat
752 1168 916 1232 scholiasta
952 1175 1037 1231 vetus
1073 1167 1111 1232 ad
1144 1168 1175 1232 h.
1206 1168 1247 1246 l.,
1279 1189 1297 1230 a
1328 1168 1441 1239 victore

437 1287 527 1351 etiam
558 1297 673 1373 patrem
697 1295 728 1352 et
750 1289 879 1373 patriam
904 1288 1094 1373 proclamari.
1119 1288 1160 1352 111
1183 1311 1255 1353 sane
1279 1289 1309 1353 in
1334 1289 1442 1373 quavis

437 1406 560 1491 publica
582 1415 612 1470 et
635 1407 753 1471 solenni
775 1430 825 1484 re,
853 1408 885 1471 in
909 1408 1073 1486 concione,
1097 1408 1128 1472 in
1153 1409 1220 1495 lege
1243 1408 1384 1486 ferenda,
1409 1410 1442 1473 in

437 1527 622 1610 populiscitu
660 1527 841 1605 sanciendo,
880 1529 975 1612 patris
1010 1552 1121 1594 nomen
1156 1530 1282 1616 adjungi
1316 1530 1442 1594 solebat.

437 1643 519 1723 Nec,
551 1646 577 1709 si
600 1644 760 1731 Olympiae
783 1669 854 1711 cum
877 1648 1000 1712 nomine
1022 1647 1195 1714 Psanmidis
1218 1671 1328 1713 nomen
1352 1650 1442 1713 Acro

438 1765 484 1828 nis
514 1766 609 1849 patris
640 1766 820 1829 nunciatum
850 1766 928 1843 fuit,
960 1766 992 1830 id
1021 1773 1107 1831 extra
1128 1789 1243 1832 morem
1265 1767 1360 1832 fnisse
1383 1789 1444 1832 ere·

438 1883 571 1948 dandum
611 1893 665 1948 est.
713 1884 920 1949 Veruntamen
957 1895 1080 1972 propter
1114 1887 1225 1951 factam
1259 1910 1276 1951 a
1310 1886 1443 1952 Pindaro

438 2004 753 2068 commemorationem
778 2004 940 2068 verisimile
965 2028 1030 2069 esse
1053 2005 1211 2082 existimo,
1236 2006 1469 2070 subsedere.

411 2192 415 2201 ¹
438 2145 506 2187 nem
529 2123 687 2188 laudatum
710 2124 971 2209 conspicuumque
992 2124 1170 2189 Camarinae
1186 2125 1296 2203 civem,
1314 2125 1443 2189 necdum

438 2264 473 2307 eo
496 2250 630 2328 tempore
652 2243 745 2307 fnisse
768 2251 938 2321 mortuum,
964 2243 1017 2308 sed
1040 2242 1246 2329 grandaevum
1270 2266 1371 2308 senem
1388 2243 1443 2307 filii

439 2361 535 2446 gloria
558 2362 752 2427 delectatum.

483 2483 536 2545 20.
570 2481 638 2544 Jam
662 2504 680 2545 a
702 2480 847 2566 Nympha
870 2480 1091 2545 Camarina-ad
1115 2480 1271 2545 Palladem
1296 2482 1445 2546 convertit

439 2600 534 2665 Poeta
563 2601 745 2679 orationem,
777 2601 862 2665 urbis
894 2600 1080 2666 Praesidem.
1127 2601 1283 2665 Dicuntur
1313 2601 1445 2685 origines

437 2720 522 2785 urbis
560 2719 740 2785 (lamminae
778 2720 872 2785 fnisse
910 2720 1155 2805 Phoeniciae21)
1194 2720 1304 2804 quodsi
1343 2728 1444 2784 autem

437 2840 604 2905 Phoenices
623 2817 712 2904 'clari
747 2840 872 2905 fuerunt
907 2840 1023 2905 artibus
1056 2841 1254 2926 ipsarumque
1288 2839 1443 2903 literarum

438 2961 610 3025 inventores
632 2960 727 3023 fuisse
750 2960 905 3037 feruntur,
930 2960 967 3024 ab
991 2959 1065 3044 ipsis
1082 2960 1145 3045 jam
1165 2960 1292 3023 fortasse
1315 2958 1446 3023 civitatis

436 3078 621 3143 incunabilis
645 3078 689 3141 ibi
712 3063 897 3142 domesticus
920 3078 981 3142 fuit
1004 3079 1069 3162 ejus
1093 3078 1175 3142 Deae
1199 3078 1320 3155 cultus,
1353 3098 1445 3162 quam

438 3196 547 3261 Graeci
578 3196 734 3261 Palladem
765 3206 795 3261 et
826 3197 969 3261 Athenen
1001 3196 1247 3281 appellaverunt,
1279 3194 1446 3259 Phoenices

437 3322 537 3380 autem
561 3314 664 3380 Oncae
687 3316 828 3394 nomine,
852 3338 907 3379 nec
930 3316 1006 3400 ipsis
1030 3314 1154 3378 Graecis
1178 3314 1352 3398 incognito,
1377 3313 1447 3377 ado-

436 3443 550 3498 rarunt.
568 3435 593 3518 2)
616 3433 723 3512 Certe,
748 3434 775 3497 si
797 3433 1003 3511 Camarinaei,
1028 3441 1064 3497 ut
1087 3433 1222 3508 videtur,
1248 3432 1368 3496 navium
1394 3431 1445 3495 do-

437 3574 616 3636 morumque
639 3552 848 3617 aedificatione
871 3554 1112 3637 praestiterunt‚
1137 3550 1220 3615 haud
1244 3551 1357 3636 injuria
1379 3549 1446 3613 Pal-

436 3671 536 3735 ladem
559 3671 721 3735 coluerunt
743 3672 916 3756 praecipue.

482 3790 534 3851 al.
570 3788 720 3863 abacelam.
756 3787 941 3852 Scholiastas
975 3788 1064 3851 video
1101 3787 1232 3871 aliquam
1267 3786 1443 3871 hujusmodi

435 3906 687 3990 significationem
721 3907 793 3970 huic
828 3906 977 3992 adjectivo
1009 3906 1161 3982 tribuere,
1194 3927 1271 3988 quae
1303 3904 1343 3968 sit
1374 3926 1443 3968 con-

468 4141 492 4199 1)
510 4140 603 4189 Bruuet
620 4140 649 4189 de
666 4141 748 4189 Presle
765 4157 790 4205 p.
809 4140 864 4189 100.

466 4236 491 4296 2)
508 4237 579 4300 Apud
596 4237 681 4285 dasch.
704 4236 771 4300 Sept.
788 4254 808 4285 c.
826 4236 872 4284 uh.
891 4236 938 4283 lot
956 4235 1058 4283 chorus:
1076 4232 1173 4303 μάκαιρ’
1189 4232 1271 4293 111111σῖ
1280 4234 1361 4298 Ὄγκα.
1397 4234 1442 4281 Ubi

433 4330 574 4380 scholiastae
592 4331 692 4390 docent,
710 4333 790 4380 Onoae
808 4332 906 4381 nomine
923 4328 1051 4393 significari
1069 4327 1180 4377 Atheneo
1199 4328 1316 4378 Thebanis
1332 4329 1443 4377 domesti'

433 4441 498 4485 eam,
522 4427 618 4475 nomine
635 4444 648 4475 a
665 4427 826 4476 Phoenicibus
843 4427 960 4490 repetito,
980 4428 1079 4489 propter
1097 4422 1182 4473 Cadmi
1199 4424 1352 4472 Phoenicium
1371 4424 1441 4487 origi·

432 4536 496 4570 nam.
519 4521 556 4571 Cf.
574 4539 618 4571 van
636 4522 751 4587 Limburg
769 4524 893 4581 Brouwcr,
912 4521 1054 4571 civilisation
1071 4519 1113 4568 dea
1129 4519 1215 4579 Grecs,
1234 4520 1261 4569 Τ.
1280 4522 1304 4569 11
1322 4538 1344 4584 p.
1363 4520 1419 4569 822.
