3767 5534
910 734 973 794 525

432 937 537 1017 ρουέχου
552 936 600 1002 ἅτ’
616 935 777 1015 ἀλέκτορος.
814 934 898 998 Gelli
917 933 1143 1018 comparatione
1160 933 1263 996 utitur
1279 934 1449 1018 Aeschylus

432 1056 464 1118 in
489 1052 688 1138 significando
712 1052 793 1119 bello
816 1052 915 1129 civili,
939 1051 1070 1149 Eumen.
1097 1053 1159 1114 861

588 1171 656 1248 μηδ’
678 1168 807 1246 ἕξελοῡο)
829 1172 866 1240 ὥς
889 1169 1009 1249 eaptus
1031 1169 1194 1248 ἀλεκτόρων

591 1292 620 1353 ἕο
643 1296 702 1361 τοῖς
724 1290 804 1367 ἐμοῖς
826 1289 957 1353 οἱοτοῑσιυ
979 1288 1092 1369 ἱδρύσῃς
1111 1286 1186 1365 ’Ἃριρ

591 1405 737 1489 ἐμφύλιόν
758 1432 793 1472 τε
815 1407 865 1472 nai
890 1407 959 1487 πρὸς
981 1407 1131 1480 ἀλλήλους
1154 1404 1266 1484 θρασύν.

591 1526 700 1604 ducatos
724 1524 799 1590 ἔστω
822 1524 967 1603 πόλεμος,
990 1526 1022 1588 οὐ
1045 1522 1132 1601 μόλις
1154 1524 1265 1603 πορὼν,

593 1638 731 1724 εὐῷτις
755 1643 837 1709 ἔοτοιι
861 1644 947 1715 δεινὸς
970 1642 1104 1712 ἐὖκλείοις
1129 1638 1211 1721 ἔρως·

594 1761 708 1825 ἐνοικίου
731 1760 756 1823 δ’
779 1760 876 1840 ὄρνιθος
898 1762 1033 1837 ου’λέγω
1056 1760 1171 1842 μέχρι.

438 1876 527 1957 Quae
561 1878 747 1962 comparatio
778 1877 888 1941 nititur
919 1877 1122 1943 similitudine
1152 1878 1287 1963 duplici:
1319 1899 1390 1944 nam
1421 1883 1452 1940 et

439 1996 592 2082 gallorum
622 1995 654 2059 in
685 2018 789 2080 pugna
819 1995 984 2061 crudelitas
1015 1997 1223 2081 significetur,
1255 2003 1286 2060 et
1316 1995 1452 2061 absentia

440 2113 572 2198 gloriae,
604 2135 700 2197 quum
732 2114 845 2179 ἐνοικίου
870 2113 969 2194 ὄρνιθος
991 2115 1081 2194 μοὶχκ
1106 2121 1280 2199 opponatur
1302 2113 1330 2177 ei
1353 2111 1451 2190 bello,

441 2230 473 2294 in
504 2252 566 2314 quo
597 2229 676 2295 foret
705 2230 790 2303 δεινος
820 2231 955 2303 stenelus
985 2230 1061 2311 ἔρως.
1109 2230 1177 2295 Ηου
1200 2238 1303 2295 autem
1326 2229 1452 2293 Pindari

441 2346 509 2410 loco
532 2346 620 2411 nulla
643 2355 690 2427 est
711 2346 903 2411 crudelitatis
926 2347 1127 2431 significatio,
1151 2347 1205 2411 sed
1228 2346 1448 2431 ignobilitatis:

442 2486 498 2528 nec
521 2471 623 2528 temen
644 2463 720 2529 >belli
742 2464 840 2529 civilis
863 2464 1008 2549 cogitatio
1031 2466 1212 2549 attingitur,
1237 2464 1290 2529 sed
1311 2464 1452 2529 currendi

442 2582 608 2646 certamina
634 2580 815 2647 Gnosiorum
839 2580 1007 2647 domestica
1029 2583 1258 2667 significantur,
1283 2583 1315 2646 in
1339 2581 1452 2666 quibus

443 2705 513 2762 ante
544 2698 685 2762 exsilium
712 2698 870 2783 Ergoteles
893 2698 994 2764 inerat
1018 2707 1172 2777 versatus,
1197 2721 1363 2784 eorumque
1387 2699 1454 2763 obs·

443 2816 555 2878 curites
578 2822 770 2899 comparatur
792 2837 862 2879 eum
885 2815 1014 2893 Isthmi,
1039 2816 1205 2900 Pythonis,
1227 2791 1319 2880 vPisce
1335 2817 1455 2900 ingenti

443 2932 557 3017 glorie,
582 2933 694 3017 quibus
717 2933 793 2999 locis
816 2933 974 3017 Ergoteles
994 2935 1058 3019 jam
1080 2956 1143 2998 non
1167 2933 1298 2998 Cnosius
1317 2935 1375 2997 sed
1399 2933 1454 2997 Hi-

442 3072 579 3115 meraeus
602 3052 635 3114 in
650 3052 747 3116 totius
764 3060 929 3137 conspectu
946 3051 1090 3117 Graeciae
1106 3075 1257 3118 summum
1273 3052 1454 3118 nobiltetem

442 3161 602 3253 repererat.

489 3289 553 3350 224
575 3287 683 3361 ἀκλεὴς
705 3286 791 3365 τιροοὶ.
826 3287 919 3351 Recte
943 3288 1078 3353 'Pafelius
1102 3288 1189 3351 affert
1207 3287 1315 3373 Eurip.
1333 3287 1454 3353 Heracl.

446 3405 508 3465 620
532 3404 640 3476 οέκλείις
656 3401 727 3478 δόξω
743 3410 774 3468 et
790 3403 900 3468 Helen.
920 3408 983 3467 135
1001 3405 1122 3485 οοὶσχρου
1139 3405 1229 3477 κλέος.
1265 3403 1358 3469 Recte
1373 3404 1456 3468 idem

443 3521 698 3602 κατεφυλλορόησε
722 3520 853 3605 e'xplicet
877 3520 1054 3585 defluxisset
1076 3521 1162 3585 velut
1185 3521 1325 3585 arborum
1349 3521 1432 3586 folia.

491 3640 542 3702 23.
580 3640 603 3727 cl
634 3640 687 3716 μή.
724 3639 904 3703 Aristoteles
935 3637 1028 3703 Polit.
1060 3638 1095 3703 ΙΙ
1125 3638 1160 3704 C.
1185 3638 1259 3723 VH*
1280 3638 1319 3703 de
1349 3638 1455 3703 cteta:

444 3753 619 3830 ξεικλοωίως
642 3757 702 3833 γὰρ
725 3756 759 3821 τὸ
780 3756 867 3837 πόρρω
891 3756 1041 3850 πεποίηκε.
1081 3756 1126 3820 Ut
1140 3779 1202 3822 non
1218 3757 1350 3821 multum
1366 3756 1458 3822 Grae·

444 3874 508 3937 ciae
530 3872 620 3937 rebus
644 3872 803 3937 Cretenses
824 3896 856 3937 se
870 3874 1072 3938 immiscuisse
1087 3874 1258 3959 videantur.
1293 3876 1341 3939 Dc
1357 3875 1457 3951 causis

444 4013 532 4068 vero,
557 3990 670 4074 quibus
692 3990 851 4075 Ergoteles
874 3992 1020 4055 incitatus
1044 3990 1137 4055 fnisse
1160 3990 1300 4056 videatur
1323 3999 1393 4077 post
1410 4016 1458 4057 ex-

445 4109 546 4172 silium
571 4108 610 4172 ad
634 4110 747 4201 majora
770 4104 951 4187 certamina,
977 4110 1152 4173 monuimus
1168 4110 1200 4173 in
1216 4107 1456 4175 introductione.

445 4209 549 4311 Atque
578 4227 612 4290 in
643 4227 749 4291 tabula
777 4226 1059 4314 Olympionicarum
1094 4229 1176 4312 apud
1200 4228 1366 4294 Kreusium
1389 4252 1458 4293 rara

445 4345 590 4408 memoria
620 4343 812 4408 Cretensium
843 4352 907 4409 est:
932 4354 1052 4429 praeter
1076 4345 1249 4431 Ergotclem
1272 4356 1458 4412 memoratur

445 4459 589 4539 Sotades,
622 4463 718 4527 victor
748 4463 780 4526 in
811 4462 934 4527 dolicho
958 4462 1009 4528 Ol.
1035 4467 1076 4527 99
1101 4471 1132 4529 et
1157 4466 1231 4530 100.
1278 4465 1456 4549 Philonides
