3767 5534
909 768 974 829 425

433 971 522 1035 facile
552 972 617 1035 ficri
648 993 752 1055 posse,
785 978 821 1032 ut
852 968 1030 1032 inconsulto
1053 967 1158 1051 aliqua
1183 966 1297 1030 oblivio
1314 967 1393 1029 liat:
1418 965 1449 1028 id

434 1088 518 1173 qnod
541 1089 574 1153 in
597 1088 726 1153 Rhodiis
750 1088 914 1173 apparuit,
939 1108 974 1149 vs
999 1089 1039 1148 85
1064 1085 1113 1149 nal
1138 1086 1180 1150 rol
1204 1084 1273 1163 yolo.

480 1209 533 1271 88.
569 1209 707 1287 πιιρὲλιιει
731 1207 919 1287 πριιγμιόπωι
941 1205 1024 1286 όρόόιι
1050 1204 1109 1270 tata
1125 1202 1178 1279 ἔξω
1194 1207 1312 1283 Φρενῶιι.
1349 1201 1451 1265 Anda·

434 1325 498 1389 cior
528 1324 603 1389 haec
634 1326 824 1389 constructio
855 1323 952 1388 videri
982 1329 1103 1408 posset,
1138 1322 1163 1384 si
1195 1320 1449 1405 exspectavisses:

432 1443 572 1524 παρέλκει
594 1444 702 1526 Φρέιιις
725 1443 779 1520 ἔξω
801 1445 883 1523 orlaa
899 1441 1087 1523 πραγμάτων
1103 1441 1187 1507 aava·
1212 1439 1271 1504 Sed
1289 1438 1450 1503 retinenda

433 1561 555 1626 videtur
577 1562 675 1647 ipsius
699 1563 937 1628 constructionis
964 1562 1131 1626 sententia:
1154 1560 1311 1639 πιιρόλιιει,
1334 1558 1449 1623 abstra-

433 1679 497 1757 hit,
531 1680 609 1744 viam
640 1702 658 1744 a
679 1688 781 1746 mente
804 1680 919 1758 aufert,
945 1679 1075 1757 occulit,
1101 1677 1192 1742 efficit
1215 1684 1251 1741 nt
1273 1699 1358 1742 mens
1382 1697 1447 1739 eam

433 1818 496 1861 non
518 1796 631 1862 videat.

480 1917 533 1979 86.
567 1918 620 1982 rol.
656 1916 744 1981 Oonf.
769 1916 820 1982 Ol.
845 1916 893 1981 VI
917 1919 969 1982 87.

481 2036 534 2098 86.
570 2034 620 2099 καὶ
650 2037 693 2100 rol
724 2038 795 2117 γόιρ.
831 2035 877 2100 Ex
908 2035 967 2099 hoc
994 2036 1140 2101 instituto
1171 2034 1318 2098 mansisse
1346 2038 1449 2097 narrat

435 2151 591 2219 Diodorus
622 2153 744 2219 Siculus
775 2177 889 2220 morem
917 2155 1000 2240 apud
1023 2153 1160 2218 Rhodios
1184 2176 1269 2218 sacra
1291 2152 1448 2216 Minervae

435 2271 502 2336 sine
531 2272 604 2356 igne
632 2270 781 2338 faciendiz
812 2273 849 2338 L.
883 2273 909 2333 V
940 2272 976 2339 O.
1011 2275 1069 2337 56:
1095 2273 1153 2338 lroc
1176 2274 1258 2338 enim
1280 2271 1449 2356 significare

435 2387 576 2465 videtur,
600 2390 750 2455 scribens:
774 2390 868 2472 διόπερ
893 2392 971 2474 Φιισὶ
995 2392 1136 2470 διαμένειν
1159 2391 1249 2472 μεχρι
1274 2396 1325 2456 τοῦ
1349 2396 1396 2455 ada
1416 2388 1450 2454 πό

435 2506 518 2572 κιιπόι
547 2511 599 2581 τὴν
625 2509 725 2574 dacica
750 2510 817 2575 ἴδιον
838 2512 867 2574 ἐι
889 2522 926 2592 τῇ
949 2511 1040 2590 Ῥόδῳ.
1065 2510 1153 2575 Idem
1177 2509 1264 2573 affert
1286 2508 1450 2573 scholiasta

436 2633 542 2706 vetus,
567 2628 622 2711 qni
639 2628 683 2692 'ab
708 2628 873 2714 Apollonio
898 2628 1019 2693 Rhodio
1043 2630 1133 2693 aliam
1157 2651 1279 2693 cansam
1296 2636 1449 2692 narratam

434 2744 529 2809 fuisso
562 2744 654 2831 hujus
682 2746 775 2810 moris
799 2745 893 2824 dicit,
919 2747 1033 2834 quippe
1057 2747 1161 2811 odium
1185 2746 1336 2825 Vulcani,
1360 2769 1450 2832 prop·

435 2870 518 2927 terea
548 2864 631 2947 quod
660 2865 687 2928 is
719 2864 890 2929 Minervam
920 2888 1020 2930 amare
1048 2888 1142 2930 ausus
1164 2867 1282 2930 fnisset.
1329 2864 1449 2944 Quodsi

436 2981 511 3047 haec
540 2982 620 3045 fama
649 2984 776 3066 antiqua
804 2984 867 3047 fuir
896 2991 928 3047 et
954 2984 1092 3047 innotuit
1114 2984 1266 3060 Pindaro,
1290 2983 1378 3047 facile
1402 2992 1448 3047 est

435 3099 622 3185 intelligere,-
643 3101 750 3179 illam,
774 3123 892 3186 semper
914 3101 952 3166 de
975 3103 1043 3167 Diis
1066 3102 1192 3166 meliora
1208 3101 1307 3166 dicere
1323 3101 1448 3165 studen-

435 3226 515 3298 tem,
539 3227 594 3283 aut
617 3218 707 3282 aliam
730 3219 926 3284 traditionem
949 3221 1036 3304 sequi
1058 3221 1220 3300 maluisse,
1245 3228 1298 3286 ant
1321 3221 1449 3285 fortasse

435 3337 520 3401 illam
543 3338 655 3402 famam
678 3338 722 3402 ita
745 3339 935 3417 emendasse,
961 3347 997 3403 nt
1018 3362 1102 3406 nunc
1126 3340 1208 3425 apud
1232 3362 1302 3405 oum
1325 3340 1448 3426 legitur.

404 3528 407 3531 Α
435 3454 516 3520 Vide
538 3455 633 3541 hujus
656 3456 752 3522 studii
776 3459 949 3543 exemplum
965 3457 1022 3522 01.
1047 3458 1064 3522 I
1089 3462 1141 3521 54.
1169 3457 1258 3522 Gonf.
1276 3458 1449 3523 dissertatio

435 3554 541 3638 nostra
563 3574 601 3637 de
624 3574 750 3639 Pindari
773 3574 947 3661 Sapientia,
971 3600 1001 3661 p.
1027 3578 1056 3641 l.

482 3692 535 3755 89.
569 3692 669 3765 ἄλσος.
716 3692 805 3758 Oonf.
829 3695 988 3759 annotatio
1012 3695 1050 3759 ad
1074 3694 1125 3758 01.
1149 3694 1201 3759 ΠΙ
1225 3697 1278 3758 31.
1384 3715 1386 3719 ·

483 3810 534 3873 89.
570 3813 599 3875 ἐν
627 3812 789 3891 ἀκροπόλει.
837 3813 977 3878 Affirmat
1004 3814 1196 3892 Boeckhins,
1229 3837 1328 3879 arcem
1356 3815 1448 3899 signi-

436 3929 519 3992 ficari
542 3928 703 4014 Lindiam,
726 3931 857 3995 laudans
881 3933 1010 3997 Meursii
1032 3933 1173 3997 Rhodi
1199 3937 1227 3998 6.
1275 3932 1346 4014 Quo
1368 3934 1446 4000 libro

435 4046 574 4111 nondum
596 4049 644 4112 nti
666 4048 763 4133 potiri.
811 4049 900 4115 Certe
923 4051 1063 4116 Minerva
1084 4051 1197 4116 Lindia
1212 4052 1294 4136 apud
1310 4051 1447 4116 Rhodios

437 4165 497 4228 ruit
520 4164 772 4246 celebratissima,
797 4169 890 4252 inque
914 4171 979 4255 ejus
1002 4170 1117 4255 templo
1141 4172 1232 4234 etiam
1255 4171 1313 4234 hoc
1329 4193 1448 4235 carmen

437 4291 644 4348 consecratum
676 4293 738 4349 est:
771 4294 802 4349 et
823 4299 1008 4352 memoratur
1030 4288 1062 4352 id
1086 4289 1235 4372 templum
1259 4312 1275 4352 a
1299 4289 1447 4354 Strabone

436 4394 473 4460 L.
505 4396 585 4459 XIV
616 4421 645 4483 p.
678 4401 760 4478 655,
786 4408 816 4465 et
840 4423 858 4464 a
881 4402 1102 4468 Diodoro'Sic.
1126 4403 1163 4468 L.
1189 4403 1217 4465 V
1241 4404 1276 4467 G.
1303 4406 1363 4483 58,
1389 4427 1444 4470 con
1491 4447 1497 4453 ,

435 4514 550 4594 ditum,
575 4517 745 4584 secundum
767 4520 871 4600 illum,
897 4545 915 4584 a
937 4522 1146 4603 Danaidibus,
1171 4526 1337 4590 secundom
1364 4526 1445 4590 hunc
