3767 5534
854 732 894 794 27

356 935 487 1020 quidem
520 932 658 1017 Oedipus
690 932 927 998 Atheniensium
958 933 1051 997 choro
1084 955 1194 997 nomen
1222 953 1380 1018 genusque

356 1078 454 1119 suum
485 1053 603 1139 aperire
634 1052 736 1116 timet:
771 1051 877 1117 audito
909 1050 1032 1117 taudem
1058 1052 1170 1116 chorus
1193 1052 1301 1115 lovem
1325 1050 1380 1115 im·

357 1174 463 1260 plorat
495 1174 631 1239 territus.
652 1172 676 1257 ¹)
721 1171 788 1237 Nec
822 1194 895 1237 sane
929 1171 1114 1238 Labdacidis
1146 1172 1211 1236 ulla
1242 1193 1316 1256 gens
1347 1170 1380 1234 iu

358 1293 490 1357 Graecia
520 1292 584 1357 lato
613 1292 765 1357 infelicior
795 1292 867 1356 fuit.
915 1289 1067 1355 Pindarus
1096 1312 1166 1355 vero
1190 1290 1223 1355 iu
1245 1288 1380 1353 carmine

357 1410 505 1498 Olympio
533 1410 668 1476 secundo
691 1410 880 1490 Theronem,
904 1433 1030 1497 magnas
1053 1410 1155 1475 clades
1180 1432 1379 1495 perpessum,

358 1530 539 1597 consolatur
566 1530 712 1617 exemplis
735 1551 836 1594 rerum
861 1530 1084 1607 humanarum,
1110 1551 1206 1614 quum
1232 1527 1277 1592 vel
1303 1528 1379 1591 anti-

359 1673 425 1735 qua
457 1650 580 1714 heroica
614 1649 749 1713 Deorum
781 1650 882 1734 proles
912 1672 975 1714 non
1006 1650 1101 1714 luerit
1132 1647 1380 1713 vicissitudinum

359 1793 477 1855 expers.
513 1769 595 1835 Fieri
617 1769 769 1834 malorum
791 1770 976 1835 oblivionem
1000 1770 1058 1847 cit,
1085 1770 1235 1834 bonorum
1256 1767 1381 1831 inventa

360 1888 593 1975 magnitudine:
623 1889 657 1952 in
685 1910 781 1972 eaque
804 1890 871 1974 ipsa
893 1888 1045 1953 bonorum
1069 1887 1244 1952 inventione
1267 1894 1379 1966 Μοῖραν

359 2017 528 2087 memorat,
558 2011 643 2095 justo
674 2008 812 2073 nomine:
827 2010 851 2092 9)
879 2010 904 2071 si
928 2007 1054 2093 quidem
1077 2005 1122 2071 illi
1147 2028 1209 2071 non
1231 2005 1292 2071 luit
1314 2007 1380 2081 lach

357 2136 476 2207 Molpa,
511 2126 565 2191 sed
599 2148 651 2204 ea,
688 2149 766 2211 quae
800 2127 965 2191 distribuat
1000 2127 1140 2190 fortunas
1175 2124 1375 2201 mortalibus,

356 2246 518 2329 bonasque
549 2255 579 2309 ct
611 2245 752 2310 adversas
776 2252 933 2330 temperet.
981 2244 1132 2330 Exempla
1154 2252 1259 2308 autem
1282 2242 1378 2307 sumit

356 2388 396 2429 ex
420 2362 530 2429 Cadmi
553 2373 660 2449 gente:
686 2387 722 2429 ex
742 2387 778 2429 ea
797 2365 862 2450 ipse
881 2364 1004 2429 Theron
1024 2364 1195 2429 deducebat
1215 2362 1379 2447 originem:

355 2483 479 2563 „Filiae
499 2483 607 2548 Cadmi
627 2506 738 2569 magua
758 2506 864 2570 passae
884 2485 1021 2561 lucrant,
1040 2484 1093 2549 sed
1110 2482 1260 2549 ceciderat
1276 2482 1377 2567 gravis

355 2626 479 2669 moeror
510 2625 528 2666 a
559 2603 647 2668 bonis
678 2603 855 2690 majoribus.
902 2603 963 2668 Sed
994 2604 1069 2667 alias
1093 2603 1145 2668 alii
1168 2604 1283 2667 fluctus
1307 2625 1378 2667 cnm

354 2722 480 2808 gaudiis
512 2729 543 2786 et
572 2721 729 2787 laboribus
761 2722 799 2786 ad
830 2722 970 2786 homines
1002 2722 1140 2786 veniunt.
1187 2721 1237 2787 Sic
1260 2729 1375 2804 Molpa,

355 2865 438 2927 qnae
467 2841 554 2906 illam
585 2842 761 2921 felicitatem
788 2841 931 2921 dederat,
961 2865 1065 2906 rursus
1090 2842 1150 2905 alio
1173 2852 1311 2928 ternpore
1334 2842 1379 2906 in·

357 2961 535 3025 fortunium
562 2960 687 3038 attulit,
712 2970 876 3045 postquam
899 2959 1011 3047 Lajum
1034 2960 1147 3025 occidit
1170 2960 1271 3025 letalis
1294 2960 1377 3025 filius

355 3078 485 3155 obvius,
518 3077 664 3163 quodque
694 3078 835 3163 Pythone
867 3078 985 3143 editum
1015 3079 1115 3144 lucrat
1144 3080 1307 3165 antiquum
1330 3103 1381 3144 cx-

355 3196 454 3284 plevit
485 3196 654 3261 oraculum.
691 3195 808 3260 Videns
840 3197 917 3260 aeris
948 3196 1098 3282 Erinnys,
1127 3197 1237 3262 fortem
1261 3198 1376 3284 prolem

355 3316 423 3401 ejus
455 3316 568 3379 occidit
599 3314 690 3379 caede
721 3315 862 3379 mutua.''
897 3314 1001 3400 Ipsius
1032 3315 1185 3401 Erinnyos
1217 3316 1292 3381 haec
1316 3341 1379 3382 uua

355 3436 392 3500 in
420 3434 555 3499 Pindaro
585 3435 702 3499 mentio
734 3442 797 3512 est3
829 3458 865 3498 ea
891 3443 995 3500 autem
1019 3436 1120 3500 illatas
1144 3460 1198 3521 per
1220 3436 1290 3523 Laji
1314 3459 1378 3502 cae-

357 3555 429 3619 dem
452 3553 575 3618 fatalem
606 3552 791 3618 Labdacidis
822 3576 983 3619 aerumnas
1014 3564 1174 3641 persecuta
1206 3565 1269 3634 cst3
1302 3579 1377 3641 quas

358 3694 520 3737 aerumnas
552 3681 715 3758 postquam
746 3680 836 3757 poeta
859 3673 919 3751 sio,
944 3681 981 3738 ut
1004 3676 1257 3754 memoravimus,
1284 3676 1380 3741 brevi·
1482 3695 1484 3700 ·

358 3794 419 3858 bus
449 3792 657 3878 gravibusque
688 3792 787 3857 verbis
818 3794 1018 3872 memoravit,
1050 3794 1198 3859 continno
1226 3796 1378 3873 ostendit,

359 3912 455 3976 fuisse
474 3911 567 3975 etiam
586 3918 744 3975 tantorum
765 3912 857 3975 finem
877 3912 1028 3976 malorum
1049 3921 1079 3977 ct
1099 3914 1213 3998 gaudia
1230 3914 1278 3979 illi
1298 3916 1382 4000 genti

359 4029 497 4094 redditas
523 4052 594 4094 uam
617 4030 719 4094 statim
744 4030 921 4116 subjungit:
942 4041 1120 4116 „superstes
1140 4033 1279 4119 Polynici
1299 4034 1381 4100 filius

360 4151 553 4217 Thersander
576 4151 653 4229 fuit,
678 4151 710 4215 iu
731 4151 922 4237 juvenilibus
946 4153 1165 4218 certaminibus
1188 4154 1283 4239 inque
1307 4155 1380 4220 belli

394 4353 419 4415 1)
439 4353 496 4403 cea.
518 4354 566 4403 Ool.
585 4353 634 4401 214
653 4369 713 4417 seqq.

393 4448 419 4505 2)
446 4450 483 4497 Vr.
508 4446 539 4499 37
568 4448 688 4497 Scrihitur
705 4453 755 4500 θεοῦ
777 4456 868 4517 Μοῖρα,
885 4463 917 4497 vr.
936 4449 967 4497 65
987 4450 1129 4516 simpliciter
1147 4461 1238 4522 Μαῖρα,
1257 4453 1323 4503 nullo
1342 4455 1376 4503 rei

361 4542 507 4593 discrimine.
