3767 5534
903 733 967 794 aaa
1048 813 1051 819 4

743 930 892 1012 καχλάζει
916 939 1017 1003 πνοαῖς

739 1049 842 1130 ”Apeva
864 1048 1003 1128 ὀρόμενον.

431 1167 471 1230 Et·
495 1166 602 1230 similia
627 1167 812 1250 comparatio
836 1171 883 1229 est
905 1165 1056 1228 malorum
1081 1164 1186 1243 molis,
1214 1168 1278 1231 758

585 1289 680 1347 κακῶν
703 1283 728 1345 δ’
751 1281 844 1363 ὥσπερ
868 1284 1008 1347 triturae
1031 1281 1102 1359 κῦμ’
1124 1280 1194 1360 ἄνει

586 1398 600 1466 ὃ
623 1399 673 1464 καὶ
697 1398 759 1480 περὶ
783 1400 917 1479 πρύμναν
939 1398 1051 1472 πόλεως
1074 1398 1232 1481 καχλάζει.
1410 1487 1413 1491 ⁴

430 1518 537 1603 Ipsum
561 1518 728 1582 Pindarum
746 1517 831 1582 velut
845 1524 950 1581 monte
966 1518 1177 1582 decurrentem
1194 1541 1313 1584 amnem
1329 1520 1444 1586 fervere

430 1637 506 1702 dicit
536 1637 701 1715 Horatius,
732 1636 769 1700 L.
801 1635 848 1699 IV
876 1635 936 1699 Od.
961 1636 995 1700 II
1020 1638 1048 1701 7.
1095 1636 1164 1701 Ηοο
1187 1644 1291 1702 antem
1314 1637 1383 1702 loco
1406 1637 1443 1703 de

431 1778 502 1820 voce
526 1756 628 1841 ampla
651 1763 682 1819 et
704 1777 815 1818 canora
838 1755 962 1819 dicitur.

477 1876 506 1936 5.
541 1874 739 1950 ἁγεμονεῦσαι
777 1871 948 1952 καμαζοντι.
984 1872 1017 1936 Si
1050 1871 1194 1952 κωμάζειν
1228 1871 1267 1937 de
1300 1873 1379 1937 festa
1412 1880 1442 1938 ct

431 1991 549 2054 solenni
572 2013 684 2076 pompa
706 1989 836 2067 dicitur,
861 1991 1047 2067 οὶνεμονεύειν
1070 1989 1197 2054 habebit
1219 1990 1373 2081 propriam
1389 1991 1443 2056 du·

431 2110 519 2174 cendi
553 2110 824 2194 significationem,¹
856 2108 1009 2192 quomodo
1042 2087 1146 2193 Py.'1
1176 2113 1215 2188 4,
1249 2112 1286 2187 t,
1319 2110 1442 2191 φροίμια

434 2227 581 2291 dicuntur
609 2227 796 2307 ἀγησίχορα,
825 2233 855 2290 et
877 2228 1014 2290 incessus
1037 2225 1151 2290 dicitur
1173 2227 1382 2311 obtemperare
1404 2228 1443 2291 ci·

433 2345 548 2410 tharae.
585 2344 700 2409 Verum
724 2344 897 2408 convivium
920 2344 1084 2429 significari
1107 2344 1263 2409 existimo:
1288 2367 1388 2430 neque
1410 2344 1440 2409 id

433 2464 522 2528 facile
551 2465 584 2528 in
615 2463 738 2527 Graecis
770 2470 862 2526 cantu
885 2463 1001 2526 caruit:
1026 2462 1105 2526 conf.
1131 2461 1180 2527 01.
1205 2461 1222 2525 Ι
1247 2466 1308 2541 24,
1333 2470 1365 2527 et
1386 2461 1440 2547 Py.

433 2582 486 2647 ΠΙ
518 2585 592 2647 158.
638 2582 720 2667 Ergo
751 2582 812 2666 ipsi
842 2570 946 2645 cantui
979 2580 1091 2665 primas
1117 2582 1150 2644 in
1174 2581 1306 2645 convivii
1328 2580 1441 2666 gaudio

433 2708 534 2785 partes
557 2699 653 2764 Poeta
675 2699 801 2777 tribuit,
827 2705 857 2763 et
879 2699 923 2762 ita
946 2698 1089 2782 quidem,
1114 2706 1150 2762 ut
1172 2698 1205 2761 in
1224 2698 1303 2763 festo
1318 2704 1442 2783 propter

433 2819 590 2882 victoriam
612 2818 756 2881 instituto
779 2817 845 2900 ipsa
867 2815 979 2900 gaudia
998 2838 1016 2879 a
1039 2815 1171 2880 carmina
1193 2793 1257 2901 regi
1279 2815 1441 2901 praedicet.

433 2936 471 3000 In
502 2934 754 3019 interpretatione
785 2932 897 2997 Latina
928 2933 1035 3017 scripsi
1066 2938 1209 2996 cantum:
1241 2932 1372 2997 scribere
1394 2933 1443 2998 de·

433 3052 559 3116 bueram
589 3051 711 3116 festum.
757 3052 883 3130 Ἑταῖροι
910 3051 969 3114 hoc
993 3049 1059 3114 loco
1082 3071 1145 3114 non
1168 3058 1241 3115 aunt
1263 3039 1441 3128 choreutae,

433 3178 469 3233 ut
491 3166 542 3232 Ol.
566 3168 614 3232 VI
639 3170 719 3245 145,
745 3166 797 3231 sed
821 3168 945 3231 victoris
969 3167 1058 3231 amici
1081 3175 1112 3230 ct
1134 3168 1288 3231 convivae.

479 3290 508 3349 8.
544 3284 638 3349 Nunc
670 3285 794 3370 quidem
825 3284 883 3349 hoc
915 3285 1048 3348 carmine
1080 3306 1112 3347 se
1135 3285 1262 3349 eandem
1285 3286 1440 3350 victoriam

433 3409 610 3466 ornaturum
643 3423 707 3466 esse
729 3401 825 3465 Poeta
847 3400 1022 3485 pollicetur.
1070 3401 1229 3466 Musarum
1253 3402 1339 3466 arcui
1361 3400 1443 3467 addi·

434 3527 499 3581 tum
530 3517 689 3603 epitheton
719 3517 910 3594 ἑκαταβόλων
936 3517 981 3582 ita
1004 3517 1128 3601 quidem
1151 3540 1187 3582 ex
1209 3517 1270 3582 loci
1293 3518 1441 3583 sententia

433 3636 578 3720 explicari
599 3643 715 3719 potest,
740 3635 814 3719 quia
835 3633 948 3712 Poeta,
974 3634 1126 3699 honorans
1150 3632 1308 3719 Opuntem
1331 3642 1362 3700 et
1385 3636 1442 3699 vic-

432 3764 530 3817 torem
553 3751 744 3837 Opuntium,
769 3752 857 3817 facile
879 3760 982 3817 tamen
1007 3753 1099 3817 etiam
1121 3752 1254 3837 attingat
1269 3750 1438 3839 Olympiam

432 3879 463 3936 et
493 3870 685 3955 Pythonem:
711 3892 815 3934 verum
840 3869 1023 3954 ecquidem
1047 3869 1184 3955 argutior
1207 3877 1239 3933 et
1260 3871 1352 3935 nimis
1375 3869 1438 3935 aub-

431 3989 495 4054 tilis
519 3985 681 4075 explicatio
703 4010 786 4052 nunc
809 3988 886 4051 mihi
911 3986 1049 4052 videtur:
1073 3984 1165 4052 credo
1185 4010 1248 4051 uon
1275 3988 1437 4053 sententiae

432 4108 605 4192 proposito,
630 4107 683 4171 sed
693 4164 696 4167 .
707 4114 827 4171 tantum
851 4114 963 4171 ornatu
978 4106 1098 4191 poetico
1114 4105 1173 4169 hoc
1187 4106 1232 4170 ita
1246 4104 1324 4184 dici,
1341 4103 1437 4191 quem·

433 4222 598 4287 admodum
630 4246 663 4288 vs
697 4227 736 4288 10
773 4224 834 4289 Δία
862 4222 1133 4307 corrrumpas:
1165 4220 1253 4290 Conf.
1284 4221 1436 4286 annotatio

435 4339 474 4403 ad
497 4338 548 4403 01.
571 4339 637 4403 VII
660 4344 691 4406 2.

483 4457 535 4521 11.
570 4458 724 4547 intuertur.
759 4458 797 4523 Se
827 4459 893 4543 ipse
923 4457 1115 4523 adhortatur.
1150 4454 1287 4521 Verbum
1314 4454 1436 4520 maxime
