3767 5534
910 701 976 763 455

485 903 526 967 va
560 900 728 982 άνέδραμον.
764 900 849 966 Solet
878 925 943 968 essa
965 904 1029 968 fars
1051 902 1289 970 intransitivum
1336 904 1451 970 Tamen

438 1028 558 1107 praeter
580 1020 665 1085 hunc
686 1020 790 1085 locum
812 1021 905 1086 etism
928 1021 1021 1087 habet
1044 1022 1253 1087 accusativum
1269 1022 1337 1087 loco
1354 1022 1449 1089 Simo

435 1141 517 1206 nidis
523 1160 539 1219 ;
562 1147 680 1205 servato
703 1162 722 1204 a
745 1138 915 1204 Scholiasta
938 1140 977 1205 ad
1001 1139 1108 1225 Eurip.
1134 1140 1250 1206 Phoen.
1276 1143 1339 1207 515
1363 1166 1451 1208 κατε·

436 1260 555 1336 νάοθιμτ
579 1260 645 1325 ciart
668 1265 719 1325 τοῦ
742 1261 1013 1338 κατανασθάσομαι.
1038 1259 1088 1324 καὶ
1109 1259 1268 1336 Σιμωνίδης
1284 1262 1313 1325 ἐν
1329 1260 1449 1340 ἰάμβοις

598 1378 630 1444 rl
650 1384 752 1444 ταῦτα
774 1383 830 1444 τῶν
853 1385 969 1458 μακρῶν
991 1377 1089 1454 atron
1111 1376 1286 1458 άνέδραμονς

480 1496 546 1563 ἐντὶ
569 1502 620 1563 τοῦ
642 1496 821 1578 άναδραμεῑν
843 1496 955 1575 μέλλοι.
993 1495 1096 1577 Quam
1120 1495 1244 1581 quidem
1268 1497 1450 1563 scholiastae

433 1615 669 1701 explicationem
693 1638 775 1680 nunc
790 1637 853 1680 nou
869 1637 984 1679 moror:
1002 1615 1176 1700 exemplum
1191 1616 1294 1701 ipsum
1310 1616 1449 1683 attulisse
1500 1651 1505 1660 ·

435 1734 558 1799 sufficit.
594 1734 793 1800 Memorabile
817 1742 920 1799 tamen
943 1743 1007 1809 est,
1028 1734 1067 1800 ed
1083 1734 1167 1800 hunc
1183 1758 1307 1822 quoque
1323 1736 1448 1802 Pindari

433 1854 537 1919 locum
559 1876 578 1918 a
599 1853 763 1919 scholiasta
793 1860 893 1918 vetere
921 1854 1077 1932 annotari,
1102 1854 1271 1919 secundum
1296 1854 1445 1939 quosdam

432 1972 591 2051 ἀνέδραμον
614 1971 784 2057 significare
806 1972 1041 2051 άναθραμοῦμαι.

482 2093 533 2156 74.
568 2091 681 2173 Νεμέα.
716 2090 976 2175 Oonjungcndum
1000 2097 1045 2155 est
1068 2111 1139 2154 cum
1161 2090 1258 2171 χάριν.
1279 2091 1371 2156 decus
1387 2091 1449 2157 Ne-

434 2231 518 2274 meae
549 2219 670 2294 partum
694 2209 742 2273 vel
765 2209 868 2295 potius
891 2209 1111 2287 domesticum,
1132 2209 1224 2274 decus
1240 2209 1447 2276 Nemeaeum:

434 2326 575 2391 similiter
608 2330 669 2391 109
702 2328 810 2405 κόσμον
840 2327 1008 2410 Ὀλυμπία.
1056 2325 1103 2392 Of.
1128 2349 1207 2410 quae
1232 2329 1444 2393 annotavimus

435 2444 474 2509 ad
497 2444 547 2510 Ol.
572 2445 589 2508 I
614 2448 675 2509 151
700 2448 734 2511 τὸ
756 2446 839 2518 κλέος
861 2451 918 2510 τάν
942 2445 1155 2523 Ὀλυμπιάδων
1177 2446 1205 2510 ἕν
1228 2446 1349 2526 δρόμοις.

480 2566 533 2629 lt.
568 2565 686 2645 μάχαν.
722 2563 918 2628 Vocabulum
952 2564 1011 2629 hoc
1044 2565 1078 2627 in
1108 2564 1272 2629 certamine
1303 2567 1444 2651 gymnico

433 2684 507 2767 poni
529 2682 655 2767 quidam
678 2691 802 2767 negant.
839 2682 882 2745 Et
904 2689 985 2746 certe
1007 2681 1059 2747 Ol.
1083 2682 1119 2746 H
1144 2684 1184 2747 78
1209 2683 1368 2749 distinctio
1384 2695 1444 2763 est,

432 2801 500 2871 νέοις
523 2802 553 2865 ἐν
575 2802 686 2873 άέθλοις
709 2803 739 2865 ἕν
760 2801 880 2881 μάχαις
902 2825 937 2865 τε
960 2800 1107 2875 πολέμιαι
1132 2801 1273 2867 similiter
1296 2802 1341 2887 Py
1360 2802 1443 2868 VIII

433 2921 475 2983 86
500 2920 661 3000 νικαφόροις
684 2922 714 2984 ἐν
736 2919 847 2992 άθθλοις
870 2919 920 2983 καὶ
943 2920 1021 2992 θοαῖς
1044 2921 1073 2983 ἐν
1097 2919 1227 3001 μάχαις.
1262 2919 1304 2984 Et
1318 2921 1445 3006 reliquis

431 3157 474 3221 sis
504 3156 664 3233 Aeacidis,
695 3157 750 3242 qui
772 3157 831 3220 hoc
854 3178 977 3240 quoque
998 3157 1130 3220 carmine
1156 3156 1365 3235 celebrantur,
1393 3161 1445 3225 σὺν

431 3275 551 3355 μάχαις
575 3274 617 3346 δὶς
640 3275 724 3340 πάλιν
745 3275 849 3354 Τράαν
872 3274 995 3353 πράθον,
1019 3274 1076 3338 Ist.
1101 3274 1129 3335 V
1154 3276 1207 3338 45.
1243 3274 1357 3359 Tamen
1373 3277 1444 3342 Dia·

431 3416 555 3479 goram,
586 3393 729 3479 pugilatu
758 3394 980 3472 clarissimum,
1005 3393 1171 3478 appellavit
1193 3395 1368 3474 εὐθυμάχαν
1390 3422 1443 3460 νιε-

430 3512 526 3592 λιθριον
557 3511 657 3592 tatia,
704 3512 746 3576 Et
776 3512 929 3593 μάχεσθαι
953 3512 991 3578 de
1016 3513 1084 3598 ipso
1107 3513 1268 3598 pugilatu,
1294 3514 1348 3597 qui
1371 3538 1442 3580 sane

431 3652 449 3693 a
479 3632 629 3716 gymnicis
661 3630 880 3696 certaminibus
912 3630 951 3694 ad
983 3630 1134 3716 proelium
1167 3631 1284 3695 accedit
1306 3633 1443 3717 proxime

431 3746 649 3825 similitudine,
675 3756 720 3813 est
744 3748 826 3833 apud
850 3747 1039 3826 Homerum,
1062 3747 1101 3811 Il.
1126 3746 1241 3812 XXIII
1266 3750 1329 3812 621

587 3869 618 3930 οὐ
641 3867 701 3945 γὰρ
723 3865 785 3942 πύξ
806 3889 844 3942 γε
867 3867 1024 3947 μαχήσεαι
1047 3868 1109 3932 οὐδὲ
1132 3868 1300 3940 παλαίσεις.

431 3983 473 4047 Et
494 3984 577 4070 apud
601 3982 789 4063 Hesiodum,
813 3984 862 4049 Sc.
887 3983 980 4050 Herc.
1008 3988 1072 4049 302

632 4104 657 4167 cl
683 4104 708 4167 θ’
731 4105 881 4184 ἐμάχοντο
904 4102 965 4179 πύξ
987 4106 1092 4169 τεκαὶ
1116 4103 1241 4179 ἑλκνδθν.

433 4223 535 4309 Igitur
557 4223 652 4303 μάχα
675 4224 799 4308 quidem
823 4224 861 4288 de
884 4224 1049 4288 certamine
1065 4224 1231 4309 pancratii,
1250 4224 1333 4307 quod
1349 4206 1439 4288 atiani

433 4342 606 4427 pugilatum
637 4342 830 4420 continebat,
861 4342 922 4407 dici
954 4362 1043 4427 posse
1074 4342 1210 4419 videtur,
1235 4364 1291 4406 nec
1314 4342 1440 4422 dubito,

433 4461 509 4544 quin
532 4460 577 4524 ita
598 4460 657 4527 hoc
679 4460 746 4525 loco
770 4460 888 4525 dictum
910 4460 960 4524 sit.
992 4459 1124 4538 Verum,
1149 4460 1176 4524 si
1191 4466 1343 4525 certamen
1358 4484 1442 4546 gym*
