3767 5534
839 739 902 802 881

369 944 405 1010 C.
436 944 452 1008 I
483 946 521 1006 3:
552 941 632 1016 ἔθηκε
661 942 690 1006 δὲ
719 942 769 1006 κοί
792 942 822 1006 ἕν
843 944 999 1021 Ὀλυμπίᾳ
1022 942 1124 1017 tyana
1147 941 1311 1019 Ἐνδυμίων.
1335 933 1370 1003 (ί.

370 1062 450 1127 VIII
475 1065 512 1125 l:
535 1061 583 1125 τὸν
604 1086 638 1127 τε
661 1063 764 1139 οὶνῶννι
787 1063 885 1127 ίεῖνου.

413 1184 466 1247 39.
500 1181 615 1262 ζονίέονς.
649 1179 871 1265 Saepenumero
895 1203 967 1243 sane
990 1201 1071 1243 more
1087 1180 1172 1263 epieo
1189 1178 1305 1243 Fluviis
1321 1178 1372 1241 tri-

368 1300 506 1365 buuntur
528 1297 698 1362 divinitatis
721 1297 865 1382 epitheta.
911 1297 1130 1362 Verumtamen
1153 1320 1188 1362 ea
1210 1297 1260 1361 hic
1283 1298 1375 1380 signi·

367 1418 476 1483 ficatur
505 1416 564 1481 loci
594 1417 755 1494 sanctitas,
788 1438 865 1500 quae
895 1417 972 1481 festo
1001 1417 1087 1480 Jovis
1110 1418 1251 1481 instituto
1274 1437 1375 1480 conse-

368 1545 451 1603 crata
473 1544 561 1601 esset.
586 1532 635 1600 Ol.
660 1536 691 1600 X
715 1539 755 1600 53
779 1535 876 1617 ζοίίεον
899 1534 989 1609 ἄλσος
1013 1536 1139 1614 dieitur,
1157 1550 1188 1600 et
1202 1535 1317 1600 ibidem
1333 1536 1374 1597 58

369 1655 515 1721 Hercules
545 1663 686 1719 narratur
716 1655 844 1719 fluvium
875 1655 988 1740 Alphei
1019 1656 1182 1720 honorasse
1209 1678 1278 1719 cunr
1302 1654 1386 1717 dno*
1460 1640 1463 1648 ¹

368 1775 466 1841 decim
488 1774 565 1840 Diis.
611 1773 713 1838 Etiam
736 1774 792 1839 Ist.
815 1774 833 1837 Ι
856 1778 897 1838 45
921 1777 1032 1853 ’ἰσθμὸς
1054 1774 1152 1857 ζνιίέον.

412 1896 466 1957 40.
501 1894 631 1959 ἔίοολλεν.
667 1892 739 1957 Non
763 1892 846 1957 aliud
870 1894 962 1978 hujus
985 1894 1067 1959 verbi
1092 1892 1262 1979 exemplum
1285 1889 1374 1971 novi,

369 2032 431 2096 qno
453 2012 613 2076 manifesta
636 2012 676 2075 sit
698 2012 858 2075 transitiva
880 2012 1063 2095 significatio
1086 2012 1267 2097 proferendi.
1292 2011 1375 2075 Solet

369 2150 433 2196 csse
461 2131 642 2216 significatio
665 2131 859 2195 intransitiva
881 2131 1019 2195 florendi.
1066 2131 1180 2195 Tamen
1204 2130 1375 2214 Hesychius

369 2250 460 2316 hahet
482 2251 645 2325 ίοίλλουσον,
670 2248 845 2325 erratura.

413 2374 466 2434 41.
500 2371 611 2451 Κρονίου
641 2369 781 2441 Πέλοπος.
817 2362 922 2433 Potest
953 2370 1116 2455 significari
1139 2370 1224 2433 locus
1251 2370 1283 2433 in
1307 2390 1377 2433 oon·

371 2488 448 2552 valle
481 2487 587 2555 Oronii
620 2488 749 2552 tumuli:
784 2488 838 2571 qni
871 2492 1057 2552 memoratur
1078 2486 1136 2553 Ol.
1169 2487 1185 2550 I
1211 2490 1290 2551 179:
1323 2487 1376 2571 qui

371 2607 457 2700 locus
485 2607 578 2671 fuerit
608 2606 747 2691 Pelopis:
779 2605 832 2669 sed
863 2604 952 2670 credo
983 2608 1093 2687 Κρονίου
1124 2628 1187 2669 esse
1218 2604 1376 2689 epitheton

372 2732 421 2791 τοῦ
452 2726 598 2802 Πέλοπος,
631 2726 683 2809 qui
706 2725 766 2789 fuit
788 2725 870 2789 filius
893 2725 1031 2802 Tantali,
1056 2726 1144 2810 cnjus
1166 2732 1261 2788 mater
1284 2723 1376 2786 Pluto

370 2845 447 2921 luit,
477 2844 540 2909 filia
569 2844 710 2909 Saturni:
743 2853 778 2908 ut
808 2844 920 2908 docent
951 2844 1065 2908 scholia
1096 2852 1194 2907 vetera
1226 2843 1263 2906 ad
1294 2842 1377 2905 hunc

370 2964 481 3028 locum.
513 2964 646 3028 Priorem
670 2971 770 3028 tamen
795 2964 1027 3048 explicationem
1049 2962 1273 3027 commendavit
1295 2962 1376 3025 Aris·

371 3083 504 3146 tarohus.

416 3203 469 3264 43.
504 3205 607 3293 κᾶντος.
642 3199 812 3284 Significari
834 3199 942 3264 dicunt
965 3200 1146 3264 scholiastae
1161 3199 1263 3264 locum
1279 3201 1378 3263 ventis

373 3319 554 3403 expositum.
601 3318 694 3398 Quod
731 3318 807 3382 mihi
844 3319 995 3383 incertum
1029 3318 1159 3383 videtur.
1208 3318 1378 3402 significari

372 3436 450 3500 solet
472 3436 558 3500 locus
581 3458 725 3501 amoenus
748 3446 778 3500 et
801 3438 954 3501 consitus:
981 3438 1029 3501 hio
1052 3446 1172 3502 tantum
1196 3438 1282 3500 locus
1302 3437 1379 3500 leste

373 3554 560 3631 destinatuS,
584 3555 645 3618 fere
668 3564 703 3619 ut
728 3578 760 3617 vs
784 3558 824 3619 31
849 3554 948 3627 ἄλσος.

419 3674 471 3736 46.
506 3674 622 3753 Ἰστρίον.
658 3672 705 3736 Of.
730 3696 807 3758 quae
831 3676 1043 3739 annotavimus
1066 3675 1103 3739 ad
1127 3699 1160 3739 vs
1184 3678 1236 3739 29.

418 3793 482 3857 47.’
506 3792 656 3857 Ἱπποοίνο.
693 3793 786 3877 Apud
810 3793 996 3871 Homerum,
1021 3794 1059 3858 Il.
1084 3794 1112 3854 V
1137 3796 1219 3871 205,
1244 3802 1289 3857 est
1311 3817 1381 3871 χρυ·

374 3912 464 3986 οήννος
484 3911 766 3991 ’Άρτεμνς.’(,ὶυυιη
790 3919 890 3976 antem
916 3916 1100 3991 Amazones,
1126 3936 1204 3998 qnae
1227 3911 1277 3976 Ol.
1298 3911 1381 3975 VIII

376 4034 417 4093 62
441 4054 512 4094 cnm
534 4030 607 4095 Istri
629 4033 782 4096 mentione
806 4031 995 4117 copulantur
1016 4034 1049 4097 in
1072 4033 1272 4098 memorandis
1290 4030 1382 4115 Apol·

374 4149 445 4212 linis
475 4148 671 4226 caritatibus,
703 4150 820 4214 Dianae
852 4150 994 4215 cultrices
1025 4151 1155 4228 fuerint,
1187 4151 1312 4214 fortasse
1342 4149 1380 4213 ah

375 4268 413 4331 iis
436 4276 466 4331 et
489 4267 525 4331 ah
549 4267 753 4351 Hyperboreis
777 4269 943 4353 impensius
966 4268 1012 4332 illi
1032 4269 1114 4333 Deae
1130 4269 1262 4353 dignitas
1278 4290 1380 4351 eques·

376 4386 431 4449 tria
454 4386 568 4450 tributa
591 4386 659 4449 hrit.
706 4386 799 4470 Apud
823 4387 1001 4471 Euripidem
1016 4389 1054 4451 ·in
1080 4387 1265 4472 Hippolyto,
1297 4389 1379 4463 228,

377 4504 515 4568 Phaedra
537 4504 666 4568 Dianam
685 4505 819 4589 appellat
834 4505 983 4570 δέσποιναν
998 4506 1166 4584 γυμνοοοίονν
1181 4512 1235 4569 τῶν
1250 4505 1382 4584 ἱπποκρά-
