3767 5534
973 745 1037 807 566

499 948 652 1011 sententia
675 955 705 1010 et
724 945 877 1010 invocatio
893 945 931 1008 ad
948 951 1010 1009 tres
1026 945 1148 1013 Gratias
1165 942 1322 1009 referenda
1339 952 1402 1008 est:
1421 943 1513 1007 etiam

499 1088 533 1131 ra
556 1070 597 1129 28
621 1070 673 1131 σεῦ
697 1065 803 1129 eodem
826 1065 916 1129 modo
939 1064 1075 1149 positum
1098 1074 1153 1128 est.

545 1187 597 1250 23.
632 1190 736 1262 κῶμον.
782 1183 908 1248 Festum
938 1184 1067 1248 chorum
1094 1181 1252 1248 victoriam
1275 1180 1410 1244 carmine
1434 1178 1511 1243 cele-

500 1303 656 1380 brantem,
687 1300 737 1365 vel
767 1302 868 1386 ipsum
891 1323 1013 1366 carmen
1036 1302 1148 1365 festum
1172 1308 1203 1364 et
1226 1299 1427 1364 laudativum.
1462 1296 1509 1361 Of.

500 1420 550 1485 Ol.
575 1420 622 1484 IV
647 1422 706 1499 15,
729 1420 785 1485 nbi
807 1426 949 1504 precatur
972 1420 1068 1484 Poeta
1089 1419 1213 1496 lovem,
1238 1425 1275 1500 ut
1296 1422 1419 1502 propter
1435 1414 1511 1479 Gra-

499 1538 558 1601 tias
581 1544 675 1614 κῶμον
698 1537 833 1622 recipiat.

546 1659 599 1720 23.
634 1658 680 1720 ἐτ’
704 1657 821 1734 εὐμενεῖ
839 1655 933 1737 τύχα.
969 1655 1160 1740 Praepositio
1184 1655 1231 1718 vel
1255 1655 1512 1739 exspectationem

501 1779 627 1837 eventus
650 1773 749 1836 futuri
772 1772 941 1857 significat,
968 1780 1003 1835 ut
1026 1771 1136 1836 Aesch.
1161 1771 1255 1836 Chae.
1282 1774 1345 1835 868

871 1887 914 1963 εῖν
938 1889 962 1953 δ’
985 1888 1033 1982 {ari
1057 1888 1133 1968 νίκνι

501 2006 549 2070 vel
576 2027 698 2072 causam
722 2007 766 2070 rei
789 2007 974 2091 praesentis,
999 2014 1035 2070 ut
1059 2006 1141 2092 apud
1164 2013 1303 2070 nostrum
1326 2006 1381 2089 Py.
1405 2004 1422 2067 I
1448 2007 1511 2068 162

500 2122 586 2201 θυμὸν
608 2112 726 2203 βαριῖνει
748 2124 871 2188 ἐσλοῖσιν
893 2122 941 2187 ἐν)
965 2123 1137 2203 οῖλλοτοίοις.
1184 2122 1339 2187 Posterior
1361 2121 1420 2187 hoo
1443 2121 1512 2186 loco

502 2241 683 2325 significatio
707 2249 769 2305 est:
794 2243 915 2316 εὐμενὴς
930 2242 1016 2321 τύχα
1033 2248 1077 2303 est
1094 2261 1158 2304 sors
1174 2242 1340 2325 praesentis
1356 2240 1511 2304 victoriae.

501 2358 583 2443 Ergo
596 2342 681 2423 'haec
705 2359 861 2443 pertinent
883 2359 921 2423 ad
945 2364 1045 2441 κοῦφα
1068 2358 1214 2436 βιβῶντα.
1260 2358 1293 2422 Si
1316 2360 1398 2443 prior
1421 2358 1514 2443 signi·

502 2476 603 2541 ficatio
626 2475 657 2540 h.
681 2475 703 2540 l.
729 2476 859 2554 valeret,
883 2498 964 2554 non,
989 2484 1024 2542 ut
1046 2476 1163 2541 Tafelio
1186 2476 1304 2563 placet,
1328 2498 1397 2541 cum
1421 2476 1513 2541 ἰδοῖσα

502 2595 735 2679 conjungerem,
760 2595 813 2658 sed
836 2617 897 2659 cun
921 2595 1048 2661 ἑτοῖκοοι.

493 2757 499 2768 .
548 2715 600 2775 23.
636 2715 753 2790 εὐμενεῖ
779 2713 872 2794 τύχα.
918 2713 1008 2778 Plato
1039 2714 1077 2778 de
1100 2713 1175 2800 Lag.
1199 2715 1236 2779 L.
1260 2714 1325 2779 VII
1348 2738 1379 2799 p.
1408 2717 1515 2779 813:

502 2830 692 2907 ἐπιμελείσθω
715 2831 796 2907 μετὰ
818 2831 915 2911 τύχης
938 2834 1084 2909 εὐμενοῦς.

549 2949 601 3010 24.
636 2954 736 3026 κοῦφα
766 2949 911 3026 βιβῶντα.
959 2950 1030 3035 Ipse
1061 2952 1197 3016 incessus
1224 2953 1256 3016 in
1280 2952 1381 3017 choris
1404 2975 1516 3037 magna

504 3084 573 3147 pars
597 3062 767 3128 habebatur
788 3066 933 3131 musicae.
970 3065 1055 3146 Quin
1078 3068 1132 3153 Py.
1157 3068 1174 3131 I
1195 3074 1215 3132 4
1237 3069 1410 3154 appellatur
1424 3068 1514 3148 βασις

503 3182 639 3258 cynara:
668 3184 762 3263 οῖοχοὶ.
808 3183 850 3248 Et
881 3183 970 3249 Plato
1001 3187 1039 3250 de
1067 3185 1142 3270 Leg.
1166 3186 1203 3251 L.
1227 3186 1262 3251 Π
1286 3189 1350 3250 654
1375 3187 1394 3251 b
1417 3194 1514 3251 totam

505 3298 590 3362 chori
622 3299 771 3364 actionem
801 3302 834 3365 in
864 3302 996 3387 pedibus
1026 3326 1089 3367 non
1119 3304 1221 3369 minus
1253 3327 1344 3389 qnam
1376 3305 1409 3368 in
1440 3326 1515 3370 voce

505 3417 669 3482 consistere
701 3418 805 3482 docet:
839 3421 942 3500 χορεία
971 3446 1009 3499 γε
1039 3424 1098 3499 μὴν
1127 3422 1245 3503 ὄρχησίς
1271 3448 1305 3488 τε
1327 3410 1376 3488 καῖ
1401 3421 1456 3506 ᾧδῖν
1479 3424 1514 3489 τὸ

505 3531 619 3608 ξύνολόν
649 3538 736 3600 ἐστιν.
759 3542 866 3617 Κοῦφα
889 3545 993 3602 autem
1015 3540 1129 3624 pedum
1152 3540 1321 3624 agilitatem
1344 3542 1513 3626 significat:

390 3719 393 3726 ,
505 3652 649 3715 convenit
670 3652 763 3717 Hom.
787 3652 816 3715 Il
839 3652 905 3718 XII
928 3649 991 3719 158
1008 3655 1045 3720 de
1061 3657 1223 3742 Deiphobo
1239 3656 1400 3756 bellatore:
1417 3662 1517 3737 κοῦφα

506 3768 572 3833 τοσῖ
603 3769 765 3866 τροβιβοὶς.
807 3770 849 3834 et
879 3771 1006 3837 Hesiod.
1036 3772 1084 3837 Sc.
1108 3774 1150 3839 H.
1176 3778 1239 3838 323
1263 3774 1302 3839 dc
1325 3773 1460 3840 Hercule
1483 3775 1517 3838 in

506 3906 628 3949 currum
654 3885 874 3952 adscendente:
898 3894 998 3970 κοῦφα
1019 3891 1126 3967 βιβοῖς.
1150 3891 1238 3955 Oonf.
1257 3890 1398 3977 Xenoph.
1416 3890 1517 3955 Anab.

506 3999 543 4065 L.
575 4002 604 4063 V
635 4002 670 4067 Ο.
701 4003 748 4066 IX
782 4008 800 4068 5
825 4006 864 4070 de
886 4006 1040 4072 Thracum
1065 4010 1243 4074 saltatione:
1268 4009 1388 4086 ἥλλοντο
1412 4010 1516 4090 ὑψηλοὶ

506 4143 541 4182 τε
564 4119 613 4184 καὶ
636 4120 761 4202 κούφας.
1010 4145 1012 4149 “

554 4240 606 4300 24.
641 4237 744 4319 Actio.
779 4238 820 4303 Of
840 4243 999 4306 annotatio
1023 4244 1061 4307 ad
1085 4243 1135 4308 Ol.
1160 4244 1189 4306 V
1213 4248 1265 4308 44.

555 4357 607 4419 26.
642 4356 793 4429 μελέταις.
840 4355 983 4423 Carmine
1005 4361 1152 4425 meditato
1176 4369 1207 4426 et
1230 4364 1373 4447 cogitato.

554 4474 605 4537 27.
641 4469 753 4548 ἔμολον.
777 4472 850 4541 Noa
874 4498 910 4541 ex
933 4477 992 4541 hoc
1016 4479 1107 4545 verbo
1131 4478 1324 4547 efficiendum
1340 4486 1400 4556 ast,
1418 4478 1521 4562 ipsum
