3767 5534
906 718 970 777 262

432 932 462 986 et
485 922 613 986 ornandi
637 921 793 985 tribuitur.
829 919 944 982 Tamen
969 919 1050 1003 apud
1076 918 1246 982 Homerum
1269 918 1308 982 Il.
1333 918 1362 981 X
1382 920 1446 982 331

431 1042 686 1127 significationem
710 1038 815 1125 gaudii
838 1038 950 1103 habere
974 1037 1095 1101 videtur

612 1160 697 1225 ιίλλιί
720 1159 753 1223 σε’
775 1166 855 1240 φαμι
878 1158 1034 1237 διαμπερὲς
1058 1158 1258 1235 ιίγλαῖεῑσίαι.

431 1278 472 1341 Et
501 1278 612 1341 Suidas
642 1278 734 1341 habet
757 1284 921 1362 utramque
946 1275 1219 1360 significationem,
1244 1274 1449 1357 ἠγλαϊσμέιιη,

429 1399 591 1479 χαίρουσα,
615 1398 851 1477 λαμπρυνομέιη.
890 1394 1016 1475 Quodsi
1035 1394 1093 1457 hoe
1117 1394 1185 1458 loco
1206 1394 1337 1458 ornandi
1357 1394 1451 1479 signi-

432 1517 534 1580 ficatio
567 1525 629 1592 est,
660 1515 786 1580 verbum
811 1527 856 1579 est
880 1514 1045 1599 passivum.
1092 1512 1210 1577 Verum
1234 1512 1361 1577 verbum
1386 1536 1448 1578 me·

432 1635 517 1699 dium
557 1658 622 1699 esse
661 1634 791 1699 arbitror
826 1641 857 1698 et
891 1632 1003 1697 habere
1038 1632 1143 1717 gaudii
1179 1632 1447 1717 significationem.

431 1757 504 1841 Ipsa
527 1756 657 1820 musices
681 1755 794 1841 gaudia
814 1754 963 1819 vocabulo
979 1754 1120 1831 ἀγλαίας
1136 1754 1349 1840 significantur
1364 1754 1449 1839 apud

433 1876 602 1941 Hesiodum
627 1875 712 1939 Seut.
738 1875 830 1939 Here.
857 1877 920 1940 272

598 1994 640 2059 τοί
665 1994 688 2059 δ’
712 1992 809 2075 ἄνδρες
833 1995 862 2058 ἕν
885 1993 1036 2072 ιίγλαίαις
1059 2017 1092 2058 τε
1115 1997 1212 2074 χοροῖς
1238 2016 1273 2055 τε

476 2114 576 2195 τέρψιν
600 2113 679 2195 ἔχον.

434 2235 511 2296 284.

601 2353 703 2414 πᾶσαν
726 2348 755 2413 δὲ
779 2349 862 2413 πίλα
884 2349 984 2414 ίαλίαι
1010 2374 1043 2414 τε
1065 2349 1146 2430 χοροί
1168 2374 1202 2413 τε

480 2469 614 2546 ἀγλαΐαι
640 2466 668 2532 τ’
692 2464 783 2549 εἶχον.

480 2585 547 2651 Nee
570 2587 694 2651 defuere
717 2586 764 2650 illi
787 2586 922 2650 laetitiae
946 2594 1055 2650 cantus
1079 2593 1110 2651 et
1133 2586 1267 2649 citharae
1286 2585 1453 2672 tibiaeque.

436 2707 584 2771 Similiter
606 2707 639 2770 in
663 2706 787 2791 Hymno
811 2705 976 2769 Homerico
1000 2706 1032 2768 in
1053 2705 1243 2769 Mercurium
1258 2707 1300 2769 47
1305 2706 1323 2768 6
1340 2705 1455 2782 μέλπεο

437 2827 486 2891 καὶ
514 2824 634 2907 κιίιίριζε
657 2826 707 2889 καί
731 2824 867 2903 ἀγλαίας
890 2824 1029 2902 ἀλέγυνε.
1076 2824 1168 2910 Apud
1192 2830 1333 2887 nostrum
1356 2821 1412 2907 Py.
1437 2822 1457 2887 I

438 2949 459 3009 4
491 2945 630 3023 saltatio,
659 2945 799 3022 ἀγλαίας
822 2943 923 3028 ἀρχαί,
949 2966 1072 3008 auream
1094 2943 1208 3007 dieitur
1231 2941 1337 3007 audire
1360 2940 1459 3006 eitha-

437 3087 512 3129 ram.
547 3063 589 3127 ut
611 3064 713 3149 ipsum
736 3061 862 3127 verbum
886 3063 919 3127 in
942 3062 1058 3126 musica
1082 3062 1209 3149 ponitur
1225 3084 1242 3125 a
1258 3061 1347 3125 Semo
1363 3060 1457 3125 Delio

440 3183 523 3268 apud
547 3182 742 3247 Athenaeum
765 3181 801 3246 L.
827 3181 904 3245 XIV
929 3204 956 3246 e.
980 3180 1060 3245 XVI
1083 3204 1113 3266 p.
1139 3183 1203 3243 622
1228 3202 1245 3243 e

619 3300 669 3366 Σοί
694 3300 799 3381 Βιίκχε
822 3300 909 3366 adada
932 3306 1047 3379 μοῦσαν
1070 3299 1269 3380 ἀγλαίζομεν.

442 3418 534 3483 Haud
566 3419 699 3483 multum
730 3442 802 3483 sane
833 3419 926 3484 distat
957 3418 1140 3503 significatio
1164 3417 1294 3482 ornandi
1318 3426 1349 3482 et
1371 3417 1460 3481 illus·

440 3537 543 3602 trandi
574 3562 591 3602 a
622 3539 845 3623 significatione
872 3538 979 3623 gaudii
1002 3537 1163 3615 afferendi,
1189 3537 1367 3623 praesertim
1390 3537 1459 3623 ejus

440 3656 562 3741 gaudii,
587 3657 670 3742 quod
694 3657 776 3743 apud
800 3658 932 3721 Graecos
950 3679 1020 3720 cum
1037 3657 1154 3721 musica
1170 3657 1368 3741 conjunctum
1386 3655 1458 3720 fuit.

441 3774 588 3855 Παίζομειι
619 3775 720 3853 ίαμιί,
753 3776 785 3840 cf
811 3775 900 3840 Nem.
935 3774 981 3839 IV
1007 3778 1049 3839 24
1072 3774 1217 3856 κιθαρίζων
1240 3773 1333 3852 ίαμιί.
1380 3774 1461 3839 Φίλα

440 3893 574 3975 τράπεζα
594 3917 657 3958 non
681 3905 727 3959 est
749 3896 847 3981 ipsius
871 3918 976 3960 mensa
998 3895 1162 3973 HieroniS,
1187 3893 1241 3958 sed
1257 3894 1383 3957 omniuo
1400 3893 1462 3979 sig-

441 4013 606 4078 nifiaantur
629 4016 839 4083 conviviorum
862 4015 992 4101 gaudia,
1018 4015 1163 4092 Graecia,
1186 4014 1212 4077 si
1228 4034 1365 4096 unquam
1380 4033 1463 4076 mor·

442 4132 573 4212 talibus,
599 4134 751 4218 praeclare
775 4136 914 4220 cognita:
940 4135 1012 4199 conf
1033 4134 1088 4219 Py.
1113 4132 1160 4197 VI
1185 4134 1246 4196 52:
1270 4153 1326 4196 nee
1346 4129 1462 4212 παίζειν

443 4252 546 4317 studia
575 4253 712 4338 ipsorum
744 4262 903 4339 poetarum
936 4255 1104 4339 signifieat,
1140 4252 1192 4317 sed
1224 4252 1348 4316 omnino
1371 4250 1462 4315 lusus

443 4371 604 4436 hominum
638 4373 671 4437 in
705 4374 846 4438 cantibus
882 4382 911 4438 et
947 4375 1029 4438 sonis
1065 4374 1191 4458 positos.
1238 4369 1461 4434 Themistocles

444 4512 541 4574 quum
563 4492 596 4555 in
620 4492 719 4578 epulis
743 4501 912 4557 recusasset
935 4493 1051 4579 lyram,
1077 4491 1200 4557 habitus
1224 4498 1271 4557 est
1289 4489 1459 4558 indoctior:
