3767 5534
295 4673 299 4714 l

860 786 899 845 37

368 988 446 1051 dore
476 986 675 1070 Deorumqne
706 986 874 1049 reverentia
901 985 1014 1049 ductus
1043 984 1212 1061 Pindarus,
1237 1007 1275 1048 nc
1299 983 1382 1047 male·

367 1108 488 1171 diceret-
519 1106 603 1170 Diis:
619 1107 643 1189 ¹)
675 1128 709 1168 ac
742 1114 841 1169 tamen
868 1105 1002 1168 Deorum
1027 1104 1174 1169 invidiam
1198 1103 1387 1167 memoravit.

367 1224 455 1290 Nam
485 1224 592 1289 subest
623 1225 747 1288 omnino
775 1223 898 1307 quidam
929 1223 1061 1287 invidiae
1084 1222 1204 1287 divinae
1227 1232 1327 1286 metus
1351 1221 1388 1285 iis

366 1346 530 1431 precibuS,
555 1367 631 1429 quas
655 1345 746 1408 modo
770 1344 941 1409 attulimus.
982 1343 1061 1409 Tum
1085 1365 1156 1408 vero
1179 1344 1211 1406 in
1235 1341 1387 1416 carmine,

367 1487 434 1549 quo
463 1464 647 1549 Hippoclem
675 1464 853 1527 Thessalum
879 1464 1017 1540 ornavit,
1042 1486 1171 1548 puerum
1195 1461 1389 1546 praestant-is-

367 1584 502 1661 simum,
533 1590 620 1667 patre
651 1590 712 1647 tam
744 1582 895 1666 glorioso,
928 1590 964 1645 ut
996 1580 1156 1666 Olympiae
1187 1602 1221 1678 ac
1249 1579 1388 1664 Pythone

367 1702 529 1772 victorias,
549 1709 749 1785 reportasset,
786 1701 877 1764 refert
912 1700 1039 1784 quidem
1075 1700 1131 1763 lilii
1167 1700 1323 1762 victoriam
1360 1707 1388 1761 et

365 1820 550 1885 felicitatem
573 1820 612 1883 ad
636 1819 828 1905 Apollinem,
850 1820 904 1903 qui
928 1818 1007 1883 illud
1028 1820 1055 1883 ei
1079 1818 1195 1883 bonum
1215 1818 1387 1881 tribuisset:

367 1950 600 2017 verumtamen,
633 1962 729 2024 quum
761 1947 878 2003 tantam
910 1939 1035 2003 haberet
1065 1937 1243 2002 felicitat-em
1266 1937 1310 2012 is,
1336 1936 1388 2019 qui

365 2059 437 2144 ipse
459 2059 556 2122 victor
579 2057 687 2122 filium·
703 2059 848 2122 victorem
874 2056 1006 2135 videret,
1031 2066 1066 2121 ut
1090 2058 1186 2141 major
1207 2079 1267 2120 non
1288 2062 1390 2140 posset

366 2176 548 2260 contingere
582 2176 719 2253 homiui,
752 2199 808 2240 nec
839 2199 932 2260 supra
962 2176 1127 2239 humanam
1159 2174 1197 2237 ad
1229 2173 1390 2238 coelestem
1479 2252 1481 2255 ι

365 2296 525 2361 fortunam
550 2294 703 2379 adspirare
728 2295 848 2371 liceret,
874 2294 978 2357 eodem
1003 2294 1094 2357 modo
1118 2291 1274 2378 precatur,
1300 2315 1338 2355 ne
1357 2292 1389 2355 in

365 2413 540 2479 invidas'a
571 2413 638 2477 Diis
669 2416 883 2478 conversiones
911 2414 1119 2497 incurrantl)
1165 2413 1268 2496 Atque
1292 2434 1388 2475 unum

366 2522 528 2618 Praeterea
559 2533 661 2596 locum
694 2533 914 2616 adjungamus,
950 2554 1012 2615 quo
1043 2530 1152 2596 melius
1181 2530 1387 2614 intelligatur,

366 2675 463 2737 quam
499 2652 540 2715 sit
573 2652 639 2737 ipsa
673 2650 863 2727 mortalitas,
900 2674 963 2735 qua
994 2673 1066 2714 sane
1102 2649 1178 2714 nihil
1215 2650 1389 2714 hominibus

368 2771 469 2857 magis
485 2770 642 2855 proprium
660 2780 720 2854 est,
743 2771 906 2855 conjuncta
922 2792 992 2834 cunr
1008 2770 1145 2833 omnium
1161 2792 1261 2833 rerum
1280 2770 1391 2833 omnis·

368 2913 432 2975 que
448 2890 589 2954 fortunae
605 2890 778 2975 fragilitate.
815 2889 960 2953 Laudans
976 2888 1197 2973 Strepsiadem,
1215 2912 1247 2953 se
1263 2888 1388 2973 quidem

369 3016 536 3073 canturam
571 3031 636 3072 esse
670 3008 745 3072 dicit
772 3031 849 3071 nexa
876 3008 996 3072 coronis
1024 3030 1127 3072 coma:
1156 3007 1389 3085 sedrscribens

369 3128 410 3193 ad
435 3128 667 3192 dilectissimum
691 3128 808 3205 virum,
835 3135 905 3190 vota
928 3148 984 3212 pro
1008 3149 1043 3190 eo
1066 3126 1221 3205 facienda,
1243 3126 1331 3211 quasi
1351 3127 1389 3191 ad

371 3270 405 3311 se
437 3247 626 3332 pertineant,
659 3248 698 3310 ad
730 3270 761 3310 se
792 3248 857 3332 ipse
884 3247 993 3311 refert:
1022 3270 1083 3325 „ne
1110 3247 1230 3332 frangat
1252 3246 1389 3311 Deorum

371 3364 490 3429 invidia
520 3364 732 3443 dulcedinem,
765 3386 858 3449 quam
882 3362 1005 3448 quoque
1030 3363 1079 3428 die
1102 3387 1284 3449 persequar,
1309 3372 1390 3429 tran-

373 3484 490 3569 quillus
525 3485 712 3549 contendens
740 3484 778 3549 ad
806 3491 994 3549 senectutem
1022 3494 1053 3548 et
1079 3483 1118 3548 ad
1144 3483 1236 3549 fatale
1262 3505 1387 3549 aevum:

374 3603 524 3668 morimur
554 3604 634 3667 enim
667 3604 771 3667 cuncti
795 3604 924 3690 pariter,
950 3604 1003 3668 sed
1026 3604 1150 3668 fortuna
1172 3626 1234 3668 non
1259 3613 1305 3667 est
1328 3626 1390 3667 om-

373 3721 466 3786 nibus
501 3721 623 3786 eadem:
660 3722 684 3784 si
722 3723 791 3806 quis
817 3721 989 3807 longinqua
1016 3730 1150 3807 spectat,
1179 3732 1214 3786 ut
1241 3722 1389 3786 continuo

374 3840 477 3904 veniat
500 3840 539 3904 ad
562 3841 698 3906 Deorum
723 3865 847 3906 aeneam
871 3842 992 3920 sedem,
1007 3842 1032 3926 3)
1056 3842 1147 3919 sciat,
1168 3841 1320 3925 Pegasum
1340 3840 1390 3905 ab·

371 3960 481 4043 jecisse
512 3960 796 4045 Bellerophontem,
826 3960 864 4024 ad
887 3960 974 4024 sedes
997 3961 1134 4025 Deorum
1156 3960 1188 4025 in
1211 3959 1297 4023 Jovis
1320 3982 1389 4023 con-

375 4079 482 4143 cilium
514 4079 687 4163 cupientem
720 4079 836 4142 venire:
869 4078 1063 4143 dulcedinem
1093 4101 1177 4155 eam,
1210 4101 1301 4161 quam
1333 4100 1389 4142 nos

379 4277 559 4289 m

413 4414 436 4474 1)
454 4411 508 4462 vid.
524 4416 535 4474 ς
553 4412 575 4461 1.
675 4410 699 4471 2)
717 4411 758 4477 ry.
776 4411 806 4459 Χ.
824 4411 864 4459 31.
881 4410 952 4459 Conf.
972 4410 1008 4459 ot.
1031 4412 1065 4459 VI
1079 4410 1105 4458 in
1114 4412 1174 4475 fine.

413 4509 437 4570 3)
457 4508 496 4557 Sic
513 4508 609 4573 quidem
628 4522 710 4556 rursus
726 4506 845 4555 Pindarus
862 4505 982 4569 significat
998 4505 1086 4555 nimiae
1104 4504 1213 4553 fortunae
1231 4518 1310 4570 spem,
1329 4518 1389 4571 quae

376 4603 490 4654 dedeceat
506 4603 635 4653 hominem.
