<?xml version="1.0" encoding="UTF-8"?>
<!DOCTYPE html PUBLIC "-//W3C//DTD XHTML 1.0 Transitional//EN"
    "http://www.w3.org/TR/xhtml1/DTD/xhtml1-transitional.dtd">
<html xmlns="http://www.w3.org/1999/xhtml" xml:lang="en" lang="en">
 <head>
  <title>
</title>
<meta http-equiv="Content-Type" content="text/html;charset=utf-8" />
  <meta name='ocr-system' content='tesseract 3.04.00' />
  <meta name='ocr-capabilities' content='ocr_page ocr_carea ocr_par ocr_line ocrx_word'/>
</head>
<body>
  <div class='ocr_page' id='page_1' title='image "./pindaricarminao00pindgoog_0389.png"; bbox 0 0 3767 5534; ppageno 0'>
   <div class='ocr_carea' id='block_1_1' title="bbox 1009 716 1072 780">
    <p class='ocr_par' dir='ltr' id='par_1_1' title="bbox 1009 716 1072 780">
     <span class='ocr_line' id='line_1_1' title="bbox 1009 716 1072 780; baseline 0.032 -2"><span class='ocrx_word' id='word_1_1' title='bbox 1009 716 1072 780; x_wconf 85' lang='lat'><strong>308</strong></span> 
     </span>
    </p>
   </div>
   <div class='ocr_carea' id='block_1_2' title="bbox 522 915 1543 2669">
    <p class='ocr_par' dir='ltr' id='par_1_2' title="bbox 530 915 1543 1099">
     <span class='ocr_line' id='line_1_2' title="bbox 530 915 1543 1007; baseline 0.008 -29"><span class='ocrx_word' id='word_1_2' title='bbox 530 924 659 980; x_wconf 85' lang='lat' dir='ltr'><strong>mortem</strong></span> <span class='ocrx_word' id='word_1_3' title='bbox 682 915 781 979; x_wconf 87' lang='lat' dir='ltr'><strong>laudis</strong></span> <span class='ocrx_word' id='word_1_4' title='bbox 802 924 832 980; x_wconf 92' lang='lat' dir='ltr'><strong>et</strong></span> <span class='ocrx_word' id='word_1_5' title='bbox 852 916 1006 981; x_wconf 79' lang='lat' dir='ltr'><strong>felicitatis</strong></span> <span class='ocrx_word' id='word_1_6' title='bbox 1029 919 1173 1003; x_wconf 80' lang='lat' dir='ltr'><strong>cogitatio</strong></span> <span class='ocrx_word' id='word_1_7' title='bbox 1191 942 1343 985; x_wconf 90' lang='lat' dir='ltr'><strong>summum</strong></span> <span class='ocrx_word' id='word_1_8' title='bbox 1360 922 1427 1007; x_wconf 88' lang='lat' dir='ltr'><strong>ipsa</strong></span> <span class='ocrx_word' id='word_1_9' title='bbox 1447 921 1543 986; x_wconf 90' lang='lat' dir='ltr'><strong>decus</strong></span> 
     </span>
     <span class='ocr_line' id='line_1_3' title="bbox 531 1021 1517 1099; baseline -0.001 -1"><span class='ocrx_word' id='word_1_10' title='bbox 531 1034 658 1099; x_wconf 91' lang='lat' dir='ltr'><strong>decebit.</strong></span> <span class='ocrx_word' id='word_1_11' title='bbox 1514 1021 1517 1026; x_wconf 33' lang='lat'>⁵</span> 
     </span>
    </p>

    <p class='ocr_par' dir='ltr' id='par_1_3' title="bbox 526 1145 1543 1336">
     <span class='ocr_line' id='line_1_4' title="bbox 576 1145 1543 1240; baseline 0.009 -26"><span class='ocrx_word' id='word_1_12' title='bbox 576 1155 648 1216; x_wconf 81' lang='lat'>105.</span> <span class='ocrx_word' id='word_1_13' title='bbox 687 1153 777 1218; x_wconf 68' lang='grc' dir='ltr'><em>ἐνθάδ’</em></span> <span class='ocrx_word' id='word_1_14' title='bbox 813 1154 1010 1240; x_wconf 85' lang='lat' dir='ltr'><strong>conjungitur·</strong></span> <span class='ocrx_word' id='word_1_15' title='bbox 1045 1176 1114 1219; x_wconf 87' lang='lat' dir='ltr'><strong>cum</strong></span> <span class='ocrx_word' id='word_1_16' title='bbox 1149 1157 1301 1233; x_wconf 71' lang='grc' dir='ltr'><em>θανόντων,</em></span> <span class='ocrx_word' id='word_1_17' title='bbox 1339 1159 1435 1223; x_wconf 68' lang='grc' dir='ltr'>αὐτίκ’</span> <span class='ocrx_word' id='word_1_18' title='bbox 1469 1145 1543 1223; x_wconf 89' lang='lat' dir='ltr'><strong>eum</strong></span> 
     </span>
     <span class='ocr_line' id='line_1_5' title="bbox 526 1271 633 1336; baseline 0.009 -1"><span class='ocrx_word' id='word_1_19' title='bbox 526 1271 633 1336; x_wconf 82' lang='grc' dir='ltr'><strong>ἔτνσννν.</strong></span> 
     </span>
    </p>

    <p class='ocr_par' dir='ltr' id='par_1_4' title="bbox 524 1389 1540 1951">
     <span class='ocr_line' id='line_1_6' title="bbox 568 1389 1539 1477; baseline 0.006 -24"><span class='ocrx_word' id='word_1_20' title='bbox 568 1389 750 1475; x_wconf 58' lang='lat' dir='ltr'><strong>deduceret.</strong></span> <span class='ocrx_word' id='word_1_21' title='bbox 780 1389 955 1455; x_wconf 87' lang='lat' dir='ltr'><strong>Debilitatis</strong></span> <span class='ocrx_word' id='word_1_22' title='bbox 976 1399 1006 1454; x_wconf 92' lang='lat' dir='ltr'><strong>et</strong></span> <span class='ocrx_word' id='word_1_23' title='bbox 1024 1392 1150 1456; x_wconf 89' lang='lat' dir='ltr'><strong>inertiae</strong></span> <span class='ocrx_word' id='word_1_24' title='bbox 1170 1393 1420 1477; x_wconf 82' lang='lat' dir='ltr'><strong>significationem</strong></span> <span class='ocrx_word' id='word_1_25' title='bbox 1442 1393 1539 1459; x_wconf 90' lang='lat' dir='ltr'><strong>habet</strong></span> 
     </span>
     <span class='ocr_line' id='line_1_7' title="bbox 525 1510 1538 1598; baseline 0.005 -25"><span class='ocrx_word' id='word_1_26' title='bbox 525 1510 690 1595; x_wconf 89' lang='lat' dir='ltr'><strong>ejusmodi,</strong></span> <span class='ocrx_word' id='word_1_27' title='bbox 724 1533 800 1597; x_wconf 86' lang='lat' dir='ltr'><strong>quae</strong></span> <span class='ocrx_word' id='word_1_28' title='bbox 832 1533 901 1574; x_wconf 92' lang='lat' dir='ltr'><strong>cum</strong></span> <span class='ocrx_word' id='word_1_29' title='bbox 931 1512 1053 1575; x_wconf 87' lang='lat' dir='ltr'><strong>miseria</strong></span> <span class='ocrx_word' id='word_1_30' title='bbox 1086 1514 1248 1598; x_wconf 87' lang='lat' dir='ltr'><strong>conjuncta</strong></span> <span class='ocrx_word' id='word_1_31' title='bbox 1271 1514 1327 1576; x_wconf 89' lang='lat' dir='ltr'><strong>sit:</strong></span> <span class='ocrx_word' id='word_1_32' title='bbox 1358 1514 1538 1598; x_wconf 88' lang='lat' dir='ltr'><strong>siquidem</strong></span> 
     </span>
     <span class='ocr_line' id='line_1_8' title="bbox 525 1629 1540 1716; baseline 0.003 -24"><span class='ocrx_word' id='word_1_33' title='bbox 525 1630 642 1694; x_wconf 88' lang='lat' dir='ltr'><strong>consilii</strong></span> <span class='ocrx_word' id='word_1_34' title='bbox 677 1636 707 1693; x_wconf 91' lang='lat' dir='ltr'><strong>et</strong></span> <span class='ocrx_word' id='word_1_35' title='bbox 741 1629 923 1693; x_wconf 85' lang='lat' dir='ltr'><strong>defensionis</strong></span> <span class='ocrx_word' id='word_1_36' title='bbox 960 1632 1063 1716; x_wconf 84' lang='lat' dir='ltr'><strong>inopia</strong></span> <span class='ocrx_word' id='word_1_37' title='bbox 1100 1631 1271 1696; x_wconf 88' lang='lat' dir='ltr'><strong>miseranda</strong></span> <span class='ocrx_word' id='word_1_38' title='bbox 1305 1639 1360 1696; x_wconf 89' lang='lat' dir='ltr'><strong>est.</strong></span> <span class='ocrx_word' id='word_1_39' title='bbox 1418 1632 1540 1697; x_wconf 85' lang='lat' dir='ltr'><strong>Mortui</strong></span> 
     </span>
     <span class='ocr_line' id='line_1_9' title="bbox 524 1748 1536 1831; baseline 0.005 -20"><span class='ocrx_word' id='word_1_40' title='bbox 524 1748 644 1813; x_wconf 76' lang='lat' dir='ltr'><strong>Tantali</strong></span> <span class='ocrx_word' id='word_1_41' title='bbox 666 1750 729 1812; x_wconf 90' lang='lat' dir='ltr'><strong>vita</strong></span> <span class='ocrx_word' id='word_1_42' title='bbox 752 1749 865 1813; x_wconf 90' lang='lat' dir='ltr'><strong>dicitur</strong></span> <span class='ocrx_word' id='word_1_43' title='bbox 886 1750 1050 1825; x_wconf 76' lang='grc' dir='ltr'><em>νὶπνὶλνιμνς</em></span> <span class='ocrx_word' id='word_1_44' title='bbox 1073 1750 1150 1829; x_wconf 78' lang='grc' dir='ltr'><strong><em>βίος,</em></strong></span> <span class='ocrx_word' id='word_1_45' title='bbox 1176 1749 1225 1814; x_wconf 93' lang='lat' dir='ltr'><strong>Ol.</strong></span> <span class='ocrx_word' id='word_1_46' title='bbox 1247 1751 1336 1815; x_wconf 85' lang='grc'><strong>195.</strong></span> <span class='ocrx_word' id='word_1_47' title='bbox 1377 1750 1536 1831; x_wconf 74' lang='lat' dir='ltr'><strong>Quodam·</strong></span> 
     </span>
     <span class='ocr_line' id='line_1_10' title="bbox 525 1867 1418 1951; baseline 0.004 -20"><span class='ocrx_word' id='word_1_48' title='bbox 525 1868 614 1932; x_wconf 87' lang='lat' dir='ltr'><strong>modo</strong></span> <span class='ocrx_word' id='word_1_49' title='bbox 637 1869 778 1932; x_wconf 82' lang='lat' dir='ltr'><strong>convenit</strong></span> <span class='ocrx_word' id='word_1_50' title='bbox 802 1867 998 1933; x_wconf 90' lang='lat' dir='ltr'><strong>Homericum</strong></span> <span class='ocrx_word' id='word_1_51' title='bbox 1021 1870 1124 1935; x_wconf 81' lang='grc' dir='ltr'><em>νεκύων</em></span> <span class='ocrx_word' id='word_1_52' title='bbox 1145 1871 1276 1947; x_wconf 65' lang='lat' dir='ltr'><strong>duruerat</strong></span> <span class='ocrx_word' id='word_1_53' title='bbox 1299 1871 1418 1951; x_wconf 75' lang='lat' dir='ltr'><strong>adpnva.</strong></span> 
     </span>
    </p>

    <p class='ocr_par' dir='ltr' id='par_1_5' title="bbox 522 1986 1535 2539">
     <span class='ocr_line' id='line_1_11' title="bbox 571 1986 1533 2067; baseline 0.003 -17"><span class='ocrx_word' id='word_1_54' title='bbox 571 1989 642 2050; x_wconf 81' lang='lat' dir='ltr'><strong>loo.</strong></span> <span class='ocrx_word' id='word_1_55' title='bbox 681 1988 722 2052; x_wconf 75' lang='lat' dir='ltr'><strong>rat</strong></span> <span class='ocrx_word' id='word_1_56' title='bbox 744 1986 769 2051; x_wconf 72' lang='grc' dir='ltr'><strong>δ’</strong></span> <span class='ocrx_word' id='word_1_57' title='bbox 792 1989 829 2051; x_wconf 90' lang='grc' dir='ltr'><strong>ε’ν.</strong></span> <span class='ocrx_word' id='word_1_58' title='bbox 866 1986 981 2052; x_wconf 79' lang='lat' dir='ltr'><strong>Eadem</strong></span> <span class='ocrx_word' id='word_1_59' title='bbox 1010 1989 1159 2052; x_wconf 86' lang='lat' dir='ltr'><strong>sententia</strong></span> <span class='ocrx_word' id='word_1_60' title='bbox 1181 1990 1388 2067; x_wconf 81' lang='lat' dir='ltr'><strong>continuatur.</strong></span> <span class='ocrx_word' id='word_1_61' title='bbox 1425 1988 1477 2055; x_wconf 74' lang='lat' dir='ltr'><strong>ra</strong></span> <span class='ocrx_word' id='word_1_62' title='bbox 1501 1990 1533 2053; x_wconf 84' lang='grc' dir='ltr'><strong>ἕν</strong></span> 
     </span>
     <span class='ocr_line' id='line_1_12' title="bbox 523 2107 1532 2193; baseline 0.004 -24"><span class='ocrx_word' id='word_1_63' title='bbox 523 2107 594 2188; x_wconf 76' lang='grc' dir='ltr'><strong>τᾷδε</strong></span> <span class='ocrx_word' id='word_1_64' title='bbox 629 2108 695 2178; x_wconf 73' lang='grc' dir='ltr'><strong>Διὸς</strong></span> <span class='ocrx_word' id='word_1_65' title='bbox 729 2109 812 2191; x_wconf 71' lang='grc' dir='ltr'><strong>ἀρχᾷ</strong></span> <span class='ocrx_word' id='word_1_66' title='bbox 846 2108 953 2187; x_wconf 72' lang='grc' dir='ltr'><strong>ἀλιτρνὶ</strong></span> <span class='ocrx_word' id='word_1_67' title='bbox 985 2115 1057 2171; x_wconf 86' lang='lat' dir='ltr'><strong>sunt</strong></span> <span class='ocrx_word' id='word_1_68' title='bbox 1087 2107 1199 2172; x_wconf 86' lang='lat' dir='ltr'><strong>scelera</strong></span> <span class='ocrx_word' id='word_1_69' title='bbox 1222 2131 1275 2193; x_wconf 87' lang='lat' dir='ltr'><strong>per</strong></span> <span class='ocrx_word' id='word_1_70' title='bbox 1299 2108 1390 2173; x_wconf 87' lang='lat' dir='ltr'><strong>vitam</strong></span> <span class='ocrx_word' id='word_1_71' title='bbox 1415 2110 1447 2172; x_wconf 91' lang='lat' dir='ltr'><strong>iu</strong></span> <span class='ocrx_word' id='word_1_72' title='bbox 1471 2108 1532 2173; x_wconf 87' lang='lat' dir='ltr'><strong>hac</strong></span> 
     </span>
     <span class='ocr_line' id='line_1_13' title="bbox 522 2199 1535 2312; baseline 0.005 -25"><span class='ocrx_word' id='word_1_73' title='bbox 522 2231 601 2288; x_wconf 90' lang='lat' dir='ltr'><strong>terra</strong></span> <span class='ocrx_word' id='word_1_74' title='bbox 632 2226 799 2290; x_wconf 88' lang='lat' dir='ltr'><strong>commissa.</strong></span> <span class='ocrx_word' id='word_1_75' title='bbox 847 2224 933 2290; x_wconf 79' lang='lat' dir='ltr'><strong>(loni.</strong></span> <span class='ocrx_word' id='word_1_76' title='bbox 965 2225 1054 2289; x_wconf 84' lang='lat' dir='ltr'><strong>Plato</strong></span> <span class='ocrx_word' id='word_1_77' title='bbox 1084 2226 1122 2290; x_wconf 92' lang='lat' dir='ltr'><strong>de</strong></span> <span class='ocrx_word' id='word_1_78' title='bbox 1152 2226 1226 2312; x_wconf 83' lang='lat' dir='ltr'><strong>Rep.</strong></span> <span class='ocrx_word' id='word_1_79' title='bbox 1258 2226 1294 2291; x_wconf 87' lang='lat' dir='ltr'><strong>L.</strong></span> <span class='ocrx_word' id='word_1_80' title='bbox 1318 2226 1336 2290; x_wconf 96' lang='lat' dir='ltr'>I</span> <span class='ocrx_word' id='word_1_81' title='bbox 1359 2199 1479 2292; x_wconf 75' lang='lat'><strong>3301)</strong></span> <span class='ocrx_word' id='word_1_82' title='bbox 1510 2229 1535 2292; x_wconf 83' lang='grc' dir='ltr'><strong>οἱ</strong></span> 
     </span>
     <span class='ocr_line' id='line_1_14' title="bbox 523 2329 1533 2425; baseline 0.002 -16"><span class='ocrx_word' id='word_1_83' title='bbox 523 2344 673 2422; x_wconf 72' lang='grc' dir='ltr'><em>λεγόμενον</em></span> <span class='ocrx_word' id='word_1_84' title='bbox 704 2347 784 2421; x_wconf 71' lang='grc' dir='ltr'><em>μῦθον</em></span> <span class='ocrx_word' id='word_1_85' title='bbox 815 2345 876 2425; x_wconf 75' lang='grc' dir='ltr'><strong>περὶ</strong></span> <span class='ocrx_word' id='word_1_86' title='bbox 907 2348 963 2409; x_wconf 73' lang='grc' dir='ltr'><strong>τῶν</strong></span> <span class='ocrx_word' id='word_1_87' title='bbox 993 2347 1022 2411; x_wconf 86' lang='grc' dir='ltr'><strong>ἕν</strong></span> <span class='ocrx_word' id='word_1_88' title='bbox 1042 2347 1158 2420; x_wconf 74' lang='grc' dir='ltr'><em>Ἅιδου,</em></span> <span class='ocrx_word' id='word_1_89' title='bbox 1182 2348 1217 2417; x_wconf 80' lang='grc' dir='ltr'><strong>ὡς</strong></span> <span class='ocrx_word' id='word_1_90' title='bbox 1242 2347 1290 2411; x_wconf 75' lang='grc' dir='ltr'><strong>τὸν</strong></span> <span class='ocrx_word' id='word_1_91' title='bbox 1313 2329 1410 2412; x_wconf 67' lang='lat' dir='ltr'><strong>dulcido</strong></span> <span class='ocrx_word' id='word_1_92' title='bbox 1432 2344 1533 2419; x_wconf 65' lang='lat' dir='ltr'><strong>ditari·</strong></span> 
     </span>
     <span class='ocr_line' id='line_1_15' title="bbox 523 2464 999 2539; baseline 0.004 -13"><span class='ocrx_word' id='word_1_93' title='bbox 523 2488 619 2528; x_wconf 76' lang='lat' dir='ltr'><strong>ecura</strong></span> <span class='ocrx_word' id='word_1_94' title='bbox 641 2464 686 2527; x_wconf 74' lang='grc' dir='ltr'><strong>δεῖ</strong></span> <span class='ocrx_word' id='word_1_95' title='bbox 705 2466 766 2529; x_wconf 79' lang='grc' dir='ltr'><strong><em>ἐκεῖ</em></strong></span> <span class='ocrx_word' id='word_1_96' title='bbox 787 2464 888 2529; x_wconf 60' lang='lat' dir='ltr'><strong>traduat</strong></span> <span class='ocrx_word' id='word_1_97' title='bbox 913 2464 999 2539; x_wconf 74' lang='grc' dir='ltr'><strong>δίκην.</strong></span> 
     </span>
    </p>

    <p class='ocr_par' dir='ltr' id='par_1_6' title="bbox 570 2582 1530 2669">
     <span class='ocr_line' id='line_1_16' title="bbox 570 2582 1530 2669; baseline 0.003 -25"><span class='ocrx_word' id='word_1_98' title='bbox 570 2582 641 2646; x_wconf 70' lang='grc'><strong>108.</strong></span> <span class='ocrx_word' id='word_1_99' title='bbox 676 2608 730 2654; x_wconf 78' lang='grc' dir='ltr'><strong>τις.</strong></span> <span class='ocrx_word' id='word_1_100' title='bbox 767 2582 907 2647; x_wconf 87' lang='lat' dir='ltr'><strong>Humane</strong></span> <span class='ocrx_word' id='word_1_101' title='bbox 931 2591 961 2646; x_wconf 88' lang='lat' dir='ltr'><strong>et</strong></span> <span class='ocrx_word' id='word_1_102' title='bbox 982 2582 1115 2648; x_wconf 88' lang='lat' dir='ltr'><strong>humana</strong></span> <span class='ocrx_word' id='word_1_103' title='bbox 1135 2583 1283 2647; x_wconf 87' lang='lat' dir='ltr'><strong>modestia</strong></span> <span class='ocrx_word' id='word_1_104' title='bbox 1301 2606 1319 2645; x_wconf 92' lang='lat' dir='ltr'><strong>a</strong></span> <span class='ocrx_word' id='word_1_105' title='bbox 1337 2583 1530 2669; x_wconf 84' lang='lat' dir='ltr'><strong>loquacitate</strong></span> 
     </span>
    </p>
   </div>
   <div class='ocr_carea' id='block_1_3' title="bbox 514 2685 1531 4577">
    <p class='ocr_par' dir='ltr' id='par_1_7' title="bbox 520 2685 1531 3014">
     <span class='ocr_line' id='line_1_17' title="bbox 522 2685 1531 2797; baseline 0.005 -25"><span class='ocrx_word' id='word_1_106' title='bbox 522 2709 559 2773; x_wconf 90' lang='lat' dir='ltr'><strong>dc</strong></span> <span class='ocrx_word' id='word_1_107' title='bbox 589 2711 682 2774; x_wconf 89' lang='lat' dir='ltr'><strong>tantis</strong></span> <span class='ocrx_word' id='word_1_108' title='bbox 714 2710 803 2775; x_wconf 87' lang='lat' dir='ltr'><strong>rebus</strong></span> <span class='ocrx_word' id='word_1_109' title='bbox 834 2720 864 2776; x_wconf 88' lang='lat' dir='ltr'><strong>et</strong></span> <span class='ocrx_word' id='word_1_110' title='bbox 891 2712 973 2776; x_wconf 83' lang='lat' dir='ltr'><strong>&#39;ultra</strong></span> <span class='ocrx_word' id='word_1_111' title='bbox 997 2685 1073 2775; x_wconf 86' lang='lat' dir='ltr'><strong>vitae</strong></span> <span class='ocrx_word' id='word_1_112' title='bbox 1096 2712 1259 2777; x_wconf 86' lang='lat' dir='ltr'><strong>terminum</strong></span> <span class='ocrx_word' id='word_1_113' title='bbox 1284 2712 1391 2797; x_wconf 90' lang='lat' dir='ltr'><strong>positis</strong></span> <span class='ocrx_word' id='word_1_114' title='bbox 1415 2712 1460 2775; x_wconf 89' lang='lat' dir='ltr'><strong>ita</strong></span> <span class='ocrx_word' id='word_1_115' title='bbox 1484 2735 1531 2777; x_wconf 90' lang='lat' dir='ltr'><strong>re·</strong></span> 
     </span>
     <span class='ocr_line' id='line_1_18' title="bbox 520 2828 1530 2917; baseline 0.004 -27"><span class='ocrx_word' id='word_1_116' title='bbox 520 2828 650 2905; x_wconf 82' lang='lat' dir='ltr'><strong>tinctur,</strong></span> <span class='ocrx_word' id='word_1_117' title='bbox 682 2836 718 2893; x_wconf 94' lang='lat' dir='ltr'><strong>ut</strong></span> <span class='ocrx_word' id='word_1_118' title='bbox 748 2831 835 2915; x_wconf 86' lang='lat' dir='ltr'><strong>qnasi</strong></span> <span class='ocrx_word' id='word_1_119' title='bbox 866 2831 1008 2915; x_wconf 82' lang='lat' dir='ltr'><strong>ignorans</strong></span> <span class='ocrx_word' id='word_1_120' title='bbox 1036 2832 1139 2917; x_wconf 89' lang='lat' dir='ltr'><strong>ipsum</strong></span> <span class='ocrx_word' id='word_1_121' title='bbox 1158 2830 1271 2916; x_wconf 91' lang='lat' dir='ltr'><strong>judicis</strong></span> <span class='ocrx_word' id='word_1_122' title='bbox 1295 2852 1405 2895; x_wconf 91' lang='lat' dir='ltr'><strong>nomen</strong></span> <span class='ocrx_word' id='word_1_123' title='bbox 1428 2830 1530 2895; x_wconf 80' lang='lat' dir='ltr'><strong>sileat.</strong></span> 
     </span>
     <span class='ocr_line' id='line_1_19' title="bbox 520 2947 849 3014; baseline 0.012 -4"><span class='ocrx_word' id='word_1_124' title='bbox 520 2947 607 3012; x_wconf 74' lang='lat' dir='ltr'><strong>(loni.</strong></span> <span class='ocrx_word' id='word_1_125' title='bbox 634 2950 693 3014; x_wconf 87' lang='grc'><strong>117</strong></span> <span class='ocrx_word' id='word_1_126' title='bbox 720 2957 750 3012; x_wconf 88' lang='lat' dir='ltr'><strong>et</strong></span> <span class='ocrx_word' id='word_1_127' title='bbox 776 2952 849 3014; x_wconf 74' lang='lat'><strong>149.</strong></span> 
     </span>
    </p>

    <p class='ocr_par' dir='ltr' id='par_1_8' title="bbox 518 3067 1530 3608">
     <span class='ocr_line' id='line_1_20' title="bbox 564 3067 1530 3154; baseline 0.001 -23"><span class='ocrx_word' id='word_1_128' title='bbox 564 3068 655 3150; x_wconf 75' lang='grc' dir='ltr'><em>ἐχθρᾷ</em></span> <span class='ocrx_word' id='word_1_129' title='bbox 677 3068 816 3151; x_wconf 69' lang='grc' dir='ltr'><strong>ἀνάγκᾳ..</strong></span> <span class='ocrx_word' id='word_1_130' title='bbox 853 3071 918 3132; x_wconf 86' lang='lat' dir='ltr'><strong>Aut</strong></span> <span class='ocrx_word' id='word_1_131' title='bbox 950 3069 988 3133; x_wconf 89' lang='lat' dir='ltr'><strong>ad</strong></span> <span class='ocrx_word' id='word_1_132' title='bbox 1016 3069 1150 3154; x_wconf 87' lang='lat' dir='ltr'><strong>judicem</strong></span> <span class='ocrx_word' id='word_1_133' title='bbox 1182 3067 1256 3131; x_wconf 80' lang='lat' dir='ltr'><strong>liaeo</strong></span> <span class='ocrx_word' id='word_1_134' title='bbox 1288 3068 1458 3153; x_wconf 84' lang='lat' dir='ltr'><strong>pertinent,</strong></span> <span class='ocrx_word' id='word_1_135' title='bbox 1492 3075 1530 3132; x_wconf 91' lang='lat' dir='ltr'><strong>ut</strong></span> 
     </span>
     <span class='ocr_line' id='line_1_21' title="bbox 519 3185 1528 3273; baseline 0.002 -25"><span class='ocrx_word' id='word_1_136' title='bbox 519 3185 605 3249; x_wconf 89' lang='lat' dir='ltr'><strong>malit</strong></span> <span class='ocrx_word' id='word_1_137' title='bbox 636 3187 806 3266; x_wconf 87' lang='lat' dir='ltr'><strong>absolvere,</strong></span> <span class='ocrx_word' id='word_1_138' title='bbox 839 3188 864 3251; x_wconf 89' lang='lat' dir='ltr'><strong>si</strong></span> <span class='ocrx_word' id='word_1_139' title='bbox 896 3189 1009 3273; x_wconf 84' lang='lat' dir='ltr'><strong>possit,</strong></span> <span class='ocrx_word' id='word_1_140' title='bbox 1041 3187 1092 3251; x_wconf 89' lang='lat' dir='ltr'><strong>sed</strong></span> <span class='ocrx_word' id='word_1_141' title='bbox 1122 3187 1208 3273; x_wconf 89' lang='lat' dir='ltr'><strong>quasi</strong></span> <span class='ocrx_word' id='word_1_142' title='bbox 1232 3194 1359 3271; x_wconf 83' lang='lat' dir='ltr'><strong>cogatur</strong></span> <span class='ocrx_word' id='word_1_143' title='bbox 1382 3186 1421 3250; x_wconf 89' lang='lat' dir='ltr'><strong>ad</strong></span> <span class='ocrx_word' id='word_1_144' title='bbox 1444 3186 1528 3250; x_wconf 86' lang='lat' dir='ltr'><strong>dam·</strong></span> 
     </span>
     <span class='ocr_line' id='line_1_22' title="bbox 519 3303 1527 3390; baseline 0 -23"><span class='ocrx_word' id='word_1_145' title='bbox 519 3304 670 3368; x_wconf 88' lang='lat' dir='ltr'><strong>nandum:</strong></span> <span class='ocrx_word' id='word_1_146' title='bbox 700 3315 753 3370; x_wconf 90' lang='lat' dir='ltr'><strong>aut</strong></span> <span class='ocrx_word' id='word_1_147' title='bbox 776 3306 813 3369; x_wconf 88' lang='lat' dir='ltr'><strong>ad</strong></span> <span class='ocrx_word' id='word_1_148' title='bbox 836 3328 919 3384; x_wconf 77' lang='lat' dir='ltr'><strong>reoS,</strong></span> <span class='ocrx_word' id='word_1_149' title='bbox 945 3306 1056 3390; x_wconf 90' lang='lat' dir='ltr'><strong>quibus</strong></span> <span class='ocrx_word' id='word_1_150' title='bbox 1081 3306 1232 3369; x_wconf 84' lang='lat' dir='ltr'><strong>sententia</strong></span> <span class='ocrx_word' id='word_1_151' title='bbox 1251 3304 1365 3390; x_wconf 91' lang='lat' dir='ltr'><strong>judicis</strong></span> <span class='ocrx_word' id='word_1_152' title='bbox 1389 3303 1527 3368; x_wconf 85' lang='lat' dir='ltr'><strong>odiosam</strong></span> 
     </span>
     <span class='ocr_line' id='line_1_23' title="bbox 519 3422 1527 3510; baseline 0 -23"><span class='ocrx_word' id='word_1_153' title='bbox 519 3447 631 3508; x_wconf 89' lang='lat' dir='ltr'><strong>poenae</strong></span> <span class='ocrx_word' id='word_1_154' title='bbox 652 3426 859 3490; x_wconf 87' lang='lat' dir='ltr'><strong>necessitatem</strong></span> <span class='ocrx_word' id='word_1_155' title='bbox 876 3426 1022 3510; x_wconf 89' lang='lat' dir='ltr'><strong>imponat.</strong></span> <span class='ocrx_word' id='word_1_156' title='bbox 1051 3424 1206 3489; x_wconf 84' lang='lat' dir='ltr'><strong>Posterius</strong></span> <span class='ocrx_word' id='word_1_157' title='bbox 1223 3446 1326 3489; x_wconf 90' lang='lat' dir='ltr'><strong>verum</strong></span> <span class='ocrx_word' id='word_1_158' title='bbox 1343 3446 1407 3488; x_wconf 89' lang='lat' dir='ltr'><strong>esse</strong></span> <span class='ocrx_word' id='word_1_159' title='bbox 1423 3422 1527 3487; x_wconf 90' lang='lat' dir='ltr'><strong>credo.</strong></span> 
     </span>
     <span class='ocr_line' id='line_1_24' title="bbox 518 3542 731 3608; baseline 0.005 -1"><span class='ocrx_word' id='word_1_160' title='bbox 518 3542 564 3607; x_wconf 81' lang='lat' dir='ltr'><strong>Of.</strong></span> <span class='ocrx_word' id='word_1_161' title='bbox 590 3568 631 3608; x_wconf 89' lang='lat' dir='ltr'><strong>vs.</strong></span> <span class='ocrx_word' id='word_1_162' title='bbox 659 3547 731 3608; x_wconf 78' lang='lat'>122.</span> 
     </span>
    </p>

    <p class='ocr_par' dir='ltr' id='par_1_9' title="bbox 515 3660 1527 4207">
     <span class='ocr_line' id='line_1_25' title="bbox 566 3660 1525 3748; baseline -0.001 -21"><span class='ocrx_word' id='word_1_163' title='bbox 566 3667 636 3728; x_wconf 89' lang='lat' dir='ltr'><strong>lll.</strong></span> <span class='ocrx_word' id='word_1_164' title='bbox 672 3664 866 3744; x_wconf 69' lang='grc' dir='ltr'><strong>ἀπονέστερον.</strong></span> <span class='ocrx_word' id='word_1_165' title='bbox 902 3663 949 3728; x_wconf 79' lang='lat' dir='ltr'><strong>Of.</strong></span> <span class='ocrx_word' id='word_1_166' title='bbox 975 3687 1051 3748; x_wconf 91' lang='lat' dir='ltr'><strong>quae</strong></span> <span class='ocrx_word' id='word_1_167' title='bbox 1075 3662 1288 3727; x_wconf 85' lang='lat' dir='ltr'><strong>annotavimus</strong></span> <span class='ocrx_word' id='word_1_168' title='bbox 1312 3661 1349 3725; x_wconf 91' lang='lat' dir='ltr'><strong>ad</strong></span> <span class='ocrx_word' id='word_1_169' title='bbox 1366 3660 1415 3726; x_wconf 91' lang='lat' dir='ltr'><strong>Ol.</strong></span> <span class='ocrx_word' id='word_1_170' title='bbox 1433 3660 1450 3725; x_wconf 95' lang='lat' dir='ltr'>I</span> <span class='ocrx_word' id='word_1_171' title='bbox 1470 3665 1525 3726; x_wconf 88' lang='grc'><strong>99.</strong></span> 
     </span>
     <span class='ocr_line' id='line_1_26' title="bbox 516 3780 1527 3868; baseline 0 -24"><span class='ocrx_word' id='word_1_172' title='bbox 516 3781 757 3867; x_wconf 79' lang='lat' dir='ltr'><strong>Explicationem</strong></span> <span class='ocrx_word' id='word_1_173' title='bbox 789 3790 889 3846; x_wconf 87' lang='lat' dir='ltr'><strong>autem</strong></span> <span class='ocrx_word' id='word_1_174' title='bbox 921 3782 953 3846; x_wconf 94' lang='lat' dir='ltr'><strong>id</strong></span> <span class='ocrx_word' id='word_1_175' title='bbox 986 3782 1169 3868; x_wconf 87' lang='lat' dir='ltr'><strong>adjectivum</strong></span> <span class='ocrx_word' id='word_1_176' title='bbox 1196 3780 1290 3844; x_wconf 85' lang='lat' dir='ltr'><strong>habet</strong></span> <span class='ocrx_word' id='word_1_177' title='bbox 1312 3802 1348 3843; x_wconf 82' lang='lat' dir='ltr'><strong>ex</strong></span> <span class='ocrx_word' id='word_1_178' title='bbox 1372 3802 1527 3865; x_wconf 87' lang='lat' dir='ltr'><strong>compara·</strong></span> 
     </span>
     <span class='ocr_line' id='line_1_27' title="bbox 515 3898 1526 3985; baseline 0 -22"><span class='ocrx_word' id='word_1_179' title='bbox 515 3902 598 3963; x_wconf 89' lang='lat' dir='ltr'><strong>tione</strong></span> <span class='ocrx_word' id='word_1_180' title='bbox 628 3900 784 3979; x_wconf 87' lang='lat' dir='ltr'><strong>laborum,</strong></span> <span class='ocrx_word' id='word_1_181' title='bbox 817 3901 929 3985; x_wconf 91' lang='lat' dir='ltr'><strong>quibus</strong></span> <span class='ocrx_word' id='word_1_182' title='bbox 961 3901 1103 3965; x_wconf 87' lang='lat' dir='ltr'><strong>mortales</strong></span> <span class='ocrx_word' id='word_1_183' title='bbox 1136 3922 1207 3984; x_wconf 86' lang='lat' dir='ltr'><strong>agro</strong></span> <span class='ocrx_word' id='word_1_184' title='bbox 1239 3898 1365 3963; x_wconf 87' lang='lat' dir='ltr'><strong>colendo</strong></span> <span class='ocrx_word' id='word_1_185' title='bbox 1389 3905 1420 3962; x_wconf 89' lang='lat' dir='ltr'><strong>et</strong></span> <span class='ocrx_word' id='word_1_186' title='bbox 1443 3899 1526 3963; x_wconf 86' lang='lat' dir='ltr'><strong>navi·</strong></span> 
     </span>
     <span class='ocr_line' id='line_1_28' title="bbox 516 4017 1523 4107; baseline 0.001 -24"><span class='ocrx_word' id='word_1_187' title='bbox 516 4020 615 4105; x_wconf 86' lang='lat' dir='ltr'><strong>gando</strong></span> <span class='ocrx_word' id='word_1_188' title='bbox 646 4022 741 4085; x_wconf 81' lang='lat' dir='ltr'><strong>vict-ui</strong></span> <span class='ocrx_word' id='word_1_189' title='bbox 771 4022 820 4085; x_wconf 84' lang='lat' dir='ltr'><strong>vix</strong></span> <span class='ocrx_word' id='word_1_190' title='bbox 851 4021 1013 4086; x_wconf 85' lang='lat' dir='ltr'><strong>sufficienti</strong></span> <span class='ocrx_word' id='word_1_191' title='bbox 1039 4022 1210 4107; x_wconf 86' lang='lat' dir='ltr'><strong>prospicere</strong></span> <span class='ocrx_word' id='word_1_192' title='bbox 1234 4026 1394 4104; x_wconf 85' lang='lat' dir='ltr'><strong>coguntur.</strong></span> <span class='ocrx_word' id='word_1_193' title='bbox 1442 4017 1523 4084; x_wconf 81' lang='lat' dir='ltr'><strong>Cum</strong></span> 
     </span>
     <span class='ocr_line' id='line_1_29' title="bbox 515 4138 994 4207; baseline 0.002 -5"><span class='ocrx_word' id='word_1_194' title='bbox 515 4139 648 4203; x_wconf 86' lang='lat' dir='ltr'><strong>dictione</strong></span> <span class='ocrx_word' id='word_1_195' title='bbox 671 4139 708 4203; x_wconf 84' lang='lat' dir='ltr'><strong>el.</strong></span> <span class='ocrx_word' id='word_1_196' title='bbox 734 4138 847 4204; x_wconf 87' lang='lat' dir='ltr'><strong>Herod.</strong></span> <span class='ocrx_word' id='word_1_197' title='bbox 871 4140 916 4207; x_wconf 88' lang='lat' dir='ltr'><strong>H.</strong></span> <span class='ocrx_word' id='word_1_198' title='bbox 943 4143 994 4203; x_wconf 73' lang='grc'><strong>11.</strong></span> 
     </span>
    </p>

    <p class='ocr_par' dir='ltr' id='par_1_10' title="bbox 514 4254 1522 4577">
     <span class='ocr_line' id='line_1_30' title="bbox 561 4254 1522 4341; baseline 0.002 -22"><span class='ocrx_word' id='word_1_199' title='bbox 561 4259 633 4320; x_wconf 87' lang='grc'><strong>118.</strong></span> <span class='ocrx_word' id='word_1_200' title='bbox 668 4258 772 4334; x_wconf 77' lang='grc' dir='ltr'><strong>τιμίοις</strong></span> <span class='ocrx_word' id='word_1_201' title='bbox 796 4261 870 4325; x_wconf 74' lang='grc' dir='ltr'><em>θεῶν.</em></span> <span class='ocrx_word' id='word_1_202' title='bbox 906 4258 1087 4323; x_wconf 87' lang='lat' dir='ltr'><strong>Karstenius</strong></span> <span class='ocrx_word' id='word_1_203' title='bbox 1111 4256 1258 4341; x_wconf 83' lang='lat' dir='ltr'><strong>intelligit</strong></span> <span class='ocrx_word' id='word_1_204' title='bbox 1282 4277 1350 4333; x_wconf 88' lang='lat' dir='ltr'><strong>eos,</strong></span> <span class='ocrx_word' id='word_1_205' title='bbox 1375 4256 1429 4339; x_wconf 92' lang='lat' dir='ltr'><strong>qui</strong></span> <span class='ocrx_word' id='word_1_206' title='bbox 1451 4254 1522 4321; x_wconf 92' lang='lat' dir='ltr'><strong>Diis</strong></span> 
     </span>
     <span class='ocr_line' id='line_1_31' title="bbox 515 4374 1521 4460; baseline 0.001 -21"><span class='ocrx_word' id='word_1_207' title='bbox 515 4377 655 4441; x_wconf 88' lang='lat' dir='ltr'><strong>honorati</strong></span> <span class='ocrx_word' id='word_1_208' title='bbox 686 4378 764 4455; x_wconf 88' lang='lat' dir='ltr'><strong>sint,</strong></span> <span class='ocrx_word' id='word_1_209' title='bbox 796 4378 816 4441; x_wconf 92' lang='lat' dir='ltr'><strong>i.</strong></span> <span class='ocrx_word' id='word_1_210' title='bbox 842 4400 867 4442; x_wconf 89' lang='lat' dir='ltr'><strong>e.</strong></span> <span class='ocrx_word' id='word_1_211' title='bbox 900 4378 1014 4441; x_wconf 90' lang='lat' dir='ltr'><strong>beatos.</strong></span> <span class='ocrx_word' id='word_1_212' title='bbox 1042 4378 1160 4440; x_wconf 83' lang='lat' dir='ltr'><strong>-Acute</strong></span> <span class='ocrx_word' id='word_1_213' title='bbox 1191 4375 1360 4460; x_wconf 84' lang='lat' dir='ltr'><strong>genitivum</strong></span> <span class='ocrx_word' id='word_1_214' title='bbox 1382 4374 1521 4440; x_wconf 85' lang='lat' dir='ltr'><strong>defendit</strong></span> 
     </span>
     <span class='ocr_line' id='line_1_32' title="bbox 514 4493 1521 4577; baseline 0.001 -19"><span class='ocrx_word' id='word_1_215' title='bbox 514 4495 581 4559; x_wconf 91' lang='lat' dir='ltr'><strong>loco</strong></span> <span class='ocrx_word' id='word_1_216' title='bbox 613 4496 737 4560; x_wconf 89' lang='lat' dir='ltr'><strong>Homeri</strong></span> <span class='ocrx_word' id='word_1_217' title='bbox 772 4496 874 4562; x_wconf 82' lang='grc' dir='ltr'><em>πότνννι</em></span> <span class='ocrx_word' id='word_1_218' title='bbox 909 4500 1009 4577; x_wconf 77' lang='grc' dir='ltr'><em>θηρῶν,</em></span> <span class='ocrx_word' id='word_1_219' title='bbox 1045 4496 1083 4561; x_wconf 83' lang='lat' dir='ltr'><strong>Il.</strong></span> <span class='ocrx_word' id='word_1_220' title='bbox 1115 4493 1193 4559; x_wconf 90' lang='lat' dir='ltr'><strong>XXI</strong></span> <span class='ocrx_word' id='word_1_221' title='bbox 1224 4496 1298 4559; x_wconf 79' lang='lat'><strong>4⁷0.</strong></span> <span class='ocrx_word' id='word_1_222' title='bbox 1344 4493 1521 4559; x_wconf 81' lang='lat' dir='ltr'><strong>Boeclrhius</strong></span> 
     </span>
    </p>
   </div>
   <div class='ocr_carea' id='block_1_4' title="bbox 0 0 1888 5534">
    <p class='ocr_par' dir='ltr' id='par_1_11' title="bbox 0 0 1888 5534">
     <span class='ocr_line' id='line_1_33' title="bbox 0 0 1888 5534; baseline 0 6"><span class='ocrx_word' id='word_1_223' title='bbox 0 0 1888 5534; x_wconf 95' lang='lat' dir='ltr'><strong> </strong></span> 
     </span>
    </p>
   </div>
  </div>
 </body>
</html>
