3767 5534
902 748 967 809 463

432 954 642 1040 sepulcrorum
671 949 804 1034 intelligi
831 948 937 1025 docet,
975 970 1073 1012 unum
1097 947 1174 1012 illud
1199 948 1326 1013 insitum
1350 948 1445 1012 fuisse

432 1074 556 1159 priscis,
577 1076 706 1135 mortem
722 1091 786 1133 nou
800 1068 960 1131 interitum
976 1088 1041 1130 esse
1058 1068 1160 1131 omniu
1176 1066 1336 1131 tollentem
1352 1074 1445 1151 etque

433 1193 601 1268 delentem,
626 1189 679 1254 sed
703 1187 857 1273 quendem
877 1186 966 1270 quasi
980 1186 1194 1270 migrationem
1210 1187 1350 1270 vitaeque
1366 1206 1446 1251 eom·

434 1309 651 1376 mutationem:
686 1306 777 1371 'lusu
808 1303 846 1369 L.
878 1303 895 1369 I
927 1306 979 1368 12.
1015 1302 1130 1368 Verum
1162 1304 1337 1368 inferiarum
1370 1304 1446 1368 huso

433 1430 548 1495 mentio
572 1450 650 1513 quse
673 1427 734 1491 slis
756 1434 803 1490 est
825 1424 886 1489 nisi
909 1423 1027 1489 decoris
1043 1422 1215 1509 Olympici,
1233 1446 1295 1507 quo
1310 1424 1446 1509 parando

434 1546 615 1613 Alcimedon
645 1551 783 1609 mortuos
814 1542 1058 1627 consanguineos
1089 1542 1252 1606 honoravit
1275 1550 1306 1606 et
1329 1542 1445 1606 enimes

434 1687 539 1731 eorum
570 1663 752 1740 oblectavit,
785 1669 821 1725 ut
852 1660 1006 1745 praeclara
1035 1659 1237 1745 perpetrando
1260 1662 1361 1746 ipsum
1386 1662 1449 1746 pie·

435 1784 508 1848 tetis
531 1782 665 1847 officium
688 1778 875 1865 expleverit?

482 1901 558 1965 105.
593 1890 744 1977 συγγόνων
775 1898 877 1963 κεδνὰν
899 1898 997 1978 χάριν.
1031 1897 1139 1961 Potest
1161 1896 1328 1981 significari
1351 1898 1451 1983 gretie

436 2028 467 2086 et
489 2020 606 2097 honos,
630 2019 684 2103 qui
706 2018 837 2082 mortuis
860 2016 1025 2081 tribuitur:
1050 2016 1094 2079 its
1118 2014 1244 2079 Hesiod.
1269 2013 1329 2100 Op.
1356 2018 1419 2080 190

571 2136 633 2203 οὐδέ
656 2161 700 2209 τις
724 2135 836 2216 εὐόρκου
860 2134 948 2216 χάριν
971 2134 1090 2200 ἔσσεται
1112 2132 1175 2199 οὐδὲ
1199 2133 1316 2200 diuolso.

437 2258 556 2322 Verum
579 2255 671 2320 etiem
695 2255 792 2319 active
815 2253 962 2339 explicari
984 2259 1086 2338 potest
1108 2252 1206 2337 grstia
1225 2260 1255 2316 et
1271 2274 1372 2331 emor,
1390 2275 1451 2337 quo

439 2373 661 2459 consanguinei
683 2381 877 2459 perseverent
900 2373 992 2436 etism
1013 2373 1127 2435 mortui
1142 2371 1315 2436 meminisse
1330 2394 1451 2449 eorum,

441 2516 522 2580 quos
550 2493 741 2578 reliquerint.
786 2491 837 2555 Ita
867 2492 1005 2576 Thucyd.
1034 2490 1087 2554 ΠΙ
1117 2494 1158 2554 95
1191 2489 1374 2569 Δημοσθέννς
1397 2496 1453 2556 τῶν

440 2613 613 2688 Μεσσηνίων
633 2611 735 2692 χάριτι
759 2612 900 2682 πεισθεὶςι
925 2610 1009 2674 Plut.
1034 2608 1101 2674 Ost.
1125 2609 1199 2673 min.
1221 2611 1264 2673 34
1284 2608 1385 2689 χάριν-ν
1401 2618 1453 2684 τῆς

441 2730 569 2810 πόλεως,
593 2728 717 2793 Lucull.
738 2730 780 2793 35
797 2728 897 2809 χάριτι
913 2733 964 2792 τοῦ
980 2728 1085 2805 δήμου,
1102 2727 1204 2791 lavore
1219 2726 1314 2811 vulgi.
1351 2729 1453 2812 Atque

440 2850 486 2913 its
507 2848 585 2912 mihi
607 2846 729 2911 videtur
751 2846 802 2910 hio
824 2844 978 2910 Pindarus
1001 2846 1190 2929 significare,
1215 2868 1285 2909 eum
1303 2868 1453 2921 amorem,

442 2967 499 3052 qui
520 2966 816 3050 consanguineorum
832 2986 902 3049 erga
921 2987 993 3028 suos
1009 2964 1118 3042 luerit,
1136 2964 1261 3049 pulvere
1277 2987 1339 3028 uon
1356 2964 1454 3028 obrui.

443 3084 639 3169 Adjeetivum
669 3083 763 3155 κεδνὸς
785 3105 848 3147 non
872 3105 993 3167 semper
1014 3089 1128 3147 certem
1152 3082 1340 3165 eandemque
1364 3082 1457 3167 sigui-

443 3204 615 3268 fioetionem
638 3202 750 3286 hebere
774 3202 928 3267 creditum
953 3209 1033 3266 certe
1056 3202 1204 3305 tpibuitur
1227 3203 1252 3266 ei
1278 3202 1370 3265 etism
1385 3224 1456 3286 pru-

444 3320 566 3385 dentiae
589 3320 788 3405 significatio,
814 3320 898 3385 velut
920 3320 975 3405 Py.
1001 3319 1110 3384 Xlll
1127 3320 1224 3384 νεδνκδ
1235 3321 1341 3384 πολίων
1352 3320 1456 3400 κυβερ-

445 3439 555 3511 solorre:
580 3462 686 3504 verum
709 3439 748 3503 de
771 3462 806 3503 es
825 3439 1047 3523 significatione
1064 3460 1121 3502 suo
1136 3437 1205 3502 loeo
1220 3438 1456 3523 disputabimus.

446 3556 536 3621 Certe
559 3579 703 3643 persaepe
726 3564 773 3621 est
795 3558 979 3641 significatio
1002 3557 1139 3620 caritatis
1161 3557 1312 3640 gratiosae
1332 3565 1362 3621 et
1378 3579 1457 3621 ems·

446 3674 594 3753 bilitstis,
624 3678 816 3741 veneratione
840 3676 971 3760 quedam
997 3676 1151 3762 adjuncta.
1184 3676 1278 3742 Velut
1302 3678 1394 3743 Hom.
1418 3678 1457 3743 Il.

446 3794 493 3859 IX
519 3796 583 3858 586
609 3794 650 3858 de·
670 3795 792 3873 amieis,
817 3797 921 3875 ἑταῖρον

569 3912 598 3978 οἵ
614 3914 639 3978 οἱ
661 3912 824 3979 κεδνότατοι
848 3914 897 3979 καὶ
920 3916 1063 3996 <bitrem
1086 3910 1162 3989 doato
1186 3914 1334 3982 ἁπάντων.

446 4032 493 4097 De
523 4039 621 4097 mette
652 4030 712 4095 Od.
737 4032 767 4095 X
792 4034 811 4095 8
835 4034 917 4111 παρὰ
940 4034 1030 4113 πατρὶ
1054 4032 1134 4115 φίλῳ
1158 4036 1207 4099 nei
1230 4035 1331 4114 μητέρι
1354 4036 1457 4117 κεδνῇ,

447 4150 574 4216 Hesiod.
598 4150 713 4235 Theog.
741 4153 813 4215 169.
860 4150 908 4214 De
932 4174 1027 4217 uxore
1051 4152 1179 4217 Hesiod.
1204 4151 1263 4238 Op.
1290 4157 1353 4218 699

568 4269 735 4349 παρθενικὴν
758 4268 787 4333 δὲ
809 4276 921 4346 γαμεῖν
945 4266 991 4334 tte
1014 4270 1083 4345 ἤθεσι
1106 4271 1192 4336 κεδννδ
1215 4270 1340 4353 διδάξῃς.

446 4386 522 4450 Eur.
547 4386 615 4449 Ale.
641 4389 681 4451 97
699 4386 797 4459 κεδνῆς
813 4388 960 4462 γυναικός.
995 4387 1117 4452 Chorus
1133 4411 1219 4467 vero,
1240 4392 1319 4467 620,
1336 4390 1461 4455 laudata
1491 4417 1493 4421 ’

448 4504 615 4569 domestice
637 4504 762 4569 Admeti
785 4504 994 4591 hospitelitste
1015 4508 1176 4593 omnisque
1191 4509 1310 4593 generis
1325 4510 1460 4589 virtute,
