3767 5534
841 728 905 786 353

459 925 508 988 καὶ
530 926 659 1002 floreus}
683 926 731 990 uui
756 934 849 1008 Γοῑοι,
874 926 923 990 καὶ
948 923 973 989 οἳ
995 925 1123 1006 ὑπένερθε
1147 927 1296 1004 καμόντος

459 1045 615 1124 ἀνθρώπους
637 1045 779 1129 τίνυσθον,
803 1045 861 1118 ὅτις
884 1044 911 1110 κ’
933 1046 1058 1126 ἐπίορκον
1081 1046 1199 1125 ὀμόσσῃ.

372 1158 411 1221 Et
445 1169 543 1239 certe,
579 1163 603 1225 si
633 1164 682 1226 eui
713 1163 846 1229 Graecae
877 1164 1081 1249 mythologiae
1113 1166 1191 1249 parti
1223 1164 1373 1250 quaedam

372 1285 497 1343 naturae
527 1282 696 1346 aestimatio
726 1283 851 1348 subesse
878 1283 1015 1370 putanda
1037 1291 1100 1361 est,
1125 1283 1226 1348 Solem
1249 1284 1372 1347 Terram

373 1404 404 1460 et
433 1400 539 1483 Aquas
562 1402 659 1465 omnis
682 1402 850 1467 fertilitatis
872 1404 1071 1488 omniumque
1094 1426 1210 1481 rerum,
1234 1425 1312 1489 quae
1336 1402 1373 1466 ud

373 1515 510 1580 alendam
538 1518 695 1584 homiuum
719 1528 749 1585 et
772 1522 972 1586 animantium
997 1521 1089 1585 vitam
1113 1522 1284 1607 pertinent,
1310 1543 1378 1585 aue·

374 1645 453 1699 tores
483 1636 592 1701 habere
620 1646 651 1703 et
674 1641 809 1704 venerari
832 1640 1013 1705 debuerunt.
1061 1643 1162 1723 Atque
1185 1641 1276 1704 etiam
1299 1639 1376 1704 Len·

374 1756 481 1841 uepius
505 1757 586 1841 apud
611 1757 779 1823 Hesiodum
803 1762 866 1824 347
884 1759 1043 1844 Nymphas
1059 1782 1128 1823 oum
1145 1758 1214 1824 Sole
1231 1761 1376 1845 conjungi

372 1875 539 1940 existimat:
571 1878 723 1962 Apollinis
747 1879 860 1963 quippe
884 1880 1007 1943 nomine
1031 1879 1195 1963 significari
1217 1879 1375 1948 Phoebum

372 1993 472 2058 lueida
503 1996 565 2060 diei
595 1997 656 2060 tela
686 1996 902 2071 moderantem.
939 1996 1054 2062 Verum
1086 1998 1172 2062 nulla
1199 1997 1376 2084 hujusmodi

372 2115 451 2199 apud
482 2116 652 2181 Hesiodum
681 2127 727 2180 est
755 2117 907 2201 Apollinis
931 2118 1130 2202 significatis,
1155 2126 1191 2181 ut
1213 2139 1281 2181 eum
1305 2116 1374 2179 Sole

372 2235 535 2319 permutari
569 2236 634 2320 ejus
669 2258 779 2299 nomen
809 2236 946 2320 potuisse
978 2235 1133 2300 videatur:
1166 2243 1239 2298 sunt
1269 2242 1375 2297 eontra

367 2352 488 2417 ‘diversa
510 2355 645 2417 numius.
682 2354 797 2419 Verum
821 2356 934 2441 Apollo
958 2362 988 2419 et
1012 2356 1069 2419 arti
1092 2354 1219 2419 salutari
1243 2353 1374 2439 praefuit

317 2463 324 2478 ⁸
357 2480 402 2535 et
431 2473 496 2556 ipse
526 2473 585 2536 fuit
616 2474 699 2537 Deus
722 2473 874 2537 salutaris.
920 2472 1034 2538 Milesii
1057 2480 1088 2537 et
1114 2473 1192 2535 Delii
1215 2472 1374 2535 uoluerunt

372 2590 547 2675 Apollinem
579 2594 703 2668 Οὔλοου,
734 2589 786 2657 οἷον
814 2592 982 2670 ὑγοοοστικὸν
1003 2592 1054 2657 aad
1076 2593 1233 2674 σοοοονοκὸν,
1259 2591 1374 2655 valetu-

372 2709 452 2773 dinis
483 2718 513 2774 et
543 2710 709 2775 medicinae
741 2719 911 2775 auctorem:
943 2714 977 2777 τὸ
1006 2712 1066 2791 γὰρ
1096 2711 1188 2775 suasu
1219 2710 1373 2787 umbra:

322 2852 323 2856 ¹
372 2828 480 2893 Strabo
509 2828 545 2893 L.
571 2830 648 2894 XIV
670 2854 700 2916 p.
726 2832 800 2893 635.
847 2829 945 2914 Prope
969 2829 1120 2894 Coronam
1142 2828 1290 2914 templum
1313 2828 1373 2891 fuit

372 2947 542 3032 Apollinis,
573 2949 794 3014 Messeniorum
825 2950 904 3012 lama
936 2948 1201 3032 antiquissimum,
1234 2955 1263 3011 et
1291 2947 1376 3010 Deus

371 3068 492 3133 morbos
524 3069 666 3134 curabat:
696 3070 825 3133 Pausan.
849 3068 886 3134 L.
911 3068 957 3131 IV
981 3066 1016 3132 C.
1041 3071 1099 3144 34,
1124 3071 1155 3131 4.
1201 3065 1318 3130 Similia
1341 3066 1378 3129 de

371 3186 523 3272 Nymphis
545 3195 715 3253 narrantur.
762 3189 856 3273 Apud
880 3186 1058 3273 Cytherium
1081 3187 1208 3250 fluvium
1231 3187 1264 3249 in
1287 3184 1376 3249 Elide

372 3306 585 3391 Nympharum
616 3307 791 3372 Goniadum
814 3306 965 3391 templum
988 3306 1063 3383 fuit,
1088 3328 1166 3390 quae
1190 3305 1276 3388 aquis
1299 3326 1377 3368 mor-

373 3425 428 3489 bos
459 3446 563 3489 emare
593 3426 809 3491 credebanture
841 3424 951 3490 Strabo
983 3424 1019 3488 L.
1047 3422 1129 3487 Vm
1152 3448 1180 3508 p.
1207 3424 1281 3487 356.
1329 3422 1376 3485 De

375 3541 528 3628 Nymphis
548 3543 793 3622 Himerensibus‚
818 3568 896 3629 quae
915 3543 1087 3607 salutiferas
1104 3564 1197 3626 aquas
1213 3540 1378 3618 dederuut,

376 3661 458 3745 apud
484 3662 585 3746 ipsum
608 3662 774 3727 Pindarum
797 3662 941 3726 memoria
964 3670 1010 3724 est
1034 3659 1083 3723 01.
1108 3657 1173 3723 XII
1197 3662 1249 3723 27.
1295 3659 1378 3743 Ergo

374 3780 453 3843 illud
478 3780 605 3846 Hesiodi

509 3900 613 3987 clvApue
634 3900 784 3981 κουρίζουσι
807 3902 858 3965 σὺν
881 3900 1044 3965 Ἀπόλλωνι
1067 3895 1172 3963 duosve

377 4018 449 4101 quid
480 4018 652 4103 signifieat?
681 4019 770 4083 Certe
794 4019 922 4082 salutem
948 4026 978 4083 et
1000 4017 1093 4081 robur
1116 4017 1153 4080 ab
1176 4016 1238 4079 illis
1262 4014 1328 4078 dari
1352 4023 1381 4077 et

376 4137 557 4220 praeclaram
581 4138 707 4202 formam
727 4138 892 4222 juvenilem
915 4137 1037 4201 nutriri.
1062 4136 1209 4220 Egregie,
1234 4142 1270 4197 ut
1285 4133 1380 4210 solet,

377 4254 415 4319 de
445 4256 492 4319 his
523 4256 613 4321 rebus
643 4256 812 4341 disputavit
835 4256 1033 4332 Brouwerus,
1058 4254 1140 4317 Hist.
1165 4253 1255 4317 dela
1279 4250 1383 4315 Civili·

331 4360 334 4363 *
378 4376 476 4438 sation
499 4375 551 4438 des
575 4375 686 4454 Grees,
714 4374 748 4437 Τ.
773 4374 860 4458 Hp.
886 4378 945 4451 69,
971 4375 1046 4437 331.
1092 4372 1157 4436 Nos
1182 4380 1282 4435 autem
1307 4371 1390 4455 haee

379 4496 601 4578 persequimur,
629 4496 705 4578 quia
737 4494 918 4579 putabamus
951 4493 1039 4557 utilia
1070 4515 1134 4555 esse
1165 4514 1252 4577 posse
1276 4492 1313 4555 ud
1338 4493 1382 4555 iu·

1222 4616 1257 4667 23
