3767 5534
861 716 901 775 65

325 918 327 921 ’
411 908 533 979 Musarum
556 938 683 980 munera
706 915 810 980 divina
826 915 984 1001 amplexus
1001 921 1047 977 est
1063 912 1284 997 ingeniumque
1302 909 1387 973 novit

408 1029 456 1112 ipae
482 1056 569 1099 suum.
615 1033 698 1098 Nam
733 1035 816 1119 quod
847 1035 965 1098 videret
996 1055 1060 1097 esse
1090 1028 1191 1116 poesis
1222 1030 1385 1093 divinitate

408 1146 522 1231 dignum,
549 1154 583 1217 id
613 1160 677 1218 tam
708 1154 827 1218 silendo
859 1153 1100 1239 praetermittere
1129 1150 1268 1233 nequivit
1293 1170 1386 1232 quam

406 1266 456 1349 ipse
480 1294 506 1336 se
526 1272 674 1337 oblivisci.
721 1271 803 1337 Nam
826 1270 1084 1356 quemadmodum
1108 1278 1155 1334 est
1177 1268 1216 1334 ab
1241 1268 1386 1331 orationis

406 1386 509 1455 vanitate
530 1391 666 1470 alienus,
691 1392 734 1455 sio
758 1391 861 1456 studio
884 1391 981 1454 fertur
1006 1411 1093 1453 verae
1116 1387 1216 1452 laudis
1241 1394 1271 1450 et
1287 1386 1388 1470 poesis

403 1503 504 1588 ingenti.
552 1512 592 1575 In
626 1511 763 1597 ejusdem
798 1510 941 1575 carminis
977 1509 1144 1594 principio,
1182 1505 1266 1590 quod
1296 1504 1388 1569 modo

402 1621 602 1708 adserebamus,
635 1653 696 1714 quo
727 1630 964 1715 Xenophontem
989 1637 1020 1693 et
1042 1627 1226 1691 Corinthum
1251 1624 1387 1701 ornavit,

401 1738 582 1811 hochstet:

562 1867 624 1946 ἔχω
647 1866 729 1931 καλοὶ
751 1891 785 1930 τε
809 1865 942 1946 Φράσαι,
967 1864 1068 1942 τόλμα
1091 1864 1124 1928 τέ
1147 1888 1194 1941 μοι

562 1987 658 2049 εὐθεῖα
681 1990 822 2061 γλῶσσαν
844 1983 930 2062 ὀρνύει
955 1982 1069 2059 λέγειν·

474 2175 478 2181 ,
563 2102 688 2183 ἄμαχον
711 2104 741 2167 δὲ
763 2104 872 2183 κρύψαι
895 2103 928 2168 τὸ
952 2102 1094 2179 συγγενὲς
1118 2096 1197 2173 ἦθος·

379 2227 420 2284 eat
445 2222 515 2285 aaut
536 2222 631 2285 diem
649 2224 774 2304 palera,
800 2222 968 2307 animasque
984 2227 1141 2303 promptus
1163 2222 1292 2301 linpuam
1315 2218 1389 2282 eari-

376 2347 421 2403 aaa
450 2342 492 2403 od
518 2341 685 2405 dicendam
711 2364 762 2405 nae
778 2347 877 2423 pateat
899 2342 990 2422 obtepa'
1012 2362 1072 2403 moa
1094 2340 1211 2403 insitus.
1228 2340 1250 2423 ¹)
1297 2337 1390 2401 Hunc

373 2479 491 2521 morem
513 2465 625 2523 natura
647 2459 774 2523 insitum
800 2458 859 2524 sibi
881 2459 1050 2536 intellexit,
1075 2458 1288 2543 praestititque
1307 2478 1391 2540 prae·

372 2576 473 2640 stanti
500 2578 530 2640 ui
561 2577 677 2661 poesis:
712 2584 742 2641 et
772 2578 879 2641 retulit
900 2578 933 2641 id
957 2578 1074 2641 doraum
1096 2600 1213 2661 semper
1236 2575 1274 2639 ad
1298 2574 1390 2637 Deos.

371 2693 555 2758 Viatoribus
587 2696 721 2760 carmina
748 2696 824 2759 dioit
846 2719 911 2760 esse
935 2719 990 2781 pro
1014 2717 1134 2759 summo
1158 2695 1308 2780 praemio:
1332 2716 1392 2774 „ea

370 2820 480 2877 autem
513 2821 618 2877 nostra
651 2814 759 2898 lingua
790 2815 940 2877 moderari
971 2815 1074 2899 eupit:
1108 2837 1144 2878 ex
1176 2814 1242 2877 Deo
1274 2835 1392 2898 semper

371 2930 489 3013 aliquis
520 2932 657 3016 sapiente
680 2939 781 2996 mente
803 2933 922 2997 floret.”
935 2935 960 3017 2)
1007 2930 1073 2996 Neo
1097 2932 1162 2996 sine
1185 2932 1251 2995 Deo
1276 2931 1393 2994 divino-

372 3072 439 3133 que
456 3049 565 3134 spiritu
582 3058 703 3136 poetam
724 3050 823 3115 valere
839 3052 1001 3115 existimat.
1036 3050 1258 3135 „Quidquid”
1274 3050 1391 3133 inquit,

372 3168 512 3247 „natura
543 3175 605 3246 est,
637 3168 837 3233 fortissimum
869 3178 932 3234 est:
965 3170 1056 3234 multi
1087 3170 1248 3234 hominum
1279 3168 1395 3232 adsoitd

378 3286 528 3350 discendo
558 3289 745 3370 praestantia
775 3289 902 3373 gloriam
934 3312 1078 3373 quaerere
1109 3289 1313 3367 studuerunt,
1342 3287 1395 3351 sed

378 3404 441 3468 nisi
472 3404 559 3467 Deus
587 3404 689 3482 adest,
719 3406 808 3471 silere
838 3408 870 3471 in
902 3409 1053 3493 ejusmodi
1081 3431 1113 3472 re
1144 3414 1280 3493 praestat
1302 3429 1395 3491 quam

378 3522 574 3608 gloriari.”³)
620 3523 662 3588 Et
685 3525 744 3588 alio
767 3525 851 3589 loeo:

766 3644 855 3726 σοφὸς
879 3647 892 3710 ὃ
915 3662 986 3711 πολ·

765 3764 808 3828 λὰ
830 3764 906 3836 εἰδὼς
928 3773 1011 3848 φυᾷ·

380 3878 500 3959 rapiens
522 3885 582 3957 eat,
606 3881 659 3965 qui
680 3883 773 3946 multo
795 3884 850 3947 seit
871 3886 990 3947 naara.
1004 3885 1028 3968 4)

427 3996 572 4060 Divinam
594 4021 663 4061 vero
687 4002 820 4065 musicae
839 4002 1021 4080 suavitatem
1041 4002 1202 4088 expressit:
1223 4000 1318 4081 „Non
1338 4000 1398 4085 ipsi

381 4115 436 4179 Dii
460 4116 526 4179 sine
549 4118 727 4181 venerandis
752 4119 866 4183 Gratiis
890 4121 1006 4185 obeunt
1030 4122 1137 4185 choros
1157 4143 1216 4197 ,neo
1240 4120 1396 4184 convivia:

381 4232 438 4297 sed
468 4232 556 4313 illae,
586 4236 778 4302 moderantes
809 4239 841 4303 in
872 4237 1005 4324 Olympo
1036 4240 1155 4317 omnia,
1179 4239 1287 4325 positis
1308 4240 1398 4322 juxta

387 4400 577 4411 ..—-——

417 4492 443 4555 1)
463 4492 499 4542 or.
516 4494 590 4543 run.
609 4495 647 4545 ra.
701 4498 725 4559 a)
746 4498 782 4549 oa.
800 4499 845 4549 rr.
863 4501 886 4549 a.
937 4500 961 4561 a)
981 4500 1017 4549 or.
1035 4499 1149 4549 rnrsa.
1197 4500 1224 4560 a)
1239 4498 1427 4549 oannes..

1257 4600 1272 4652 s
