3767 5534
903 735 965 794 3111

431 939 472 1003 aa
501 937 582 1024 apud
612 892 790 1001 saionem
814 935 850 999 6.
874 933 958 998 xm
981 957 1010 1019 p.
1035 936 1097 998 ονι
1123 932 1339 1017 Fragmentum
1363 931 1436 995 aa·

431 1059 513 1135 dari,
537 1056 619 1142 apud
643 1056 797 1139 Heynium
820 1054 909 1140 11ρί6.
935 1053 974 1130 V,
998 1052 1078 1138 apud
1102 1039 1292 1117 Boeokhium
1307 1054 1375 1115 ¹93:

610 1177 696 1256 Κείνῳ
718 1176 770 1251 μὲν
794 1173 887 1239 Arm
911 1173 1015 1249 δεσμός
1039 1173 1215 1252 ὑπερφίαλος

612 1293 811 1376 ’Λμφίκειπαι

435 1416 478 1479 At
507 1415 540 1477 in
570 1411 631 1477 alio
662 1412 786 1477 Pindari
817 1411 986 1502 fragmento
1017 1408 1129 1473 ibidem
1162 1409 1254 1473 allato
1278 1408 1440 1494 Typhoeus

435 1531 606 1618 appellatur
636 1531 962 1612 πεντηκοντακέφαλοςε
991 1551 1096 1593 rursus
1119 1550 1190 1593 vero
1212 1528 1267 1613 Py.
1292 1527 1374 1592 VIII
1398 1530 1439 1592 20

434 1651 654 1730 ἑκατόγκρανος.
672 1649 718 1713 116
730 1648 877 1734 Typhone
890 1647 979 1712 Conf.
990 1647 1115 1712 Hesiod.
1125 1647 1240 1733 Theog.
1256 1650 1440 1712 azo-862.

483 1772 533 1833 11.
568 1766 641 1834 ἰπον.
678 1767 884 1853 Muacipulam
908 1766 1030 1852 quidem
1056 1768 1225 1852 signifieat,
1250 1767 1303 1832 sed
1319 1769 1442 1833 omnino
1473 1772 1478 1780 '

436 1911 548 1974 urgens
572 1895 602 1952 61
626 1909 764 1972 premens
788 1909 874 1951 6666.
901 1886 994 1971 Apud
1019 1886 1128 1950 Aeaeh.
1154 1886 1254 1951 Prom.
1281 1888 1343 1949 365
1361 1887 1441 1952 idem

436 2006 566 2093 Typhon

614 2132 707 2190 κεῖται
731 2130 876 2190 στενωποῦ
899 2125 1021 2200 πλησίον
1043 2126 1201 2190 ύαλασσίον

614 2245 763 2321 ἰπούμενος
786 2244 903 2326 ῥίζαισιν
926 2245 1078 2316 Αἰτναίαις
1102 2242 1165 2309 ύπο.

442 2363 506 2427 Ubi
528 2386 583 2449 pro
606 2363 771 2440 ἰπούμενος,
795 2364 877 2447 quod
902 2372 948 2428 661
970 2365 1003 2427 16
1022 2362 1127 2427 oodioo
1143 2362 1295 2440 Mediooo,
1313 2363 1345 2427 in
1361 2363 1446 2428 libris

439 2484 534 2547 etiam
565 2489 611 2547 est
642 2484 823 2561 ἰπνούμενοςε
848 2492 878 2546 at
901 2482 1064 2547 scholiasta
1088 2505 1185 2547 unus:
1209 2508 1254 2562 γρ.
1278 2484 1446 2560 ἰπούμενος,

442 2603 507 2667 οἰνσί
537 2608 588 2667 ποῦ
618 2601 825 2681 βαρυνόμενος,
858 2604 945 2679 ἤγουν
971 2600 1188 2682 σφιγγόμενος,
1213 2604 1272 2677 ἥποι
1296 2601 1449 2679 παγιδενό-

442 2746 536 2799 μενος.
560 2721 623 2793 ἰπος
647 2722 697 2804 (an
720 2717 795 2802 ἰπος)
818 2723 877 2800 γόρ
900 2725 918 2796 ἡ
941 2719 1036 2797 παγίς
1058 2726 1114 2786 σῶν
1137 2726 1215 2797 μυῶν
1233 2721 1294 2785 οἰπό
1308 2727 1358 2786 σού
1374 2719 1447 2786 ἰππιι

443 2840 476 2905 πό
498 2841 639 2917 βλόππο.
669 2839 709 2903 111
732 2839 872 2904 11661611.
897 2840 935 2903 ad
960 2839 998 2903 Il.
1023 2839 1039 2902 I
1063 2844 1081 2903 3
1106 2842 1186 2905 ἰποῦν
1209 2843 1288 2919 ρ’νῑμα
1310 2840 1375 2904 οἰνπί
1398 2845 1448 2905 τοῦ

444 2960 593 3037 βλοίππειν
624 2961 705 3038 παρόν
731 2962 772 3039 τῷ
795 2961 938 3040 Αἰσχύλῳ
960 2959 1009 3024 καί
1032 2959 1114 3037 παροί
1136 2961 1177 3039 τῷ
1200 2959 1337 3040 Καμικῷ,
1362 2962 1390 3023 ἕν
1409 2962 1449 3040 τῷ

445 3080 588 3157 ἰπούμενοι
611 3086 677 3151 ναῖς
697 3079 854 3159 εἰσφοραῖς.
879 3077 943 3159 Qui
959 3079 1045 3142 loeus
1063 3088 1108 3142 est
1125 3079 1282 3165 Aristoph.
1300 3078 1356 3163 Rq:
1375 3082 1448 3142 924.

494 3201 544 3262 16.
580 3196 707 3283 Saepius
738 3198 871 3261 carmina
901 3221 956 3261 sua
987 3198 1200 3283 sempiternam
1229 3199 1355 3282 gloriam
1380 3198 1450 3263 dare

445 3323 592 3381 testatur:
617 3315 702 3379 velut
724 3313 775 3379 Ol.
799 3315 847 3379 XI
872 3319 901 3379 5.

435 3441 438 3445 ’
494 3436 544 3498 18.
580 3434 729 3511 Ψαύμιίος
760 3434 819 3510 ἥκει
850 3435 950 3515 όχέον.
986 3434 1115 3499 Carmen
1146 3434 1275 3512 festum,
1303 3437 1451 3513 όκῶμσς,

446 3553 546 3630 venit,
572 3564 666 3635 quum
689 3552 729 3614 sit
751 3554 845 3630 κῶμος
872 3552 963 3632 όχέοιν
987 3553 1152 3629 Ψαύμιδος,
1177 3552 1197 3616 i.
1223 3575 1247 3615 e.
1273 3574 1368 3636 quum
1388 3554 1453 3616 rhe-

449 3670 503 3733 dae
526 3670 699 3734 Psaumidis
722 3670 930 3735 laudationem
955 3672 1119 3737 contineat.

494 3792 546 3853 22.
577 3797 693 3861 λοιπαῖς
717 3792 832 3870 εύχαῖς.
857 3789 945 3870 Quae
968 3791 1022 3855 illa
1044 3791 1162 3876 reliqua
1179 3797 1249 3854 vota
1265 3791 1340 3866 sint,
1361 3789 1455 3853 Poeta

450 3909 505 3972 hoo
529 3909 596 3972 loeo
620 3931 679 3972 non
705 3909 845 3993 explieat.
892 3908 985 3990 Quod
1008 3919 1109 3974 tamen
1134 3933 1223 3995 saepe
1246 3909 1343 3973 facere
1360 3909 1453 3972 solet:
1479 3902 1483 3912 ’

450 4027 535 4090 66161
565 4025 614 4091 Ol.
647 4027 664 4089 I
691 4030 752 4091 175
778 4027 907 4091 Hieroni
930 4034 1017 4113 optat
1041 4028 1176 4093 curulem
1202 4028 1367 4092 victoriam.
1415 4026 1455 4091 Et·

449 4144 575 4208 fortasse
595 4147 658 4229 jam
683 4145 730 4207 vix
754 4145 813 4208 alia
836 4145 931 4211 Poeta
955 4147 1105 4231 precando
1129 4147 1297 4230 signifieat,
1330 4146 1389 4209 nisi
1409 4147 1456 4230 ju·

451 4263 582 4327 eundem
606 4272 809 4328 senectutem:
834 4287 909 4350 quas
934 4266 1077 4350 exprimit
1100 4287 1201 4351 preces
1227 4263 1252 4325 V
1277 4268 1329 4328 49.

497 4384 549 4444 22.
585 4384 650 4446 ἐπεί
678 4408 736 4459 μιν.
772 4382 852 4447 Sunt
883 4383 940 4447 hae
973 4407 1099 4461 causae,
1132 4405 1225 4469 quare
1258 4390 1398 4467 precetur
1424 4394 1458 4446 61

451 4498 533 4564 bona
564 4511 679 4586 speret,
712 4502 827 4586 positae
858 4504 889 4565 in
922 4504 1043 4567 victoris
1075 4504 1189 4587 pietate
1220 4508 1250 4564 61
1281 4501 1457 4565 virtutibus.
