3767 5534
842 762 904 821 569

413 962 447 1025 P.
473 963 535 1027 387
561 960 583 1024 l.
608 962 650 1023 30
675 958 763 1024 conf.
790 958 901 1024 Aetoli.
926 956 1021 1021 Choe.
1048 960 1113 1020 944
1135 960 1300 1038 ἀναφυγὰς
1326 960 1381 1025 ὑπὸ

370 1080 442 1144 δυοῖν
465 1079 644 1158 μιαστόροιν,
669 1086 700 1141 et
724 1100 802 1162 qnae
824 1076 868 1141 ibi
891 1076 1114 1140 annotavimus.

414 1196 449 1260 P.
474 1198 549 1259 456.
572 1195 594 1259 l.
620 1198 660 1258 31
686 1194 775 1258 Conf.
800 1192 850 1257 Ol.
876 1192 942 1256 XII
966 1195 1007 1255 26
1031 1195 1064 1259 ἐκ
1087 1194 1224 1264 Πυθῶνος.

414 1314 449 1377 Ρ.
482 1316 546 1376 482
578 1312 599 1376 l.
634 1314 673 1376 15
706 1312 755 1375 Ad
786 1311 826 1375 Il.
859 1310 973 1374 XVIII
1001 1313 1065 1373 326
1089 1310 1168 1375 conf.
1194 1311 1381 1390 Aeschines,

372 1432 425 1517 qni
456 1454 492 1494 eo
522 1431 589 1515 ipso
620 1430 688 1493 loco
719 1430 837 1507 utitur,
871 1427 939 1492 adv.
971 1427 1183 1506 IImarchum,
1215 1451 1246 1514 p.
1274 1428 1381 1513 Steph.

373 1551 433 1625 20,
458 1555 582 1611 stereot.
606 1550 666 1625 68,
692 1549 744 1610 69.

415 1664 450 1728 Ρ.
484 1667 546 1727 501
579 1663 599 1728 l.
633 1666 674 1726 14
706 1662 821 1727 Eadem
852 1662 1016 1725 traduntur
1046 1684 1064 1724 a
1094 1660 1261 1740 Pausania,
1286 1660 1323 1725 L.
1347 1660 1383 1725 Π

373 1782 407 1845 o,
432 1781 492 1844 xv
519 1785 547 1846 1.
1298 1763 1301 1770 ’

416 1900 451 1963 P.
476 1902 539 1964 eoa
565 1900 585 1963 l.
612 1901 628 1965 7
654 1897 743 1962 conf.
768 1881 1126 1962 oneraturos

372 2018 499 2081 Crassus
523 2018 562 2081 ad
584 2017 765 2101 Euphraten
788 2015 923 2099 aquilam
947 2022 1115 2098 natumque
1138 2037 1272 2099 suosque

416 2135 555 2199 Perdidit
578 2143 608 2198 et
631 2134 693 2198 leto
717 2141 762 2200 est
785 2133 914 2197 ultimus
936 2132 1002 2217 ipse
1026 2133 1126 2197 datus.

416 2252 451 2316 P.
478 2255 541 2317 520
566 2252 586 2316 l.
614 2255 654 2316 18
671 2227 880 2336 'Xenophonti
897 2239 923 2315 l.
949 2250 1096 2315 Thessalo

418 2461 546 2524 Codices
576 2460 800 2545 manuscriptos
826 2482 883 2523 nec
905 2460 972 2544 ipse
994 2460 1131 2524 conferre
1154 2461 1260 2545 potui,
1284 2482 1384 2545 neque

373 2579 464 2642 etiam
488 2601 524 2641 ex
547 2578 698 2641 editorum
721 2577 904 2641 testimoniis
922 2577 1024 2640 adhuc
1039 2578 1084 2641 ita
1099 2583 1239 2642 accurate
1255 2599 1383 2663 cognos-

373 2719 455 2774 cere,
491 2702 528 2759 ut
558 2702 747 2780 optaveram,
784 2716 840 2759 nec
869 2717 948 2778 quae
979 2696 1020 2759 sit
1057 2695 1187 2781 singulis
1217 2697 1384 2760 auctoritas

373 2812 544 2877 tribuenda.
583 2811 699 2876 Verum
722 2813 755 2877 in
779 2812 977 2877 annotatione
993 2813 1097 2877 critica
1118 2814 1207 2878 etiam
1225 2835 1299 2877 usus
1316 2836 1386 2878 sum

374 2929 544 2994 Ahlwardti
567 2930 748 2994 testimoniis
765 2930 802 2993 de
819 2929 985 2994 (lodicibus
1004 2931 1221 3016 manuscriptis
1243 2930 1388 3016 Neapoli·

374 3049 469 3113 tanis:
498 3054 684 3112 memoratur
706 3056 810 3112 autem
840 3048 873 3112 in
897 3047 1031 3113 editione
1054 3048 1181 3113 Pindari
1204 3049 1388 3119 Disseniana

375 3166 487 3243 altera,
512 3187 529 3227 a
552 3164 782 3229 Schneidewino
806 3173 926 3244 curata,
949 3164 1021 3231 Vol.
1046 3165 1064 3229 I
1086 3188 1155 3251 pag.
1180 3166 1274 3245 OIII,
1295 3166 1388 3231 Liber

375 3282 488 3346 Preesii
504 3284 542 3347 de
558 3283 646 3347 codd.
664 3282 790 3347 Pindari
807 3281 1038 3368 Neapolitanis,
1055 3284 1211 3369 Stargardi
1230 3287 1332 3348 1835:
1358 3289 1390 3349 et

375 3401 562 3483 patefactum
585 3422 649 3464 esse
673 3400 898 3483 dicitur„illos
922 3400 1042 3465 codices
1066 3401 1104 3464 ab
1129 3401 1306 3465 Ahlwardto
1322 3402 1389 3487 ipso

376 3519 521 3582 confictos
552 3540 626 3582 esse.
673 3520 716 3581 At
747 3518 887 3603 equidem
923 3517 977 3582 illo
1010 3517 1124 3582 Freesii
1150 3517 1228 3583 libro
1251 3518 1390 3583 nondum

375 3636 423 3700 uti
446 3636 544 3719 potui.

421 3752 508 3833 Quae
538 3754 606 3818 loca
636 3752 821 3837 scriptorum
853 3752 886 3816 in
910 3739 1128 3817 commentario
1152 3753 1260 3832 attuli,
1285 3776 1390 3818 eornm

378 3874 489 3958 partim
512 3895 561 3935 me
584 3870 694 3935 debere
717 3865 888 3934 editoribus
909 3876 940 3933 ct
957 3870 1247 3935 commentatoribus
1263 3871 1390 3936 Pindari

377 3997 407 4052 et
440 3988 578 4065 Ionicis,
613 3988 702 4051 facile
736 3986 938 4071 intelligitur:
974 4009 1031 4051 nec
1064 3993 1167 4052 tamen
1198 3988 1261 4052 fere
1293 3988 1390 4074 adjeci

376 4106 502 4169 nomina
531 4106 579 4169 vel
603 4104 734 4190 Heynii,
759 4104 808 4167 vel
830 4098 999 4179 Boeckhii,
1022 4104 1071 4168 vel
1093 4104 1220 4181 Tafelii,
1245 4105 1292 4169 vel
1316 4105 1391 4170 alio·

376 4247 461 4287 rum:
486 4246 586 4307 neque
610 4223 690 4287 enim
713 4221 744 4286 id
768 4221 817 4285 vel
840 4220 878 4284 ad
902 4221 1027 4286 illorum
1042 4222 1167 4286 landem
1182 4224 1388 4287 necessarium

378 4342 425 4405 vel
456 4342 494 4405 ad
526 4340 652 4405 Pindari
682 4338 917 4421 intelligentiam
948 4339 1025 4403 utile
1054 4340 1130 4404 mihi
1153 4340 1331 4419 videbatur,
1355 4341 1389 4405 in

378 4457 531 4522 volumine
551 4458 615 4543 jam
638 4456 712 4519 satis
735 4476 857 4539 magno.

793 4573 974 4605 <COD-¹·-
