3767 5534
912 687 973 749 557

431 886 617 972 Delphinia,
643 887 814 971 eademqne
838 887 869 951 in
897 886 1022 949 scholiis
1046 886 1082 949 ad
1108 885 1161 969 Py.
1180 885 1261 948 VIII
1280 888 1340 964 81,
1358 887 1449 971 Apol-

431 1005 488 1069 lini
512 1028 613 1083 sacra,
638 1014 670 1069 et
693 1006 731 1069 ad
755 1005 846 1069 Nem.
872 1004 900 1066 V
925 1007 985 1082 81,
1012 1012 1042 1067 11
1066 1006 1098 1067 in
1122 1004 1170 1067 his
1194 1003 1317 1087 quidem
1343 1005 1448 1070 eadem

432 1123 525 1187 fuisse
556 1125 703 1189 dicuntur
733 1134 827 1218 atque
851 1123 1077 1208 Hydrophoria.
1127 1122 1165 1187 In
1190 1122 1306 1186 scholio
1331 1124 1369 1187 ad
1393 1124 1446 1209 Py.
1571 1148 1577 1160 ’

432 1240 513 1305 VIII
550 1245 612 1305 114
643 1245 734 1307 etiam
765 1241 893 1336 Heraea.
941 1242 1009 1305 Hoc
1042 1241 1168 1325 quidem
1201 1241 1289 1318 loco,
1323 1250 1446 1326 propter

432 1358 552 1457 insulae
572 1361 749 1445 epitheton,
771 1363 889 1424 Aeacea
904 1359 1071 1443 significari
1083 1357 1167 1421 haud
1180 1357 1379 1441 improbabile
1392 1366 1447 1423 est.

480 1480 552 1543 157.
589 1477 733 1549 'Eteocle
779 1478 936 1541 Demetria
959 1477 1007 1540 vel
1031 1476 1191 1539 Eleusinia
1215 1476 1407 1561 appellantur
1431 1500 1448 1539 1

432 1593 607 1659 scholiasta.
644 1594 732 1658 (loni.
758 1593 807 1658 Ol.
832 1594 879 1657 IX
907 1597 980 1657 150.

482 1715 553 1777 157.
588 1714 741 1795 11111111.
786 1712 833 1776 cf.
857 1712 896 1776 aa
920 1711 971 1777 01.
996 1686 1061 1775 VH
1087 1716 1168 1791 151,
1195 1712 1243 1777 111,
1270 1716 1342 1777 aaa.

480 1832 553 1893 158.
588 1831 638 1894 ὑπ’
662 1831 782 1903 Alsum.
820 1829 942 1896 Nomen
968 1831 1108 1922 urbisin
1133 1853 1194 1895 nno
1215 1838 1315 1894 vetere
1331 1831 1446 1894 scholio

432 1948 595 2031 significari
624 1948 773 2025 creditur,
802 1948 907 2032 ibique
929 1948 1007 2012 festa
1030 1947 1148 2011 Nemea
1171 1948 1266 2011 fuisse
1290 1946 1445 2011 dicuntur.

434 2063 547 2129 Verum
579 2073 625 2129 est
648 2066 808 2130 manifesto
832 2089 954 2130 nomen·
967 2067 1089 2159 moniis.
1137 2065 1252 2129 Tamen
1276 2088 1370 2150 quum
1387 2089 1447 2130 me·

387 2229 392 2236 .
435 2190 591 2246 morentur
615 2183 730 2261 πόλιες,
755 2184 858 2267 potnit
881 2185 914 2247 in
936 2184 974 2247 iis
999 2185 1090 2247 etiam
1113 2183 1217 2247 haberi
1235 2186 1352 2261 Aetna,
1370 2207 1447 2269 quae

434 2301 532 2363 fuerat
554 2308 625 2363 ante
648 2308 709 2365 tres
733 2300 931 2387 Olympiadas
956 2301 1096 2365 condita:
1121 2301 1190 2364 vide
1214 2302 1252 2364 ad
1276 2301 1361 2365 011
1378 2324 1447 2386 pag.

342 2495 348 2506 .
435 2418 509 2483 251.
544 2417 703 2483 Praeterea
737 2441 806 2483 vero
837 2420 1045 2515 memorantur
1076 2420 1106 2483 in
1141 2419 1266 2483 scholiis
1298 2418 1446 2498 Isthmia,

434 2523 591 2620 Syracusis
629 2545 695 2601 acta
734 2544 858 2623 propter
896 2536 1038 2600 Corinthi
1073 2539 1307 2621 cognationem,
1343 2538 1448 2621 ibique

434 2652 608 2739 Xenophon
632 2655 738 2718 vicisse
762 2654 884 2718 dicitur.

481 2774 554 2836 159.
588 2772 711 2849 Εὔβοια.
753 2773 964 2837 Memorantnr
1003 2795 1019 2836 a
1061 2773 1233 2837 scholiastis
1274 2772 1448 2851 Geraestia,

435 2888 573 2953 Geraesti
605 2899 672 2954 acta
704 2868 734 2954 et
767 2913 852 2955 sacra
884 2889 1049 2974 Neptuno,
1083 2897 1115 2954 et
1138 2891 1357 2976 Amarynthia,
1382 2900 1450 2956 acta

435 3006 628 3091 Amarynthi.

368 3124 370 3127 ’
482 3128 553 3190 162.
588 3126 712 3203 μάσσον’
735 3126 752 3202 ἢ
775 3129 811 3199 ὡς
835 3126 940 3205 ἰδέμεν.
988 3126 1337 3196 Ρ11111111111111.111111
1357 3126 1446 3207 εὑρεῖν

435 3252 465 3307 11
484 3247 612 3327 §pandat
633 3245 751 3309 estsere
764 3267 798 3309 ac
811 3245 837 3307 si
848 3244 943 3309 Poeta
956 3244 1093 3327 undique
1105 3243 1247 3308 collectas
1259 3244 1365 3308 laudes
1379 3242 1444 3308 Oli·

434 3361 647 3445 gaethidarum
670 3369 701 3426 11
723 3363 762 3427 ob
786 3362 890 3425 oculos
914 3362 1029 3451 positas
1053 3362 1317 3454 nuncietproptar
1340 3383 1446 3425 nnme-

434 3501 502 3543 rum
526 3480 682 3563 ingentem
704 3501 766 3542 non
789 3500 877 3564 posse
900 3478 1117 3563 comprehendi
1133 3479 1209 3541 visu.
1234 3477 1323 3541 Gonf.
1341 3500 1373 3541 vs
1391 3481 1443 3542 65.
1489 3456 1490 3460 Ἰ

482 3598 555 3659 164.
595 3602 653 3662 Ζεῦ
688 3595 791 3661 τέλειε.
826 3595 864 3661 In
900 3596 986 3661 libris
1014 3596 1142 3660 fortasse
1174 3596 1265 3659 etiam
1298 3596 1446 3681 scriptum

434 3713 528 3777 fnisse
558 3715 674 3780 asarias
696 3737 843 3799 apparere
866 3714 988 3780 videtur
1011 3739 1028 3779 e
1050 3723 1150 3778 vetere
1174 3714 1290 3778 scholio
1313 3730 1445 3780 τελεστι-

434 3831 567 3905 κωτοὶτην
590 3830 658 3908 αἰδῶ
681 3833 766 3895 etin
790 3832 877 3895 Urat.
901 3831 931 3894 D
954 3834 1071 3897 11111111
1084 3833 1174 3896 'allah
1207 3832 1318 3895 Aesch.
1336 3834 1444 3921 Agam.

435 3948 514 4025 973,
538 3945 580 4011 Η.
607 3950 669 4011 895

551 4057 556 4066 ’
612 4073 669 4131 Ζεῦ
693 4072 750 4131 Ζεῦ
773 4067 867 4131 τέλειε
889 4068 945 4139 τὰς
969 4067 1045 4143 ἐμὰς
1070 4067 1165 4147 εὐχὰς
1187 4068 1274 4132 τέλει.

434 4182 525 4247 Ilum.
551 4185 592 4245 28
616 4184 723 4247 τέλειον
746 4180 865 4261 ὕψιστον
889 4183 960 4247 Δία.
994 4183 1089 4247 Hunc
1113 4206 1184 4268 ergo
1205 4185 1327 4248 invocat
1343 4184 1446 4249 Poeta.

435 4300 477 4364 111
510 4308 556 4364 est
584 4301 616 4364 in
640 4300 764 4364 scholiis
789 4299 951 4384 explicatio
974 4300 1036 4364 fere
1059 4302 1255 4386 hujusmodi,
1280 4304 1368 4387 quasi
1391 4325 1446 4387 pro

436 4438 469 4480 se
499 4438 603 4501 preces
633 4415 741 4494 faciat,
765 4424 802 4480 nt
825 4415 916 4480 detur
938 4416 997 4482 sibi
1020 4416 1139 4495 felicem
1161 4419 1304 4485 carminis
1328 4422 1443 4491 exitum
