3767 5534
907 736 970 798 495
1028 753 1034 764 ²

435 963 449 1003 e
480 965 512 1005 vs
537 933 596 1005 al.
644 939 754 1003 Potius
778 939 875 1002 luisse
898 938 987 1001 illum
1010 937 1117 1014 oredo,
1142 945 1209 1002 tum
1233 961 1328 1022 quum
1352 939 1452 1002 viuce-

434 1067 496 1137 ret,
529 1059 584 1123 illa
617 1068 715 1123 aetate
745 1080 824 1141 quae
848 1056 1014 1121 vocabatur
1037 1058 1192 1137 ἀγενείων,
1214 1056 1252 1120 de
1276 1079 1337 1140 qua
1360 1058 1451 1141 scrip·

434 1180 528 1242 simus
552 1177 590 1242 ad
614 1175 664 1241 Ol.
690 1177 738 1240 IX
764 1179 845 1253 135,
871 1198 1016 1260 apparere
1039 1176 1179 1238 existimo
1204 1198 1219 1238 e
1244 1198 1276 1238 vs
1302 1178 1361 1238 122

629 1365 632 1370 ,
657 1304 748 1361 κεῖνον
772 1295 852 1359 κατὰ
875 1297 975 1375 χρόνον
999 1294 1059 1376 ἰδέᾳ
1081 1319 1115 1359 τε
1137 1294 1226 1358 καλὸν

653 1413 739 1496 Ὥρᾳ
761 1440 794 1478 τε
820 1413 1002 1492 κεκραμένον.

433 1531 520 1612 Quae
548 1533 686 1597 laudatio
710 1555 836 1617 prorsus
861 1534 1005 1596 convenit
1027 1554 1096 1596 oum
1121 1531 1211 1594 laude
1235 1530 1447 1615 Epharmosti,

434 1672 529 1735 quum
552 1652 578 1715 is
604 1651 709 1715 eadem
733 1660 832 1715 aetate
856 1650 988 1714 Athenis
1013 1652 1162 1726 vinceret,
1187 1648 1237 1713 Ol.
1263 1648 1309 1712 IX
1337 1652 1416 1726 ltl,

477 1772 575 1849 riparios
598 1772 647 1835 ἐὼν
670 1770 719 1835 καὶ
742 1771 843 1842 καλός.
890 1768 979 1833 Oonf.
1004 1776 1106 1833 tamen
1130 1791 1199 1832 ann.
1226 1768 1263 1831 ad
1291 1771 1364 1832 lta.

478 1887 648 1953 Exordium
683 1897 729 1952 est
759 1889 791 1953 iu
824 1888 1046 1955 reminiscendo
1079 1895 1149 1973 post
1178 1889 1305 1971 longum
1329 1896 1448 1972 tempus

434 2007 564 2085 victore,
585 2010 617 2073 in
642 2008 805 2072 avertenda
829 2007 1083 2092 reprehensione,
1113 2007 1199 2070 etin
1223 2005 1377 2070 reddendo
1399 2007 1449 2071 de·

434 2126 498 2190 bito
529 2148 600 2191 oum
630 2128 770 2204 foenore,
807 2129 923 2189 1-16.
983 2125 1124 2189 Civitatis
1156 2125 1262 2189 laudes
1291 2126 1446 2211 justitiae,

432 2245 565 2320 artium,
597 2244 741 2309 militiae:
777 2247 916 2311 17-20.
972 2243 1054 2307 Laus
1086 2244 1209 2307 victoris
1241 2251 1271 2307 et
1301 2243 1448 2327 gaudium

434 2362 517 2440 Ilae,
550 2364 689 2447 magistri
723 2363 912 2448 palaestrae:
949 2365 1090 2427 20-26.
1137 2362 1244 2427 Gloria
1276 2364 1448 2427 certaminis

435 2479 589 2567 Olympii,
607 2482 644 2563 ab
658 2482 790 2546 Hercule
803 2483 938 2546 instituti
950 2508 956 2545 :
971 2485 1112 2547 27-32.
1138 2481 1292 2545 Victoriae
1304 2482 1447 2545 Herculis

435 2599 473 2662 de
496 2598 620 2676 Oteato,
639 2598 774 2683 Euryto,
794 2600 920 2683 Augea,
938 2602 1082 2663 32-50.
1115 2597 1281 2663 Consecrat
1299 2598 1447 2663 Hercules

433 2715 536 2779 lucum
551 2717 639 2781 Altin
655 2726 686 2781 et
701 2726 835 2781 montem
852 2717 1001 2781 Cronium
1018 2717 1171 2802 appellat,
1191 2720 1331 2781 51-62,
1356 2717 1448 2781 Sacra

432 2835 472 2899 ab
496 2857 531 2899 eo
554 2836 634 2900 facta
657 2836 862 2921 primitiarum
886 2845 916 2899 et
940 2838 1190 2921 quinquennales
1214 2837 1280 2900 ludi
1296 2838 1445 2914 instituti,

436 2955 577 3019 62-71.
602 2952 736 3018 Nomina
751 2954 918 3037 laudesque
934 2956 1102 3039 primorum
1120 2958 1287 3019 victorum:
1304 2959 1445 3021 72-89.

433 3070 550 3156 Fulgor
572 3072 663 3135 lunae
686 3072 819 3157 laetique
842 3080 970 3149 cantus,
993 3076 1135 3136 90-93.
1161 3072 1361 3138 Continuatio
1385 3098 1448 3139 mo·

433 3190 475 3254 ris
513 3189 641 3253 cauendi
673 3191 814 3254 victorias
845 3199 876 3255 et
905 3191 1031 3269 Jovem,
1064 3195 1206 3255 94-98.
1262 3193 1447 3275 Dulcissima

433 3308 584 3385 carmina,
609 3330 794 3393 quamquam
818 3332 900 3387 sero,
926 3310 997 3373 data
1020 3311 1144 3387 victori,
1171 3314 1334 3375 99-116.
1362 3311 1446 3376 Laus

433 3426 565 3490 civitatis
589 3434 619 3490 et
641 3426 784 3503 victoris,
812 3431 998 3493 lla—125.

481 3663 509 3723 1.
545 3661 708 3737 ascyron.
740 3662 927 3726 scholiastae
954 3664 1047 3727 veteri
1070 3664 1191 3729 videtur
1213 3688 1277 3728 esse
1293 3666 1445 3730 invocatio

433 3777 593 3841 Musarum
629 3778 675 3842 vel
706 3779 872 3864 appellatio
903 3780 1000 3844 chori.
1036 3780 1152 3845 Verum
1176 3781 1298 3847 Musam
1322 3782 1446 3847 demum

433 3896 555 3958 invocat
578 3894 738 3980 deinceps,
763 3902 848 3974 101,
866 3895 886 3962 ὦ
901 3900 991 3963 Μοῑσ’
1007 3900 1091 3963 aaa&
1107 3900 1158 3965 cu‘:
1176 3901 1251 3965 haec
1267 3903 1350 3985 prior
1364 3924 1444 3979 uon,

432 4019 469 4076 ut
497 4012 575 4076 mihi
606 4012 742 4091 videtur,
771 4014 921 4099 ejusmodi
945 4016 1096 4080 invocatio
1120 4026 1183 4094 est,
1208 4017 1262 4081 sed
1285 4020 1373 4103 quasi
1397 4019 1446 4082 101

433 4131 566 4215 cujusvis
590 4131 638 4194 vel
660 4131 778 4195 nullius
801 4133 966 4217 appellatio
990 4135 1140 4215 universa,
1172 4191 1176 4198 .

478 4251 509 4310 3.
545 4247 726 4329 γέγραπται.
773 4249 934 4333 Exquisite
978 4251 1111 4315 dictum:
1148 4253 1330 4337 inscriptum
1367 4256 1447 4320 euim

434 4366 530 4429 menti
559 4388 632 4430 suae
664 4368 808 4430 victorem
836 4368 949 4432 oblivio
973 4379 1092 4453 tegere,
1118 4392 1179 4432 non
1203 4370 1304 4435 delere
1327 4373 1447 4437 incuria

435 4490 586 4567 potuerat.
634 4484 737 4549 Dictio
761 4494 863 4550 autem
887 4487 978 4550 etiam
1004 4494 1050 4551 est
1073 4487 1302 4553 110101101100.
1326 4494 1391 4555 450
