3767 5534
830 702 894 763 385

359 902 488 987 positam
512 904 714 967 narrationem
739 903 835 968 Poeta
856 904 936 968 redit
959 926 1086 988 eamque
1109 904 1250 970 absolvit.
1275 903 1366 968 Geni·

358 1021 441 1085 tirus
462 1028 518 1086 τῶν
543 1043 603 1085 non
627 1032 672 1085 est
695 1022 836 1106 partitive
860 1022 978 1110 positus
1001 1045 1070 1087 cum
1094 1023 1184 1088 verbo
1203 1029 1365 1105 φυτεῦσαι,
1467 1095 1470 1099 Α

359 1140 412 1203 sed
442 1140 555 1225 pendet
586 1141 623 1204 ab
654 1138 764 1218 ἕτερος,
797 1150 828 1203 et
858 1115 901 1204 in¹
921 1148 1067 1220 φυτεῦσαι
1099 1142 1179 1206 idem
1211 1142 1365 1227 objectum

359 1257 557 1342 intelligitur:
582 1258 665 1341 quod
688 1258 720 1321 in
744 1259 995 1342 interpretatione
1018 1258 1129 1323 Latina
1152 1261 1365 1344 expressimus.

406 1378 457 1439 61.
491 1377 543 1440 καί
564 1400 620 1441 ννν.
656 1375 791 1440 Metram
819 1375 957 1459 postolat
980 1385 1016 1440 ut
1039 1402 1085 1443 ννν
1109 1378 1149 1441 sit
1172 1377 1367 1455 encliticam,

359 1504 391 1557 et
420 1502 522 1558 tamen
552 1493 687 1558 adverbii
715 1494 891 1579 temporalis
914 1496 1167 1579 significationem
1190 1496 1223 1560 in
1246 1518 1281 1559 ea
1304 1519 1370 1580 par·

359 1612 456 1677 ticula
485 1612 608 1678 retineri
638 1613 788 1677 existimo,
835 1612 922 1677 Idem
953 1614 1072 1678 obtinet
1103 1613 1153 1678 Ol.
1179 1613 1243 1678 VH
1272 1617 1313 1677 23
1339 1621 1370 1677 et

356 1731 414 1816 Py.
445 1730 493 1794 XI
525 1734 575 1795 13.
622 1731 663 1810 Et
693 1730 798 1796 Latini
832 1732 946 1816 pariter
977 1731 1155 1797 adverbium
1187 1755 1269 1797 nunc
1299 1741 1369 1817 post

360 1852 451 1938 etiam
475 1860 596 1938 ponunt
618 1854 773 1930 enclitice,
807 1854 973 1920 scribentes
997 1856 1171 1919 etiamnunc
1194 1855 1242 1919 vel
1265 1855 1371 1919 etiam·

360 1994 451 2050 num,
476 1994 538 2036 non
561 1980 662 2036 tamen
685 1973 830 2057 temporis
854 1974 1077 2058 significatione
1100 1974 1266 2038 deminuta.
1313 1973 1370 2035 Ta·

360 2113 430 2155 men
459 2091 511 2155 καί
540 2116 586 2155 ννν
617 2091 718 2175 potius
746 2091 898 2176 signifieat
921 2114 1003 2155 nune
1027 2114 1159 2176 quoque.
1184 2090 1369 2176 Sophocles,

362 2209 411 2293 Aj.
436 2210 475 2274 87

715 2329 790 2405 elya
812 2352 859 2391 ννν
882 2329 988 2400 ἑστώς·

360 2445 464 2529 ibique
487 2446 667 2509 scholiasta:
692 2447 725 2511 τὸ
749 2452 796 2512 νῦν
820 2446 898 2531 (lego
922 2450 981 2531 ννν)
1004 2454 1106 2523 τοῦτο,
1131 2450 1155 2514 εἰ
1174 2448 1224 2513 aa}
1240 2448 1304 2511 atari
1320 2454 1371 2514 τοῦ

360 2566 394 2637 δὴ
416 2564 508 2638 ἐστὶν,
532 2565 602 2629 ἀλλ’
625 2565 689 2645 ἔχει
712 2567 762 2629 nal
783 2591 849 2630 riva
872 2566 1005 2648 ἔμφνσνν
1030 2573 1136 2648 κννροῦ.
1177 2565 1218 2630 Et
1240 2566 1371 2631 Thomas
1440 2649 1446 2665 ,

362 2681 462 2766 Mag„
491 2683 621 2747 eundem
644 2684 744 2747 locum
768 2684 910 2748 afferens:
934 2692 1062 2767 χρῶνταιν
1086 2686 1115 2750 δὲ
1138 2687 1160 2751 oi
1185 2686 1319 2766 τραγικοί
1338 2712 1371 2750 τε

362 2801 412 2865 καὶ
435 2804 551 2879 nemaei
574 2799 623 2867 καὶ
647 2803 816 2883 icipanda,
840 2804 1057 2884 λνμβννομὲνῳ
1082 2806 1135 2882 μὲν
1158 2804 1222 2869 ἀντὶ
1247 2812 1297 2870 τοῦ
1320 2806 1371 2879 aa,

363 2921 459 2999 ἔχοντι
482 2921 512 2985 δὲ
535 2921 667 3004 {rapacia
688 2947 755 2986 τινα
776 2921 888 3003 χρόνον.
922 2922 1039 2987 Cratini
1064 2923 1266 3007 fragmentum
1291 2922 1372 3007 apud

364 3036 623 3123 Hephaestionem
646 3038 680 3103 P.
706 3042 765 3117 26,
790 3039 825 3104 Ο.
849 3039 930 3103 VIII
959 3044 993 3118 I,
1017 3042 1160 3126 idemque
1183 3040 1265 3126 apud
1285 3042 1371 3105 scho-

364 3156 485 3236 liastam
508 3158 739 3242 Aristophanis,
764 3158 848 3222 Plut.
875 3161 937 3222 598

630 3278 719 3354 nayda
742 3283 790 3342 νῦν
812 3274 894 3349 dinae
917 3278 972 3358 ἔχε
995 3278 1083 3356 capula

365 3394 584 3477 ejusdemmodi
608 3404 670 3471 est,
694 3395 798 3479 ibique
821 3403 952 3460 metrum
974 3395 1110 3481 postulat
1132 3396 1221 3473 τνννὶν
1245 3421 1300 3461 ννν.
1334 3396 1375 3459 Et

365 3512 447 3595 apud
472 3512 705 3598 Aristophanem
727 3493 842 3577 similia
864 3514 1003 3599 exempla
1026 3522 1114 3592 sunt,
1139 3514 1222 3578 Plut.
1248 3518 1312 3577 ala

409 3631 462 3707 Μή
485 3656 532 3696 νυν
556 3630 678 3711 διάτριβ’
701 3634 772 3697 ἀλλ’
794 3631 863 3697 ἄνυε
887 3630 1073 3713 reprimenda
1097 3632 1134 3709 νέ
1158 3659 1197 3698 τν.

367 3762 416 3831 Χρ.
441 3751 490 3815 ael
513 3751 546 3825 db
569 3751 689 3832 βαδίζω.
715 3764 766 3816 Ba.
790 3752 896 3816 στεῦδέ
920 3777 976 3817 νυν.
1004 3764 1052 3829 xp.
1078 3755 1157 3817 τοῦτ’
1179 3752 1251 3817 αὐτὸ
1274 3752 1334 3832 δρῶ.

366 3868 486 3949 Quodsi
517 3879 618 3934 tamen
648 3870 775 3950 fumasse
798 3870 969 3934 revocanda
992 3882 1037 3934 est
1060 3872 1211 3956 scriptura
1234 3871 1282 3935 aa}
1308 3876 1374 3947 νῦν,

366 3990 493 4055 audebit
527 3990 638 4075 aliquis
673 3990 811 4069 credere,
847 3990 993 4076 syllabam
1029 3991 1250 4055 eiremnllexam
1287 4012 1383 4075 posse.

366 4103 611 4194 corripi,'atque
634 4111 726 4174 etiam
748 4114 808 4185 τᾶν
832 4108 882 4173 Ol.
907 4109 942 4172 II
967 4110 1028 4173 153
1055 4132 1118 4172 esse
1142 4106 1373 4192 syllabamihre-

367 4252 444 4294 vem.
490 4229 556 4292 Aut
586 4213 711 4292 audebit
741 4227 878 4305 credere,
903 4228 935 4291 in
958 4228 1062 4292 metris
1086 4234 1116 4291 et
1139 4227 1279 4311 prosodia
1301 4225 1371 4288 Pin-

369 4347 435 4411 dari
458 4347 604 4431 quaedam
628 4348 772 4432 ignorari.

415 4470 466 4531 61.
502 4470 530 4537 ἐς
554 4469 668 4544 cedrea
692 4467 798 4547 ἑορτάν.
822 4466 975 4531 Nonnulli
998 4466 1171 4531 Theoxenia
1194 4486 1211 4527 a
1232 4463 1380 4527 Therone
1477 4505 1479 4510 ‹
