3767 5534
1011 734 1075 793 281

582 937 655 998 158.
689 935 794 1000 εὐδίαν.
829 935 955 1019 Proprie
987 934 1138 1019 significat
1170 935 1275 997 mitem
1303 934 1380 998 coeli
1404 934 1549 999 serenita-

534 1061 612 1117 tem:
638 1053 693 1118 Ist.
720 1053 782 1117 VII
807 1056 847 1116 52
872 1053 1018 1135 Γαιάοχος
1046 1054 1141 1118 εὐδίαν
1163 1052 1292 1118 ἔπασσεν
1316 1055 1348 1118 ἔκ
1370 1062 1525 1134 χειμῶνος.

582 1175 654 1238 159.
689 1174 722 1238 τὸ
746 1174 769 1237 δ’
792 1173 848 1240 αεὶ.
883 1174 946 1239 Ἀεὶ
972 1197 1040 1238 curn
1065 1172 1231 1253 παράμερον
1256 1174 1455 1259 conjunctum
1485 1182 1547 1238 est:

533 1293 647 1357 bonum
678 1294 727 1371 id,
761 1295 843 1378 quod
875 1318 994 1380 semper
1025 1316 1146 1378 quoque
1175 1294 1224 1357 die
1255 1294 1417 1358 comitatur
1447 1316 1548 1378 neque

533 1437 666 1499 unquam
699 1415 826 1494 deserit,
859 1438 1034 1500 supremum
1066 1416 1166 1493 venit,
1199 1416 1218 1478 i.
1244 1440 1269 1479 e.
1299 1438 1477 1500 supremum
1503 1423 1549 1479 est

533 1556 628 1618 quum
652 1536 750 1613 venit,
776 1551 873 1620 quum
897 1536 1065 1619 contingit,
1091 1534 1174 1598 omni
1198 1536 1325 1598 homini.
1374 1534 1550 1620 Respicitur

534 1655 572 1717 ad
596 1655 752 1718 victoriam
778 1653 987 1740 Olympicam,
1019 1677 1114 1739 quae,
1139 1662 1175 1717 ut
1199 1655 1290 1718 modo
1314 1655 1409 1719 Poeta
1433 1654 1551 1740 praedi·

534 1774 631 1851 cavit,
663 1797 724 1837 non
749 1774 787 1837 ad
811 1775 914 1861 ipsum
937 1783 1059 1859 tempus
1084 1774 1243 1851 victoriae,
1273 1774 1325 1838 sed
1350 1796 1550 1859 peromnem

533 1894 626 1957 vitam
650 1894 800 1979 reliquam
824 1904 971 1980 perpetua
993 1894 1105 1959 tribuit
1127 1893 1249 1979 gaudia.

582 2015 653 2077 162.
693 2020 892 2095 στεφανῶσαι.
936 2013 1014 2077 Vult
1048 2014 1143 2077 Poeta
1177 2036 1268 2077 suum
1304 2036 1424 2077 carmen
1460 2012 1550 2095 quasi

534 2131 660 2196 alterius
684 2156 812 2197 coronae
834 2134 932 2197 instar
956 2133 1078 2211 haberi,
1103 2155 1182 2217 quae
1197 2133 1311 2218 pariter
1328 2138 1420 2217 atque
1436 2153 1551 2195 corona

533 2248 693 2335 Olympios
716 2253 861 2316 victorem
884 2260 981 2317 ornet.

583 2373 653 2434 163.
688 2372 795 2452 ἱππείῳ
825 2372 909 2452 νόμῳ.
950 2372 1121 2457 significari
1151 2371 1272 2435 videtur
1296 2381 1397 2435 certus
1422 2369 1550 2455 quidam

533 2490 703 2555 cantilenae
726 2490 853 2576 modus,
878 2492 1010 2557 usitatus
1034 2492 1065 2554 in
1090 2490 1292 2555 celebratione
1316 2490 1465 2575 equestris
1490 2488 1551 2552 vic·

533 2608 639 2673 toriae.
687 2608 736 2674 Sic
768 2618 953 2674 memoratur
980 2610 1013 2674 τὸ
1036 2609 1197 2691 καστόρεννν
1221 2610 1309 2685 μέλος
1333 2608 1387 2693 Py.
1412 2607 1447 2671 11
1475 2609 1549 2672 127.

535 2728 627 2813 Apud
652 2728 844 2794 Herodotum
863 2730 960 2794 Arion
978 2736 1120 2793 narratur
1137 2729 1280 2793 cecinisse
1293 2728 1375 2805 νόμον
1387 2727 1436 2791 τὸν
1448 2726 1549 2807 Antron,

533 2848 569 2912 L.
594 2848 611 2912 I
635 2851 687 2913 24.
734 2850 849 2926 Νόμους
874 2851 966 2913 etiarn
989 2856 1160 2913 memorant
1182 2848 1295 2912 Pollux
1318 2847 1354 2912 L.
1379 2846 1426 2910 IV
1447 2846 1482 2910 O.
1502 2846 1550 2910 IX

535 2971 575 3031 65
586 3019 595 3052 ,
622 2970 681 3046 66,
707 2968 741 3032 C.
767 2968 796 3032 X
822 2971 879 3047 78,
900 2972 957 3034 79:
983 2978 1013 3032 ct
1032 2969 1209 3033 Athenaeus
1227 2967 1264 3031 L.
1284 2966 1367 3031 XIII
1385 2966 1419 3030 C.
1439 2964 1551 3029 XXVI

534 3111 563 3173 p.
590 3091 652 3152 570
677 3088 707 3152 b.

582 3210 654 3271 164.
690 3208 819 3283 Αἰοληΐδι
843 3216 958 3291 μολπᾷ.
995 3209 1178 3272 Memoravit
1201 3207 1295 3271 Poeta
1320 3229 1353 3269 vs
1372 3209 1413 3269 26
1436 3207 1551 3287 Δωρίαν

533 3326 703 3408 φόρμιγγα.
750 3326 941 3404 Bocchhius‚
968 3326 1115 3391 demetr.
1140 3326 1230 3390 Pind.
1255 3348 1296 3410 pp
1322 3328 1385 3387 256
1410 3333 1441 3389 et
1465 3327 1548 3404 276,

535 3447 655 3531 copiose
690 3446 846 3531 disputat,
885 3455 917 3511 ut
953 3448 1088 3525 evincat,
1125 3447 1190 3509 fieri
1225 3468 1286 3509 non
1323 3446 1477 3529 potuisse,
1513 3453 1551 3508 ut

534 3565 643 3629 modus
668 3565 795 3630 Aeolius
819 3566 1025 3650 appellaretur
1045 3566 1169 3629 Dorias.
1206 3563 1376 3628 Ostendere
1393 3564 1452 3628 sibi
1468 3564 1549 3628 vide·

534 3693 601 3761 tur,
634 3684 761 3749 Doriam
786 3685 920 3749 citharae
944 3684 1151 3762 harmoniam,
1185 3684 1222 3748 ab
1247 3683 1355 3747 Aeolia
1378 3683 1550 3762 diversam,

530 3806 672 3889 junctam
695 3804 790 3868 fuisse
814 3805 966 3869 cantionis
987 3805 1163 3868 harmoniae
1181 3802 1324 3877 Aeoliae,
1350 3826 1367 3866 a
1392 3802 1489 3866 Doria
1506 3801 1551 3865 di-

534 3947 651 3988 versae:
673 3931 709 3987 ut
728 3923 799 3987 inde
816 3924 912 3987 mixta
928 3923 1079 4009 quaedam
1097 3922 1279 4008 symphonia
1295 3922 1454 3986 exstiterit.
1481 3921 1550 3985 Dis·

534 4049 623 4127 putat
646 4065 694 4121 ea,
720 4043 816 4107 fretus
841 4043 898 4106 hoo
922 4043 1049 4108 Pindari
1072 4043 1155 4106 loco:
1180 4050 1248 4105 tnm
1272 4063 1361 4105 versu
1384 4062 1433 4117 eo,
1457 4062 1549 4124 quem

534 4161 706 4226 Scholiasta
728 4163 815 4228 affert
839 4163 877 4227 ad
901 4164 955 4249 Py.
979 4163 1014 4228 II
1041 4166 1102 4229 127

704 4284 823 4355 Αἰολεὺς
847 4284 946 4361 ἔβαινε
971 4284 1082 4362 Δωρίαν
1106 4283 1234 4347 κέλευθον
1259 4279 1362 4360 ὕμνων.

534 4402 560 4466 Ε
585 4424 647 4488 qno
671 4401 796 4487 quidem
819 4426 924 4480 versu,
958 4403 1001 4466 sic
1024 4402 1107 4467 nude
1131 4403 1249 4486 posito,
1275 4423 1336 4464 non
1360 4399 1448 4463 video
1472 4398 1550 4483 quid

535 4522 632 4607 possit
663 4520 749 4587 effici.
796 4521 933 4586 Tandem
965 4522 1032 4586 loco
1065 4521 1215 4585 Athenaei
1241 4518 1278 4584 L.
1304 4517 1382 4583 XIV
1406 4516 1440 4583 O.
1465 4516 1551 4583 VIII
