3767 5534
899 716 962 777 166

604 918 776 997 Μαιομένων
799 919 941 997 μεγάλαν

603 1038 725 1122 Ἀρετάν
749 1042 826 1120 θυρεῷ
850 1039 957 1117 λαβεῖν

603 1162 669 1223 Τῶν
692 1160 721 1224 δὲ
743 1160 862 1241 μάχάων
885 1160 1037 1237 άμτνοάν,

781 1282 827 1344 Ἀ.
860 1279 899 1343 α’.
947 1289 982 1345 Κ.
1006 1279 1039 1344 ά.

601 1397 724 1462 ’Ἃνετονι
748 1397 778 1461 u
800 1398 869 1477 πρὸς
891 1398 979 1479 χάριν
1002 1400 1048 1462 εὐ-

649 1516 770 1596 σεβείας
792 1518 897 1598 ἀνδρῶν
919 1525 1035 1589 λιταῖς·

606 1634 704 1712 Ἀλλ’,
728 1631 749 1699 ὦ
772 1637 867 1709 Πίσας
891 1637 1030 1717 εὔδενδρον
1053 1634 1099 1700 ἐπ’
1123 1637 1244 1717 Ἀλφεῷ
1267 1631 1377 1711 άλσος,

608 1754 698 1820 Τίνδε
720 1761 814 1833 κῶμον
836 1756 886 1820 καί
909 1756 1151 1839 στεφαναφορίαν

608 1871 710 1951 Δέξαι.
735 1875 818 1952 μέγα
842 1899 884 1941 τοι
907 1874 990 1948 κλέος
1014 1874 1087 1958 cisi,

465 2136 510 2193 10,
529 2136 568 2184 11.
594 2136 633 2184 Ita
645 2138 673 2183 ut
684 2134 748 2184 edidi
759 2136 877 2200 scriptura
889 2135 960 2185 estin
972 2135 1027 2184 Alo.
1040 2135 1109 2184 Gott.
1124 2134 1198 2184 Vatia.
1211 2133 1287 2184 Mosc.
1299 2134 1332 2196 A,
1348 2135 1402 2184 Pal.
1416 2134 1446 2185 O.

430 2232 512 2295 Longe
529 2231 598 2281 aliter
615 2234 751 2300 πίηριίονται
768 2236 825 2301 πρὸς
842 2237 910 2300 χάριν
927 2234 1038 2299 εὐσεβέων
1055 2230 1074 2280 δ’
1084 2233 1168 2300 ἀνδρῶν
1183 2233 1244 2282 λιταί
1255 2229 1445 2295 in'Bodlajanis,

432 2326 486 2376 Pal.
510 2327 546 2383 Δ,
572 2327 605 2385 Β,
628 2326 694 2377 Leid.
718 2329 751 2387 A,
774 2326 804 2377 Β.
838 2328 868 2375 In
892 2327 961 2377 Urat.
984 2328 1005 2376 Α
1028 2332 1117 2378 άννετσιι
1135 2328 1158 2376 δὲ
1178 2331 1234 2397 πρὸς
1251 2331 1321 2396 χάριν
1337 2329 1451 2393 εὐσεβέων

433 2425 522 2493 ἀνδρῶν
543 2426 629 2481 tuna:
652 2428 723 2489 atqua
745 2424 779 2473 ita
802 2424 929 2473 ediderunt
946 2423 1082 2473 Schmidius
1100 2427 1124 2473 ut
1140 2422 1258 2487 Hcynius.
1293 2424 1321 2473 ln
1339 2423 1409 2474 Urat.
1426 2422 1449 2471 B

438 2527 474 2570 eat
492 2524 626 2590 κίηρεσνται
644 2522 667 2571 δὲ
685 2536 756 2585 supra
774 2521 863 2586 scripto
880 2542 917 2590 γρ.
937 2527 1017 2572 σίνεται
1035 2522 1070 2571 δἐι
1088 2524 1113 2571 et
1130 2523 1250 2588 εὐσεβέων,
1269 2522 1450 2585 suprascripto

434 2638 474 2686 γρ.
500 2621 625 2683 εὐσεβείας.
660 2626 740 2674 Λιταῖς
757 2617 813 2666 olim
831 2616 949 2681 scriptum
966 2617 1039 2666 fuisse
1056 2620 1154 2683 apparet
1172 2633 1185 2666 c
1203 2619 1282 2665 vetars
1299 2615 1403 2676 scholio,
1422 2617 1449 2666 iu

437 2732 484 2779 quo
506 2720 555 2764 ost:
577 2721 659 2783 γράφει
683 2717 707 2763 δὲ
724 2715 914 2773 δ’Δσκληπιάδης
937 2719 990 2765 άνιν
1013 2720 1053 2766 τοῦ
1070 2738 1083 2765 σ
1100 2718 1177 2778 λιταί,
1196 2719 1233 2765 καί
1251 2716 1309 2765 οὕτω
1327 2717 1451 2772 καθίστησι

422 2811 472 2862 ’τὸν
494 2815 569 2875 λόγων
596 2815 652 2878 πρὸς
674 2812 698 2860 δὲ
715 2815 742 2861 τί
759 2817 921 2879 κεχαρισμένον
937 2822 966 2881 τῇ
984 2814 1091 2877 εὐσεβείᾳ
1108 2823 1150 2861 τῶν
1166 2812 1252 2879 ἀνδρῶν
1265 2812 1367 2861 ammae
1387 2814 1451 2861 λιταὶ

435 2928 455 2956 κ.
475 2928 497 2957 τ.
517 2911 536 2956 ί.
573 2907 605 2956 Et
629 2906 696 2973 audit
719 2906 858 2956 scholiasta:
883 2908 956 2964 δεήσει
980 2907 1003 2956 δὲ
1027 2912 1065 2957 καί
1088 2910 1153 2957 αὐτὸν
1176 2910 1301 2974 λαμβάνειν
1324 2911 1352 2957 τὸ
1368 2912 1453 2958 ἄνεται
1520 2941 1523 2946 ·

436 3010 486 3052 ἀντι
510 2976 654 3060 πίηάνντικάῦ
677 3010 717 3055 τοῦ
739 3007 855 3069 ἀνύννται,
881 3008 915 3055 ίνα
933 3006 1127 3077 ᾗ“τε1ειοῦνται
1154 3004 1177 3053 δὲ
1200 3008 1224 3054 αἱ
1247 3007 1308 3054 λιταί
1330 3007 1387 3071 πρὸς
1411 3009 1453 3062 τὴν

439 3106 507 3166 χάριν
532 3107 573 3157 τῆς
598 3102 722 3166 εὐσεβείας.
758 3100 794 3149 Ex
818 3115 865 3164 quo
888 3099 979 3149 acholio
1003 3100 1061 3149 satia
1083 3104 1148 3149 certe
1171 3102 1283 3164 apparet,
1306 3099 1452 3163 scripturam

442 3194 500 3243 olim
518 3196 591 3244 talam
609 3195 695 3254 fuisse,
714 3195 807 3260 qualem
826 3196 926 3245 edimus.
961 3196 1052 3245 Contra
1068 3211 1125 3245 vero
1143 3195 1287 3260 scripturam
1303 3210 1369 3255 cam,
1391 3210 1454 3261 quaa

437 3292 515 3340 estin
533 3290 585 3340 Pal.
603 3292 623 3339 Δ
640 3294 665 3339 et
681 3292 714 3350 B,
738 3291 818 3341 deberi
843 3292 1020 3341 recentioribus
1041 3292 1218 3352 grammaticis,
1242 3292 1398 3343 manifestum
1416 3298 1453 3343 est

437 3404 449 3436 e
467 3388 557 3438 scholio
575 3388 699 3438 Triclinii:
716 3392 741 3439 οὐ
758 3395 804 3457 χρὴ
822 3395 901 3440 άνσται
917 3396 1010 3459 γράρειν
1027 3389 1075 3439 οὐδὲ
1093 3392 1223 3455 εὐσεβείας,
1243 3391 1302 3440 ἀλλὰ
1314 3393 1453 3458 πίηρίσνται

437 3489 475 3535 καί
492 3488 603 3550 εὐσεβέων
619 3489 656 3536 καί
673 3488 748 3536 λιταί·
772 3487 829 3536 οὕτω
847 3492 894 3553 γάρ
911 3491 960 3552 ἔχει
976 3494 1034 3554 πρός
1051 3505 1076 3536 τε
1093 3493 1134 3544 τὴν
1151 3488 1254 3545 σύνταξιν
1270 3491 1308 3537 καί
1324 3492 1352 3536 τὸ
1367 3494 1453 3554 μίτραν

438 3586 521 3647 ὀρθῶς.
541 3586 565 3631 οὐ
581 3588 647 3645 μίνσε
664 3583 687 3631 δὲ
704 3587 780 3633 ταῦτα
797 3585 856 3631 ἀλλὰ
873 3587 910 3633 καί
927 3585 999 3633 πολλὰ
1017 3586 1087 3650 ἔτερα
1103 3586 1266 3647 ἐκαινστομήὐο
1282 3594 1316 3647 τῷ
1328 3588 1453 3649 σοφωτάτῳ

439 3680 595 3744 Μοσχοιτούίῳ
611 3683 694 3742 κάμοί,
713 3682 742 3735 ὡς
759 3681 872 3741 ἐξετάζων
888 3682 1004 3747 εὑρήσεις,
1021 3682 1132 3735 ἀνοικείως
1147 3683 1231 3744 ἔχοντα
1248 3682 1304 3747 πρὸς
1320 3682 1347 3728 τὸ
1357 3684 1451 3749 μίτραν.

439 3773 513 3823 Verbi
537 3778 616 3824 άνεσαι
639 3772 773 3822 Bocckhius
796 3777 862 3822 recta
885 3774 1027 3822 memoravit
1048 3774 1150 3838 primam
1167 3773 1267 3838 produci
1285 3771 1348 3838 apud
1365 3774 1455 3822 Homa-

440 3885 507 3928 rum,
526 3870 572 3920 od.
589 3869 615 3917 II
632 3869 663 3917 58

505 4030 507 4033 ι
575 3966 703 4031 μαψιδίως,
721 3972 752 4015 τά
769 3966 794 4015 δὲ
812 3969 883 4015 πολλὰ
900 3972 1035 4027 κατάνεται,
1055 3971 1079 4018 οὐ
1094 3973 1141 4035 γὰρ
1158 3965 1195 4017 ἔπ’
1212 3973 1279 4036 ἀνήρ.

473 4068 552 4129 Atque
575 4063 680 4112 mutavit
703 4061 840 4111 Bccckhius
863 4065 980 4129 εὐσεβείας
1003 4063 1028 4111 iu
1053 4066 1166 4130 εὐσεβίας.
1199 4062 1270 4127 Quod
1288 4078 1335 4112 uon
1353 4065 1450 4112 secutus

439 4177 500 4210 sum.
533 4159 604 4209 Cous.
622 4157 691 4207 01.1
709 4157 765 4206 los.

472 4255 512 4304 13.
547 4255 734 4323 στεφαναφορίαν.
769 4252 798 4301 Ιιι
825 4253 930 4302 editione
956 4253 1085 4302 Brubachii
1111 4258 1147 4302 est
1172 4257 1361 4323 στσρανορορίανε
1387 4254 1452 4317 quod

440 4351 519 4401 nescio
537 4367 567 4398 au
584 4350 610 4398 in
627 4349 750 4398 codicibus
767 4348 807 4398 sit.
840 4350 869 4398 111
887 4350 940 4398 Pal.
958 4349 977 4398 G
996 4353 1181 4420 στερανορορίαν.

477 4443 515 4497 14.
543 4453 605 4510 μίγα
629 4465 671 4496 ται.
707 4445 745 4493 Ita
765 4445 886 4509 Hcynius,
905 4449 929 4495 ct
946 4446 1024 4495 estin
1041 4446 1158 4496 Palatinis
1174 4445 1281 4510 aliisque.
1315 4443 1453 4494 Schmidiuo

445 4551 507 4610 μίγα
524 4564 559 4594 aa:
578 4543 640 4606 quod
658 4545 721 4590 certe
738 4542 775 4591 cst
790 4541 815 4590 in
834 4541 901 4592 Urat.
919 4543 948 4591 A.
