3767 5534
994 702 1058 763 306

513 907 592 969 iuter
623 928 654 968 se
685 911 831 989 cognatae
863 926 929 967 esse
958 903 1048 967 etad
1074 903 1199 967 eandem
1223 904 1344 969 dicendi
1367 907 1527 970 materiem

516 1024 665 1108 pertinere
690 1023 857 1088 videantur.
896 1022 1024 1085 Diversa
1039 1021 1189 1086 Pindarus
1213 1023 1272 1087 alio
1295 1024 1387 1087 modo
1411 1026 1526 1109 signifi·

515 1145 593 1206 cavit
618 1143 707 1207 Nem.
733 1142 796 1206 VII
821 1146 860 1205 81
886 1146 900 1206 ν’
922 1146 975 1217 μὲν
998 1145 1055 1225 τοὶ,
1081 1149 1122 1208 τοί
1145 1143 1168 1207 δ’
1194 1144 1294 1216 ἄλλοι,
1327 1143 1405 1207 alius
1429 1143 1524 1208 aliud.

515 1264 608 1347 Apud
643 1263 851 1347 Theognidem
886 1285 973 1339 vero,
1010 1266 1093 1340 390,
1129 1270 1242 1345 τολμᾷν
1271 1262 1311 1327 τοὶ
1339 1288 1372 1328 τε
1403 1264 1453 1328 καὶ
1485 1264 1525 1328 τοὶ

514 1382 622 1462 Φέρειν,
648 1382 758 1445 diserte
782 1382 1015 1465 distinguuntur
1038 1382 1116 1445 bona
1137 1388 1166 1445 et
1186 1382 1278 1458 mala,
1301 1404 1379 1465 quae
1399 1382 1524 1468 quidem

515 1524 602 1564 versu
624 1500 820 1586 praecedente
840 1523 979 1585 expressa
999 1509 1070 1563 sunt
1092 1509 1122 1564 et
1143 1523 1178 1564 eo
1198 1500 1380 1565 referuntur.
1405 1500 1522 1566 Verum

514 1624 544 1685 iu
581 1622 653 1706 ipsis
687 1645 749 1685 non
783 1622 951 1685 necessario
987 1620 1213 1684 distinctionem
1251 1622 1348 1685 inesse
1383 1622 1525 1699 ostendi,

513 1751 542 1803 et
574 1742 631 1804 lroc
663 1742 784 1825 quidem
816 1740 939 1805 Pindari
972 1741 1038 1804 loco
1071 1740 1169 1805 multa
1196 1740 1276 1803 bona
1299 1741 1522 1825 significantur.

513 1860 614 1937 Καιρὸν
647 1861 726 1941 φέρει
761 1882 823 1922 non
859 1859 972 1923 dicitur
1007 1860 1037 1921 h.
1063 1858 1083 1921 l.
1121 1858 1157 1920 de
1192 1858 1316 1922 ferendo
1351 1842 1413 1922 sive
1444 1859 1522 1923 bene

515 1978 674 2041 subeundo
706 1986 858 2063 tempore,
892 1999 997 2041 verum
1029 1976 1065 2039 de
1094 1976 1243 2039 afferenda
1268 1977 1329 2040 sive
1352 1976 1525 2062 praebenda

515 2098 742 2182 opportunitate
774 2106 803 2161 et
835 2097 931 2181 copia.
980 2094 1127 2159 Similiter
1158 2093 1247 2159 Nem.
1272 2094 1336 2158 VII
1362 2098 1404 2158 84
1428 2104 1526 2176 Μοῖρα

515 2219 608 2297 καιρὸν
632 2216 719 2293 ὄλβου
742 2215 843 2279 δίδωτι.

560 2339 611 2398 90.
647 2336 770 2411 βαθεῖαν
794 2300 911 2414 ὑπέρρεον
934 2358 961 2399 κ.
986 2360 1014 2399 τ.
1038 2351 1067 2398 λ.
1105 2331 1220 2417 Cyrene
1251 2332 1422 2417 appellatur
1451 2356 1525 2411 ταρ-

513 2455 585 2525 οένος
616 2455 776 2533 οὲνροτέρα,
810 2453 863 2537 Py.
896 2452 943 2515 IX
979 2455 1017 2516 10
1048 2452 1131 2535 virgo
1154 2452 1307 2529 venatrix,
1333 2458 1363 2515 et
1382 2451 1524 2531 ’Ἄρτεμις

414 2629 416 2633 1
514 2571 655 2653 οἱνροτέρα
688 2572 768 2658 apud
801 2571 989 2648 Homerum,
1021 2569 1058 2633 Il.
1092 2569 1170 2632 XXI
1194 2572 1275 2645 471,
1308 2571 1334 2634 si
1365 2571 1390 2634 is
1422 2593 1529 2634 versus

515 2691 691 2756 retinendus
723 2700 785 2754 est:
817 2698 847 2782 et
876 2691 907 2753 in
939 2690 1109 2752 venationis
1138 2689 1292 2752 vocabulis
1317 2689 1396 2773 apud
1422 2688 1530 2752 Pollu·

515 2833 579 2874 cem
607 2809 642 2873 L.
668 2809 696 2870 V
720 2809 754 2872 O.
779 2809 795 2872 I
824 2813 860 2871 13
881 2808 1024 2889 ’Ἄρτεμις
1047 2808 1199 2887 οὶνροτὲρα.
1247 2808 1284 2871 lu
1308 2806 1431 2871 scholiis
1446 2816 1526 2871 vete-

515 2929 599 2993 ribus
623 2930 681 2993 hoc
705 2928 827 2992 Pindari
851 2928 919 2992 loco
945 2926 1073 2991 venandi
1098 2927 1276 3011 significatio
1299 2927 1343 2990 ita
1358 2928 1522 3004 retinetur,

516 3057 550 3112 ut
585 3071 685 3111 rerum
721 3047 922 3110 laudabilium
954 3046 1001 3109 vel
1035 3046 1157 3109 utilium
1189 3045 1325 3110 studium
1349 3053 1380 3109 et
1402 3046 1526 3110 venetio

518 3168 577 3231 dici
609 3175 742 3253 putetur.
787 3166 875 3231 Nem.
907 3165 960 3229 III
993 3166 1049 3242 80,
1073 3164 1233 3230 λεόντεσσιν
1258 3151 1528 3246 οένροτὲροις,’1οτί-

518 3288 589 3349 tatis
621 3295 650 3349 et
680 3285 808 3349 ferociae
840 3284 1019 3368 significatio
1052 3292 1106 3347 est.
1151 3282 1346 3368 Quapropter
1368 3283 1399 3346 h.
1424 3282 1443 3345 l.
1469 3282 1528 3346 for·

518 3403 681 3468 titudinem
704 3413 734 3467 et
757 3426 823 3467 acre
847 3402 999 3478 studium,
1029 3422 1090 3463 non
1113 3401 1158 3463 ira
1181 3400 1339 3477 bellicosa,
1364 3400 1416 3463 sed
1439 3400 1529 3464 fortis

519 3524 612 3588 animi
635 3524 751 3607 impetu
775 3534 805 3585 et
829 3522 995 3607 praeclaras
1020 3543 1067 3584 res
1087 3519 1263 3604 perficiendi
1283 3518 1389 3583 ardore
1409 3520 1529 3604 conspi-

519 3665 611 3706 cuum
634 3642 798 3726 significari
821 3642 970 3705 existimo.
1009 3639 1147 3721 Ὓτέχειν
1172 3648 1218 3703 est
1241 3638 1393 3723 praebere.
1433 3638 1529 3723 Hesy-

519 3761 620 3824 chius:
645 3759 757 3841 ὕπεχε,
781 3762 903 3841 τοὶρεχε.
928 3759 1049 3840 ὑπέχει,
1075 3756 1194 3823 δίδωσιν.
1220 3756 1332 3839 ὑφέξω,
1357 3755 1443 3822 δώσω.

568 3882 639 3942 100.
670 3882 694 3944 εἱ
717 3880 746 3945 δέ
769 3905 818 3956 μιν
840 3882 917 3959 ἔχων
935 3904 989 3951 τις.
1020 3877 1113 3942 Recte
1129 3876 1312 3940 Karstenius
1329 3875 1415 3939 affert
1432 3874 1526 3940 Hom.

519 3997 557 4061 Il.
582 3998 691 4062 XXIV
713 4000 754 4061 41

786 4117 858 4181 λέων
881 4117 906 4181 δ’
931 4113 985 4193 ὣς,
1009 4113 1101 4193 ἄγρια
1118 4111 1215 4197 οἶδεν,

631 4235 692 4301 ὅστ’
715 4238 777 4301 ἐπεὶ
801 4236 837 4316 ἂρ
859 4235 980 4316 μεγάλῃ
1001 4260 1035 4299 τε
1058 4234 1108 4315 βίιρ
1130 4234 1179 4298 καὶ
1203 4234 1320 4314 οὶνήνορι
1343 4235 1422 4312 θυμῷ

632 4353 730 4430 εἴξας,
754 4350 807 4419 εἶτ’
830 4354 877 4418 ε’τὶ
904 4363 989 4431 μῆλα
1011 4353 1129 4431 βροτῶν.

523 4472 621 4559 Magis
634 4475 722 4538 etiam
733 4473 920 4537 constructio
930 4474 1070 4536 convenit
1079 4471 1160 4556 apud
1169 4468 1527 4554 Aeschylum,Choe.603
