3767 5534
922 741 964 801 62

435 943 578 1019 quaerat,
603 936 656 1001 sed
678 937 789 1021 pudori
812 961 914 1023 parem
934 941 1082 1004 virtutem
1104 950 1135 1005 et
1154 943 1304 1006 actionem
1323 943 1451 1027 coujun-

433 1076 508 1137 gens
531 1055 699 1120 mercedem
721 1078 900 1141 magnorum
926 1056 1067 1123 laborum
1091 1059 1215 1124 laudem
1238 1060 1354 1145 cupiat.

480 1172 521 1235 Et
543 1174 664 1259 saepius
685 1174 846 1239 amabilem
866 1175 1020 1259 quandam
1042 1178 1074 1241 in
1095 1178 1298 1262 praedicando
1319 1179 1366 1243 rel
1385 1178 1452 1243 bre-

434 1291 557 1355 vitatem
588 1291 637 1355 vel
666 1292 907 1358 mediocritatem
938 1295 1096 1378 sequitur:
1112 1297 1136 1379 ¹)
1164 1295 1236 1374 sed,
1261 1315 1451 1380 quamquam

435 1412 559 1475 omnino
581 1433 645 1476 non
666 1411 815 1476 laudandi
837 1420 978 1491 tantum,
1003 1436 1109 1478 verum
1135 1416 1227 1479 etiam
1246 1413 1375 1500 optandi
1394 1421 1455 1477 tea

434 1529 552 1592 minum
583 1530 717 1614 aliquem
750 1553 815 1595 esse
843 1532 950 1616 jubet,
985 1542 1089 1596 tamen
1117 1532 1270 1618 ejusmodi
1292 1553 1363 1595 eum
1386 1552 1453 1594 esse

434 1647 518 1726 vult,
554 1657 591 1712 ut
624 1671 742 1734 semper
775 1650 871 1715 simus
906 1650 1057 1715 humanae
1094 1652 1184 1715 sortis
1214 1672 1364 1715 memores
1395 1671 1453 1713 nec

433 1786 580 1829 conemur
602 1767 667 1830 fieri
691 1767 760 1845 Dii,
783 1791 860 1832 neve
883 1769 1046 1854 cupiamus
1070 1770 1182 1834 nimia:
1207 1768 1260 1833 sed
1283 1767 1339 1831 illa
1356 1767 1454 1831 nimia

433 1906 496 1948 non
517 1892 646 1969 possunt
666 1908 731 1950 esse
750 1887 783 1951 in
799 1888 986 1952 facinoribus
1002 1887 1210 1954 laudabilibus
1226 1886 1454 1972 praeclarisque

435 2003 624 2082 actionibuS‚
655 2004 710 2068 sed
742 2005 884 2069 oriuntur
916 2013 1002 2084 tum,
1034 2007 1060 2070 si
1088 2007 1157 2090 quis
1189 2028 1220 2070 se
1248 2027 1304 2069 sua
1328 2005 1454 2068 fortuna

433 2120 554 2200 efferat,
579 2124 667 2207 quasi
687 2124 889 2202 immutabili,
910 2125 941 2188 id
962 2133 1008 2190 est
1028 2147 1090 2188 non
1110 2125 1245 2190 humana
1263 2124 1316 2187 sed
1336 2122 1452 2187 divina.

433 2238 506 2303 Huc
537 2241 691 2326 pertinent
721 2264 755 2306 ea
762 2290 772 2320 ,
804 2264 884 2326 quae
910 2251 1076 2307 occurrunt
1100 2244 1237 2329 saepius:
1262 2264 1324 2320 „ne
1347 2249 1454 2326 specta

432 2358 629 2444 longius:”²)
651 2382 713 2438 „ne
732 2362 837 2446 cupias
857 2362 922 2425 fieri
942 2362 1027 2426 Deus
1039 2361 1067 2424 :’'
1079 2361 1104 2446 ⁸)
1125 2383 1210 2439 „non
1230 2368 1316 2424 extra
1336 2360 1453 2423 colum-

432 2500 487 2541 nas
510 2477 654 2542 Herculis
677 2501 766 2563 posse
790 2479 907 2563 pergi.”
920 2482 945 2563 4)
989 2479 1045 2558 „Si
1068 2480 1137 2564 quis
1161 2479 1321 2543 hominum
1344 2485 1451 2543 sumtu

434 2604 465 2660 et
492 2596 596 2660 labore
618 2596 788 2660 delectatus
812 2606 995 2661 consecutus
1019 2605 1065 2661 est
1089 2597 1237 2661 divinitus
1272 2596 1359 2659 datas
1383 2595 1452 2659 lau·

433 2714 503 2791 des,
535 2714 625 2798 eique
655 2714 740 2779 Deus
772 2725 853 2780 creat
884 2715 1008 2780 laudem
1033 2716 1211 2780 amabilem:
1237 2714 1274 2778 ad
1299 2720 1451 2778 extremas

428 2834 491 2918 jam
523 2832 678 2897 felicitatis
709 2856 776 2898 oras
809 2856 950 2899 ancoram
978 2834 1053 2919 jecit
1079 2834 1138 2898 Dei
1160 2834 1257 2898 instar
1281 2832 1448 2897 colendus:

431 2951 610 3037 hujusmodi
634 2952 736 3016 studia
759 2960 869 3017 nactus
893 2952 1029 3017 Cleonici
1052 2952 1135 3016 filius
1158 2958 1246 3038 optat
1269 2950 1391 3016 Hadem
1420 2959 1453 3015 et

432 3092 539 3134 canam
570 3078 758 3135 senectutem
787 3071 952 3156 recipere.'’
966 3074 992 3157 5)
1020 3072 1114 3151 „Duo
1138 3071 1203 3134 sola
1225 3070 1307 3134 vitae
1330 3069 1451 3133 faciunt

432 3189 538 3253 florem
562 3189 779 3274 pulcerrimum
802 3212 873 3254 cum
898 3189 1013 3274 vigenti
1036 3188 1197 3266 felicitate,
1222 3186 1337 3271 siquis
1357 3185 1451 3251 rebus

433 3309 466 3372 in
489 3308 641 3393 prosperis
664 3307 773 3371 bonam
798 3307 910 3371 famam
933 3307 1036 3372 audit:
1057 3330 1096 3371 ne
1117 3313 1203 3392 optes
1224 3305 1289 3368 fieri
1309 3304 1449 3388 Jupiter:

434 3426 538 3490 omnia
560 3426 671 3503 habes,
696 3426 723 3489 si
746 3426 856 3489 borum
881 3426 919 3489 ad
942 3433 974 3489 te
993 3448 1058 3489 sors
1077 3425 1229 3490 bonorum
1250 3423 1349 3488 venit:
1370 3444 1451 3487 mor-

434 3544 510 3609 talia
532 3544 712 3608 mortalibus
736 3545 953 3608 conveniunt.”
965 3546 991 3629 ⁶)
1026 3543 1081 3622 „si
1100 3544 1169 3627 quis
1190 3543 1312 3606 divitias
1332 3507 1450 3606 habens

433 3665 561 3728 formam
592 3662 722 3725 aliorum
752 3663 921 3746 praecurrit
946 3662 1031 3725 etin
1055 3660 1271 3725 certaminibus
1297 3657 1450 3723 excellens

432 3783 528 3847 robur
551 3780 702 3857 ostendit,
726 3780 908 3844 mortalibus
932 3802 965 3844 ae
987 3780 1162 3845 meminerit
1178 3778 1324 3843 membris
1346 3775 1450 3841 vestiri

433 3901 520 3965 etin
543 3900 603 3963 line
626 3898 762 3963 omnium
787 3905 868 3963 terra
891 3899 1037 3963 vestitum
1059 3897 1166 3981 iri.’'⁷)

479 4017 567 4098 Quae
591 4017 715 4101 quidem
737 4015 863 4080 Pindari
887 4017 1038 4101 sapientia
1060 4016 1138 4080 siin
1158 4037 1227 4079 vera
1247 4013 1338 4078 laude
1358 4035 1451 4098 quae·

434 4137 530 4200 reuda
552 4143 584 4200 et
606 4136 638 4200 in
661 4135 813 4199 humanae
837 4135 926 4198 sortis
951 4134 1129 4199 conditione
1146 4132 1359 4218 cognoscenda
1378 4154 1450 4197 con-

469 4426 493 4489 1)
511 4423 581 4476 aar.
597 4440 619 4475 a.
635 4441 671 4491 gr.
688 4426 730 4491 ry.
752 4425 826 4475 arar.
843 4424 886 4474 ao.
985 4422 1010 4483 a)
1031 4422 1067 4472 ct.
1085 4422 1108 4470 r.
1123 4420 1180 4470 raa.
1270 4419 1302 4480 ai
1314 4418 1352 4468 01.
1367 4418 1394 4467 a.
1406 4415 1449 4467 aa.

469 4524 494 4584 a)
512 4522 550 4572 οι.
568 4520 623 4570 111.
641 4520 681 4570 ao.
717 4522 742 4584 a)
758 4520 819 4569 raa.
841 4520 883 4569 rr.
903 4517 941 4568 14.
981 4516 1006 4578 a)
1023 4514 1085 4566 raa.
1105 4517 1130 4566 a.
1150 4515 1188 4565 14.
1222 4511 1248 4576 r)
1266 4514 1330 4563 nem.
1347 4512 1395 4563 rr.
1407 4511 1448 4562 la.
