3767 5534
861 718 923 781 287

383 942 454 985 rum
483 920 516 985 id
543 919 631 985 illum
654 919 752 985 iacere
775 940 838 984 uon
861 919 950 984 sivit:
976 918 1225 1004 quandoquidem
1251 920 1332 983 intra
1354 942 1401 983 ea·

382 1063 460 1105 num
483 1061 566 1105 mare
590 1038 669 1104 dixit
691 1048 788 1104 semet
810 1039 911 1124 ipsum
936 1038 1050 1104 vidisse
1073 1039 1202 1104 efundo
1217 1047 1400 1103 crescentem

381 1158 514 1224 fertilem
537 1166 650 1224 terram
673 1158 850 1223 hominibus
871 1168 902 1223 et
921 1158 1085 1243 benignam
1106 1159 1277 1245 pecoribus.
1300 1161 1321 1225 J
1324 1160 1401 1224 ussit

380 1277 532 1342 continuo
563 1278 700 1343 vinctam
730 1277 830 1341 crines
861 1299 936 1341 auro
967 1276 1119 1342 Lachesin
1143 1278 1252 1343 tollere
1274 1301 1399 1357 manus,

380 1396 582 1484 Deorumque
604 1420 750 1484 magnum
773 1419 835 1462 non
865 1395 970 1461 fallere
992 1397 1228 1483 jusjurandum,
1254 1397 1306 1462 sed
1330 1421 1400 1463 cum
1438 1401 1500 1463 120

380 1514 509 1581 Saturni
542 1516 607 1581 filio
643 1539 794 1595 annuere,
831 1516 915 1581 illam
946 1516 978 1581 iu
1010 1517 1127 1582 clarum
1162 1524 1231 1581 atra
1259 1518 1400 1582 emissam

381 1658 441 1701 suo
464 1649 573 1722 postea
595 1637 690 1723 capiti
713 1637 777 1702 fore
800 1636 1011 1721 honoremque
1030 1659 1217 1722 munusque.
1248 1637 1401 1702 Eventum

381 1754 518 1821 habuere
541 1777 713 1821 sermonum
738 1755 875 1820 culmina
897 1755 930 1819 in
951 1756 1110 1819 veritatem
1129 1755 1278 1820 cadentia.
1310 1756 1400 1821 Efflo·

378 1876 445 1940 ruit
468 1898 505 1940 ex
528 1876 606 1941 mari
629 1875 757 1940 humido
779 1875 899 1940 insula:
929 1874 1084 1960 habetque
1109 1874 1193 1939 illam
1217 1876 1332 1941 acrium
1357 1899 1401 1940 ra·

379 1993 504 2059 diorum
524 2003 611 2080 pater
629 2002 817 2080 procreator,
838 1996 941 2080 ignem
960 1995 1142 2080 spirantium
1161 1994 1223 2059 dux
1243 2017 1399 2079 equorum.
1438 1999 1500 2061 130

379 2111 431 2178 Ibi
454 2134 524 2179 oum
550 2114 660 2180 Rhodo
683 2114 849 2200 aliquando
872 2115 947 2179 coiit
971 2124 1002 2179 et
1025 2124 1143 2200 septem
1165 2115 1282 2200 peperit
1303 2115 1399 2193 filios,

380 2234 437 2319 qui
470 2234 641 2319 priscorum
673 2236 807 2299 virorum
840 2238 940 2299 aetate
970 2234 1210 2320 sapientissimas
1235 2236 1401 2299 sententias

381 2362 584 2439 acceperuntr
617 2376 747 2439 quorum
778 2377 860 2419 unus
892 2353 1048 2419 Camirum
1081 2362 1112 2419 et
1135 2362 1212 2418 natu
1234 2355 1401 2419 maximum

379 2470 521 2557 Jalysum
540 2474 658 2559 peperit
679 2482 709 2539 at
724 2472 872 2538 Lindum.
908 2472 1052 2537 Seorsum
1073 2473 1224 2551 habuere,
1245 2474 1400 2560 tripartito

380 2601 463 2655 terra
492 2591 607 2671 divisa,
639 2601 797 2679 paternam
828 2593 951 2658 urbium
986 2601 1118 2679 partem:
1152 2601 1183 2658 et
1206 2594 1245 2658 ab
1275 2592 1398 2658 illorum
1438 2596 1499 2657 lto

381 2711 560 2776 nominibus
584 2711 670 2777 sedes
694 2713 868 2777 nominatae
892 2722 975 2776 sunt.
1008 2712 1057 2777 Ibi
1073 2714 1283 2798 compensatio
1300 2713 1399 2778 dulcis

382 2830 574 2895 miserandae
596 2830 777 2897 calamitatis
802 2831 979 2917 Tlepolemo
1003 2833 1151 2897 statuitur
1168 2831 1399 2918 Tirynthiorum

381 2949 454 3015 duci
485 2951 567 3015 sicut
597 2951 672 3031 deo,
704 2952 807 3017 orium
831 2973 944 3038 pompa
967 2951 1118 3036 nidorque
1142 2960 1172 3016 et
1191 2952 1345 3038 judicium
1367 2952 1399 3016 in

381 3069 611 3135 certaminibus.
659 3069 799 3151 Quorum
831 3072 960 3137 floribus
990 3072 1141 3157 Diagoras
1164 3080 1328 3136 coronatus
1352 3079 1398 3135 est

381 3188 446 3254 bis:
476 3199 507 3253 et
536 3190 570 3255 in
593 3189 713 3255 Isthmo
737 3191 869 3276 glorioso
893 3200 1002 3277 quater
1025 3192 1181 3257 fortunam
1203 3198 1312 3256 nactus
1335 3192 1399 3255 lau-

381 3310 506 3389 trioem‚
538 3309 735 3396 Nemeaeque
763 3310 853 3376 aliam
878 3320 948 3397 post
971 3312 1061 3376 aliam
1087 3311 1246 3376 victoriam
1270 3310 1397 3388 habuit,
1438 3311 1499 3372 150

381 3439 412 3496 et
446 3431 562 3496 saxosis
593 3432 735 3497 Athenis,
782 3431 824 3495 Et
855 3454 906 3496 aes
939 3432 1090 3517 Argivum
1121 3432 1207 3496 norit
1233 3430 1340 3508 illum,
1369 3439 1399 3494 et

381 3571 473 3635 opera
502 3551 535 3614 in
559 3550 691 3615 Arcadia
714 3559 745 3615 et
766 3550 895 3629 Thebis,
919 3559 951 3614 et
974 3551 1140 3615 certamina
1162 3549 1300 3635 legitima
1322 3548 1399 3613 Boe-

380 3670 460 3733 otia:
494 3670 630 3759 Aegina}
654 3668 694 3757 let
723 3670 848 3735 Pellene
880 3670 1026 3734 victorem
1057 3670 1171 3734 sexies:
1204 3691 1260 3733 nso
1287 3670 1397 3733 samam

379 3788 530 3854 diversam
554 3788 688 3876 Megaris
712 3788 833 3875 lapidea
855 3788 978 3853 decreta
1001 3788 1125 3853 habent.
1162 3787 1276 3852 Verum
1300 3809 1319 3851 o
1342 3787 1394 3851 Ju-

380 3908 460 3993 piter
490 3914 594 3993 pater,
627 3908 680 3992 qui
710 3930 819 3992 regnas
849 3909 881 3972 in
901 3908 987 3994 jugis
1012 3906 1171 3992 anhymi,
1196 3907 1312 3970 honora
1335 3928 1397 3971 ear·
1435 3908 1496 3970 160

378 4028 471 4092 minis
502 4027 598 4092 ritum
628 4026 665 4091 de
695 4027 822 4091 victoria
844 4026 1022 4112 Olympioa,
1046 4027 1208 4112 virumque
1232 4025 1287 4111 qui
1310 4026 1398 4111 pugi·

378 4146 445 4211 latu
476 4145 601 4211 laudem
632 4146 767 4211 invenit:
800 4146 840 4210 da
861 4145 908 4210 illi
931 4144 1129 4210 reverendam
1152 4145 1300 4230 gratiam,
1325 4153 1398 4209 eta

378 4266 498 4332 civibus
534 4275 564 4330 et
598 4289 616 4329 a
650 4266 836 4351 peregrinis:
869 4263 1121 4351 quandoquidem
1155 4287 1208 4349 per
1242 4264 1396 4328 inimicam

380 4385 540 4470 superbiae
563 4386 643 4449 viam
665 4392 749 4449 recta
773 4384 905 4461 incedit,
922 4383 1094 4448 luculenter
1110 4382 1301 4468 intelligens,
1318 4405 1398 4466 quae

380 4504 425 4569 illi
465 4514 588 4592 patrum
623 4512 740 4569 mentes
776 4512 875 4569 rectae
910 4503 1061 4568 bonorum
1096 4503 1277 4567 vaticinatae
1312 4509 1393 4565 sunt.
1434 4502 1495 4565 iro
