3767 5534
1020 825 1060 886 ,a

430 929 630 1014 ramhumpe
999 933 1087 1009 ,ands
1111 951 1147 993 ra
1168 927 1327 1008 ηὒπόρηκεη
1348 931 1468 1007 emes

429 1045 603 1112 noeane
888 1007 1004 1148 (a,
1023 1045 1135 1128 swas
1157 1046 1215 1120 aas
1237 1046 1464 1128 narmen-

429 1163 482 1230 ubi
513 1185 574 1230 ms
711 1137 920 1294 staff
933 1163 980 1228 aa
1001 1163 1032 1228 a
1054 1167 1175 1230 emsa
1202 1162 1309 1240 ηὐεηη
1332 1166 1466 1247 γραφική

430 1281 535 1350 mem
680 1331 707 1380 f..
723 1261 918 1398 '9¹:³1³‘
938 1281 958 1354 st
980 1279 1103 1354 τοιαύτη
1125 1279 1308 1360 δημιουργία.

428 1400 506 1466 dein
655 1369 851 1514 [yffi
868 1395 1064 1462 Corinthium
1083 1397 1270 1484 Eumolpum
1284 1421 1468 1464 oommemo·

428 1517 466 1582 ad
632 1474 816 1624 Jb'tffffi,
838 1513 893 1598 qui
915 1513 1073 1599 scripserit
1087 1513 1126 1580 de
1140 1515 1244 1580 reditu
1260 1516 1464 1593 Graecorum,

428 1637 441 1692 t
587 1593 1012 1742 td‘fflq'fflmmoraverit
1023 1631 1206 1698 Simonides.
1242 1632 1465 1717 ProEumolpi

568 1708 765 1868 ,sl'ffldan
784 1748 943 1818 existimt
965 1749 1141 1816 Boaokhius
1164 1750 1349 1828 Eumelum,
1376 1751 1464 1836 eujus

549 1845 697 1970 stan
715 1865 830 1932 soholio
853 1866 893 1932 ad
916 1889 951 1932 rs
976 1869 1034 1933 74:
1058 1888 1096 1930 ex
1117 1866 1177 1932 hoo
1198 1867 1243 1932 ihi
1266 1887 1372 1932 versus
1392 1867 1464 1932 affe·

534 1939 646 2070 stad,
668 1985 747 2050 avita
777 1981 905 2048 Medeae
936 1983 1072 2068 origine,
1102 2005 1165 2050 non
1195 1983 1235 2050 de
1265 1984 1358 2050 rebus
1386 1987 1465 2070 ejus·

504 2051 656 2236 :5430
677 2101 716 2166 ad
738 2101 872 2167 reditum
897 2102 1083 2168 Graeoorum
1099 2103 1290 2188 pertineant:
1308 2110 1465 2188 praeterea

492 2283 537 2342 μ
553 2223 708 2320 ,ppells‘tur
731 2225 822 2306 poeta
845 2220 1041 2300 Corinthius,
1062 2221 1115 2286 sed
1130 2221 1269 2298 Εὔμηλός
1285 2245 1330 2292 τις
1347 2221 1465 2295 ποιητὴς

480 2347 606 2444 mle:
637 2337 670 2404 id
693 2361 738 2410 aas
761 2359 825 2404 non
849 2339 1019 2425 signifieat,
1043 2339 1132 2404 illum
1154 2360 1218 2404 non
1240 2338 1335 2404 fuisse
1358 2337 1466 2404 Corin·

473 2476 569 2547 ψῃ,
592 2477 698 2520 verum
720 2477 817 2541 quum
835 2457 869 2521 in
890 2457 928 2520 iis
944 2455 1081 2521 versibus
1096 2455 1291 2533 ostendatur,
1308 2453 1464 2540 quomodo

463 2565 579 2654 Medeae
609 2573 695 2658 origo
726 2596 797 2638 oum
828 2573 977 2640 Corintho
1008 2575 1172 2659 nonjuuota
1197 2572 1308 2649 fuerit,
1334 2572 1463 2635 fortasse

458 2713 523 2762 rum
554 2690 735 2769 soholiaste,
764 2694 790 2756 si
813 2691 994 2758 Corinthius
1017 2700 1113 2769 esset,
1137 2713 1199 2755 non
1223 2698 1345 2776 poetam
1368 2711 1465 2776 quen·

454 2812 539 2886 daur,
564 2809 617 2873 aed
633 2817 754 2894 poetam
771 2809 967 2876 Corinthium
984 2809 1176 2894 appellasset.
1211 2807 1279 2872 Hae
1294 2829 1367 2892 ergo
1384 2807 1463 2871 duae

452 2947 560 2990 oausae
583 2936 670 3006 sunt,
695 2949 748 2994 our
767 2929 843 2992 mihi
858 2951 920 2994 non
936 2928 1082 2998 continuo
1099 2925 1313 3012 persuadeam,
1328 2947 1388 3010 pro
1404 2924 1465 2989 Eu·

451 3043 555 3128 molpo
572 3045 734 3132 legendum
751 3067 816 3112 esse
832 3047 1005 3112 Eumelum.
1041 3047 1085 3111 At
1100 3044 1277 3109 Boeokhius
1290 3043 1324 3107 id
1340 3043 1466 3108 demon·

452 3167 582 3228 stratum
605 3187 671 3230 esse
693 3165 771 3230 dioit
791 3165 823 3229 in
847 3163 1017 3229 Hermanni
1039 3162 1119 3228 libro
1142 3162 1181 3228 de
1199 3161 1323 3226 nometi
1339 3169 1374 3226 at
1393 3159 1466 3243 upi-

453 3278 569 3348 0harmi
585 3281 684 3348 Musis
696 3282 884 3348 flurvIalihus:
898 3303 990 3365 quem
1002 3280 1116 3345 librum
1127 3280 1276 3363 inspicere
1288 3300 1352 3344 non
1363 3277 1464 3362 potui.

498 3402 551 3466 32.
582 3401 684 3482 Ἄρης.
721 3399 813 3486 Apud
837 3397 1044 3475 Herodotum,
1067 3395 1105 3461 L.
1118 3396 1201 3460 VIII
1225 3400 1283 3473 94,
1300 3396 1383 3460 fama
1397 3415 1466 3460 nar·

452 3524 539 3583 ratur
570 3520 820 3595 Atheniensium,
850 3518 1052 3582 Adimantum
1075 3523 1108 3580 et
1130 3514 1308 3579 Corinthios
1331 3513 1465 3597 fugisse,

454 3657 550 3717 quum
572 3640 722 3726 proelium
746 3637 785 3702 ad
807 3636 963 3702 Salamina
984 3634 1248 3709 oommitteretur,
1273 3638 1303 3695 et
1327 3637 1399 3714 post
1420 3651 1466 3693 re-

456 3764 608 3834 portatam
638 3756 793 3822 victoriam
825 3754 864 3818 ad
886 3755 1039 3820 sociorum
1063 3751 1191 3816 olassem
1214 3748 1358 3814 rediisse:
1382 3747 1467 3830 ipsos

454 3891 525 3936 vero
549 3873 724 3940 Corinthios
747 3874 865 3950 dicere,
890 3894 922 3936 se
945 3871 978 3935 in
1001 3869 1107 3955 primis
1127 3867 1242 3954 proelio
1257 3865 1359 3930 navali
1375 3865 1469 3930 iuter·

455 3984 566 4052 fnisse:
591 3999 622 4056 et
643 3992 793 4074 reliquam
816 3989 976 4054 Graeciam
1000 3986 1170 4052 Corinthiis
1193 3983 1343 4049 assentiri·
1380 3983 1467 4048 Dicit

455 4102 618 4170 seholiasta
648 4120 736 4172 vetus
766 4106 911 4183 Pindari,
936 4128 955 4170 a
977 4103 1147 4168 Corinthiis
1178 4099 1404 4185 quinquaginta
1427 4099 1467 4162 de

456 4216 564 4284 Xerxis
597 4224 725 4288 navibus
752 4223 924 4290 submersas
948 4244 1031 4298 ease,
1055 4227 1087 4284 et
1108 4242 1127 4282 a
1149 4218 1348 4301 Theopompo
1371 4216 1466 4280 etiam

456 4336 617 4403 mulierum
651 4341 877 4406 Corinthiarum
907 4361 1010 4425 preces
1033 4337 1149 4402 narrari
1172 4336 1309 4400 admotas
1332 4333 1466 4411 Veneri,

456 4457 492 4514 ut
515 4453 586 4516 viris
609 4457 672 4521 suis
696 4480 828 4524 amorem
851 4458 988 4542 injioeret
1011 4455 1170 4541 pugnandi
1194 4476 1249 4539 pro
1269 4453 1399 4517 Graecia
1415 4452 1466 4517 ad·
