3767 5534
857 739 916 799 lou

558 935 700 1017 Τενριὶαις
723 938 883 1020 εὐτυχέων,

559 1057 664 1140 Νεμέᾳ
686 1056 714 1121 ι)
733 1056 833 1123 ἄλλαν
855 1057 904 1122 εἰι)
926 1058 1026 1140 ἄλλα,

560 1175 616 1240 Καὶ
639 1185 781 1257 κρανααῖς
804 1180 833 1243 ἐν
856 1177 1004 1251 Ἀθάναις.

760 1295 806 1362 Ἀ.
829 1297 863 1363 ε’.
909 1308 945 1364 Κ.
970 1298 1016 1362 ια’.

557 1414 597 1479 ‘¹0
621 1413 650 1479 ι)
670 1416 699 1480 ἕν
718 1413 825 1497 ’Ἄργει
847 1415 964 1496 χαλκὸς
987 1416 1015 1482 ἕ-

602 1557 662 1610 yro
685 1554 752 1612 μιν·
775 1533 816 1599 rei
838 1534 867 1599 τ’
888 1536 917 1599 ἕν
941 1534 1080 1618 Ἀρκαδίᾳ

558 1651 659 1733 Ἔρνα
680 1654 730 1718 καὶ
755 1653 887 1732 Θήβαις·
911 1655 1023 1732 moute

560 1770 599 1834 T’
619 1771 725 1849 ἔννομοι
749 1773 885 1839 Βοιώτιοι·

563 1887 673 1966 Αἴγινα
679 1941 688 1975 ,
712 1890 856 1957 Πελλάνα
877 1916 912 1957 τε
935 1898 1027 1957 νικῶν-

607 2010 632 2073 d'
655 2009 771 2087 ἑξάκις·
796 2013 825 2076 ἕν
848 2010 996 2091 Μεγάρα-

607 2129 651 2193 cir
673 2129 702 2193 ι)
723 2131 781 2210 οὐχ
803 2127 894 2209 ἕτερον
915 2131 1009 2196 λιθίνα

563 2251 670 2328 moe
693 2246 757 2329 ἔχει
781 2247 879 2327 λόγον.
903 2248 993 2315 Ἀλλ’
1016 2245 1036 2314 ὦ
1060 2257 1117 2316 Ζεῦ
1140 2252 1234 2335 πάτερ
1257 2254 1305 2318 νώ-

382 2523 520 2588 snbscripto
545 2539 573 2573 ex
599 2524 798 2591 interpretatione
822 2526 931 2575 vocabuli
955 2532 1030 2579 elatem
1058 2528 1115 2577 oriri
1140 2530 1234 2593 potuit,
1259 2535 1397 2596 comparato

385 2614 425 2664 Ol.
443 2614 542 2664 11130.

422 2709 479 2758 153.
503 2716 534 2762 τά
550 2708 578 2761 τ’.
613 2709 668 2759 Par.
684 2713 706 2760 A
723 2718 754 2761 τὰ
772 2710 798 2762 δ’.

420 2808 477 2857 155.
503 2819 608 2861 Βοιώτιοι.
644 2810 711 2861 Urat.
728 2812 750 2861 A
767 2815 792 2860 et
810 2812 860 2862 Pal.
878 2812 898 2861 C
916 2826 1019 2866 Βοιωτῶν.

421 2908 477 2958 lto.
502 2914 579 2973 Αἴγινα
600 2912 702 2962 uellera
725 2930 758 2963 τι.
790 2912 819 2960 lu
844 2911 893 2962 cin.
916 2919 952 2962 est
974 2917 1075 2965 Πελλάνα
1093 2912 1114 2964 τ’
1130 2920 1205 2979 Αἴγινά
1221 2937 1255 2966 τε.
1290 2916 1355 2965 Idem
1373 2917 1397 2965 in

383 3002 530 3067 quibusdam
548 3002 614 3063 aliie,
631 3003 698 3053 velat
715 3004 780 3054 uoce.
798 3003 866 3057 Urat.
884 3007 914 3055 A.
931 3007 982 3057 Pal.
1001 3007 1032 3057 C:
1046 3012 1072 3057 ut
1084 3012 1163 3059 tamen
1175 3015 1286 3059 accentus
1297 3012 1400 3062 nominis

384 3096 527 3161 posterioris
543 3096 652 3147 rideatur
669 3114 718 3147 esse
736 3098 829 3148 varium
847 3100 873 3149 in
890 3101 957 3150 Goth.
975 3104 999 3150 et
1017 3101 1086 3151 Uret.
1104 3104 1125 3150 A
1143 3102 1281 3153 Bneckhius
1298 3103 1332 3151 cit
1350 3119 1400 3152 esse

387 3197 478 3259 Alphee
494 3196 519 3244 in
537 3197 604 3247 cote.
621 3196 729 3261 Heyuius
746 3198 805 3248 dicit
821 3215 870 3248 esec
888 3204 978 3263 Αἴγινά,
996 3217 1024 3251 ex
1037 3201 1106 3250 Uret.
1124 3203 1145 3251 A
1163 3201 1320 3251 Schneiderus
1333 3205 1402 3252 notat

387 3298 476 3357 Alynd:
494 3293 519 3343 iu
538 3294 588 3344 Pal.
606 3295 626 3343 Ο
643 3295 772 3344 secundum
790 3296 890 3364 Knyscri
907 3296 1072 3346 testimonium
1085 3300 1121 3346 est
1133 3300 1236 3347 Πελλάνα
1248 3296 1269 3348 τ’
1281 3300 1356 3362 Alpina
1369 3318 1400 3350 τι.

388 3389 419 3437 ln
438 3392 517 3438 vetere
534 3388 627 3439 acholio
644 3389 669 3437 iu
687 3389 845 3453 explicatione
861 3390 958 3439 Pellene
975 3393 1031 3439 ante
1048 3390 1163 3455 Aeginam
1180 3392 1292 3455 ponitur:
1304 3390 1330 3439 in
1342 3390 1399 3439 lem·

388 3484 453 3530 mate
475 3484 555 3531 tamen
577 3485 615 3531 est
637 3498 664 3532 ea
685 3482 816 3546 scripture,
835 3498 906 3546 quam
923 3483 1047 3550 dedimus,
1067 3500 1183 3549 quamque
1201 3484 1272 3533 multi
1290 3484 1345 3534 libri
1363 3465 1422 3534 has

389 3575 447 3625 heut
464 3578 488 3624 et
505 3579 561 3625 aute
576 3576 725 3626 Boeclrhinm
744 3577 854 3627 editores.
883 3578 911 3626 ln
929 3578 1035 3628 editione
1053 3578 1137 3627 saltem
1154 3576 1313 3636 scholiorum,
1331 3594 1401 3642 quam

387 3669 498 3734 Heynins
521 3670 606 3729 hahet,
628 3687 656 3719 ea
677 3670 803 3734 inscriptio
827 3674 874 3720 estc
897 3675 921 3720 et
943 3671 995 3736 ipse
1016 3671 1153 3720 Bocchhins
1174 3671 1198 3719 iu
1222 3670 1285 3720 notis
1302 3672 1356 3720 crit.
1372 3671 1401 3720 ad

387 3768 455 3817 huuc
476 3767 556 3817 locum
576 3768 601 3817 id
624 3768 738 3817 affirmat:
765 3784 849 3817 verum
872 3768 897 3815 in
921 3767 971 3831 ejus
993 3768 1097 3817 editione
1114 3768 1260 3817 scholiorum
1277 3766 1402 3829 inscriptio

388 3872 427 3918 eet
443 3872 546 3920 Πελλάνα
563 3866 584 3920 τ’
600 3871 676 3932 Αἴγινά
692 3887 729 3919 re:
748 3868 812 3917 certe
829 3866 903 3915 errori
921 3866 1055 3915 tribuenda.
1090 3864 1225 3913 Bocclhius
1242 3864 1327 3912 edidit:
1345 3867 1402 3915 nel·

389 3962 446 4009 λάνα
470 3956 504 4009 τ’·
528 3963 603 4027 Αἰγίνᾳ
619 3980 646 4011 τι
662 3980 702 4012 νικ.
740 3959 854 4009 Ordinem
872 3976 926 4008 eum
945 3959 1067 4008 nominum
1085 3959 1111 4007 iu
1128 3958 1266 4007 melioribus
1283 3954 1404 4006 codicibus

389 4072 441 4106 cese
464 4057 531 4107 dicit.
557 4057 728 4107 Verumtamen
751 4056 883 4119 scriptura,
905 4070 976 4119 quam
1002 4054 1091 4103 hahent
1114 4053 1181 4102 Uret.
1205 4054 1227 4101 A
1250 4056 1274 4101 et
1298 4052 1349 4101 Pal.
1370 4051 1403 4110 C,

390 4168 451 4217 quos
473 4152 512 4202 hic
534 4153 558 4201 in
581 4152 720 4202 melioribus
736 4152 820 4217 ponit,
839 4167 885 4200 vss.
904 4149 952 4202 172
970 4154 994 4199 et
1013 4151 1060 4200 174
1078 4150 1107 4198 ab
1126 4149 1168 4198 illo
1186 4165 1232 4197 non
1250 4152 1344 4213 recepta
1361 4152 1405 4196 est·

390 4246 511 4311 Kayserus
529 4247 641 4311 conjecit:
661 4251 737 4314 Αἰγίνᾳ
753 4268 780 4298 τε
796 4255 858 4297 νικᾶν
874 4248 951 4303 ἑξάκις
968 4252 990 4297 ὲν
1006 4250 1133 4314 Μεγάροισί
1150 4244 1170 4297 τ’
1188 4250 1230 4311 οὐχ
1246 4248 1323 4314 ἕτεραι
1337 4246 1406 4295 λιθὶνα

391 4350 465 4415 ψᾶρας
484 4352 532 4414 ἔχει
549 4350 620 4411 λόγον.

310 4437 312 4439 ’
427 4443 482 4492 158.
506 4449 654 4512 Μιγάρασιν.
682 4442 720 4491 lta
736 4441 884 4504 Schmidius,
897 4457 972 4506 quum
984 4440 1055 4505 vulgo
1068 4445 1129 4489 esset
1140 4447 1276 4510 Mcpdporor:
1289 4440 1404 4490 Schmidii

393 4537 528 4589 emendatio
544 4538 701 4589 confirmatur
717 4552 745 4586 ex
763 4536 831 4588 Uret.
848 4538 878 4585 B.
895 4537 1030 4600 Stephanus
1047 4543 1195 4607 Μιγάρεσσιν.

1227 4633 1281 4690 ll*
