<?xml version="1.0" encoding="UTF-8"?>
<!DOCTYPE html PUBLIC "-//W3C//DTD XHTML 1.0 Transitional//EN"
    "http://www.w3.org/TR/xhtml1/DTD/xhtml1-transitional.dtd">
<html xmlns="http://www.w3.org/1999/xhtml" xml:lang="en" lang="en">
 <head>
  <title>
</title>
<meta http-equiv="Content-Type" content="text/html;charset=utf-8" />
  <meta name='ocr-system' content='tesseract 3.04.00' />
  <meta name='ocr-capabilities' content='ocr_page ocr_carea ocr_par ocr_line ocrx_word'/>
</head>
<body>
  <div class='ocr_page' id='page_1' title='image "./pindaricarminao00pindgoog_0491.png"; bbox 0 0 3767 5534; ppageno 0'>
   <div class='ocr_carea' id='block_1_1' title="bbox 981 728 1044 787">
    <p class='ocr_par' dir='ltr' id='par_1_1' title="bbox 981 728 1044 787">
     <span class='ocr_line' id='line_1_1' title="bbox 981 728 1044 787; baseline 0 0"><span class='ocrx_word' id='word_1_1' title='bbox 981 728 1044 787; x_wconf 86' lang='grc'><strong>410</strong></span> 
     </span>
    </p>
   </div>
   <div class='ocr_carea' id='block_1_2' title="bbox 504 925 1522 3619">
    <p class='ocr_par' dir='ltr' id='par_1_2' title="bbox 551 925 1515 1011">
     <span class='ocr_line' id='line_1_2' title="bbox 551 925 1515 1011; baseline 0.005 -23"><span class='ocrx_word' id='word_1_2' title='bbox 551 928 581 989; x_wconf 88' lang='grc'><strong>6.</strong></span> <span class='ocrx_word' id='word_1_3' title='bbox 617 925 802 1006; x_wconf 76' lang='grc' dir='ltr'><em>τοίνχρνσον.</em></span> <span class='ocrx_word' id='word_1_4' title='bbox 836 927 939 1011; x_wconf 76' lang='lat' dir='ltr'><strong>Iunge</strong></span> <span class='ocrx_word' id='word_1_5' title='bbox 963 949 1033 990; x_wconf 89' lang='lat' dir='ltr'><strong>cum</strong></span> <span class='ocrx_word' id='word_1_6' title='bbox 1055 926 1187 1007; x_wconf 77' lang='grc' dir='ltr'><em>φιοίλοιν,</em></span> <span class='ocrx_word' id='word_1_7' title='bbox 1211 951 1273 991; x_wconf 92' lang='lat' dir='ltr'><strong>non</strong></span> <span class='ocrx_word' id='word_1_8' title='bbox 1290 950 1359 992; x_wconf 91' lang='lat' dir='ltr'><strong>curn</strong></span> <span class='ocrx_word' id='word_1_9' title='bbox 1375 928 1515 1009; x_wconf 75' lang='grc' dir='ltr'><em>κορυφοίν.</em></span> 
     </span>
    </p>

    <p class='ocr_par' dir='ltr' id='par_1_3' title="bbox 504 1045 1521 2068">
     <span class='ocr_line' id='line_1_3' title="bbox 552 1045 1520 1131; baseline 0.005 -25"><span class='ocrx_word' id='word_1_10' title='bbox 552 1048 582 1106; x_wconf 93' lang='grc'><strong>8.</strong></span> <span class='ocrx_word' id='word_1_11' title='bbox 619 1045 838 1109; x_wconf 78' lang='lat' dir='ltr'><strong>AccusatIvum</strong></span> <span class='ocrx_word' id='word_1_12' title='bbox 867 1045 956 1125; x_wconf 76' lang='grc' dir='ltr'><em>χιίριν</em></span> <span class='ocrx_word' id='word_1_13' title='bbox 984 1066 1046 1108; x_wconf 91' lang='lat' dir='ltr'><strong>non</strong></span> <span class='ocrx_word' id='word_1_14' title='bbox 1074 1068 1093 1107; x_wconf 85' lang='lat' dir='ltr'><strong>a</strong></span> <span class='ocrx_word' id='word_1_15' title='bbox 1115 1046 1206 1110; x_wconf 86' lang='lat' dir='ltr'><strong>verbo</strong></span> <span class='ocrx_word' id='word_1_16' title='bbox 1230 1047 1361 1121; x_wconf 84' lang='grc' dir='ltr'><em>τιμοίσοις</em></span> <span class='ocrx_word' id='word_1_17' title='bbox 1385 1046 1520 1131; x_wconf 88' lang='lat' dir='ltr'><strong>pendere</strong></span> 
     </span>
     <span class='ocr_line' id='line_1_4' title="bbox 504 1161 1521 1249; baseline 0.004 -25"><span class='ocrx_word' id='word_1_18' title='bbox 504 1161 609 1239; x_wconf 90' lang='lat' dir='ltr'><strong>credo,</strong></span> <span class='ocrx_word' id='word_1_19' title='bbox 625 1185 729 1227; x_wconf 84' lang='lat' dir='ltr'><strong>vorum</strong></span> <span class='ocrx_word' id='word_1_20' title='bbox 746 1163 959 1228; x_wconf 77' lang='lat' dir='ltr'><strong>adverbialiter</strong></span> <span class='ocrx_word' id='word_1_21' title='bbox 975 1164 1109 1249; x_wconf 86' lang='lat' dir='ltr'><strong>positum</strong></span> <span class='ocrx_word' id='word_1_22' title='bbox 1126 1187 1207 1242; x_wconf 88' lang='lat' dir='ltr'><strong>esse,</strong></span> <span class='ocrx_word' id='word_1_23' title='bbox 1220 1172 1256 1228; x_wconf 91' lang='lat' dir='ltr'><strong>ut</strong></span> <span class='ocrx_word' id='word_1_24' title='bbox 1268 1165 1405 1249; x_wconf 87' lang='lat' dir='ltr'><strong>saepius,</strong></span> <span class='ocrx_word' id='word_1_25' title='bbox 1419 1163 1472 1228; x_wconf 90' lang='lat' dir='ltr'><strong>vel</strong></span> <span class='ocrx_word' id='word_1_26' title='bbox 1485 1172 1521 1228; x_wconf 89' lang='lat' dir='ltr'><strong>ut</strong></span> 
     </span>
     <span class='ocr_line' id='line_1_5' title="bbox 506 1280 1521 1366; baseline 0.004 -24"><span class='ocrx_word' id='word_1_27' title='bbox 506 1280 574 1360; x_wconf 75' lang='grc' dir='ltr'><strong>πρὸς</strong></span> <span class='ocrx_word' id='word_1_28' title='bbox 597 1280 699 1362; x_wconf 80' lang='grc' dir='ltr'><em>χοίριν,</em></span> <span class='ocrx_word' id='word_1_29' title='bbox 724 1289 759 1345; x_wconf 91' lang='lat' dir='ltr'><strong>ut</strong></span> <span class='ocrx_word' id='word_1_30' title='bbox 781 1280 832 1345; x_wconf 91' lang='lat' dir='ltr'><strong>Ol.</strong></span> <span class='ocrx_word' id='word_1_31' title='bbox 857 1281 940 1344; x_wconf 88' lang='lat' dir='ltr'><strong>VIII</strong></span> <span class='ocrx_word' id='word_1_32' title='bbox 965 1285 1017 1345; x_wconf 87' lang='lat'><strong>10.</strong></span> <span class='ocrx_word' id='word_1_33' title='bbox 1064 1282 1187 1366; x_wconf 82' lang='lat' dir='ltr'>Duplex</span> <span class='ocrx_word' id='word_1_34' title='bbox 1213 1283 1405 1366; x_wconf 84' lang='lat' dir='ltr'><strong>significatur</strong></span> <span class='ocrx_word' id='word_1_35' title='bbox 1425 1282 1521 1346; x_wconf 89' lang='lat' dir='ltr'><strong>dandi</strong></span> 
     </span>
     <span class='ocr_line' id='line_1_6' title="bbox 505 1400 1514 1486; baseline 0.001 -24"><span class='ocrx_word' id='word_1_36' title='bbox 505 1405 638 1483; x_wconf 89' lang='lat' dir='ltr'><strong>pateram</strong></span> <span class='ocrx_word' id='word_1_37' title='bbox 669 1400 848 1463; x_wconf 89' lang='lat' dir='ltr'><strong>consilium:</strong></span> <span class='ocrx_word' id='word_1_38' title='bbox 881 1400 1011 1465; x_wconf 88' lang='lat' dir='ltr'><strong>alterum</strong></span> <span class='ocrx_word' id='word_1_39' title='bbox 1043 1407 1079 1464; x_wconf 90' lang='lat' dir='ltr'><strong>ut</strong></span> <span class='ocrx_word' id='word_1_40' title='bbox 1109 1401 1249 1464; x_wconf 86' lang='lat' dir='ltr'><strong>convivio</strong></span> <span class='ocrx_word' id='word_1_41' title='bbox 1281 1401 1341 1486; x_wconf 89' lang='lat' dir='ltr'><strong>ipsi</strong></span> <span class='ocrx_word' id='word_1_42' title='bbox 1364 1400 1459 1465; x_wconf 83' lang='lat' dir='ltr'><strong>decue</strong></span> <span class='ocrx_word' id='word_1_43' title='bbox 1483 1409 1514 1466; x_wconf 88' lang='lat' dir='ltr'><strong>et</strong></span> 
     </span>
     <span class='ocr_line' id='line_1_7' title="bbox 506 1518 1520 1605; baseline 0.004 -24"><span class='ocrx_word' id='word_1_44' title='bbox 506 1518 619 1601; x_wconf 86' lang='lat' dir='ltr'><strong>gaudia</strong></span> <span class='ocrx_word' id='word_1_45' title='bbox 649 1518 742 1596; x_wconf 78' lang='lat' dir='ltr'><strong>ferat,</strong></span> <span class='ocrx_word' id='word_1_46' title='bbox 776 1519 906 1583; x_wconf 89' lang='lat' dir='ltr'><strong>alterum</strong></span> <span class='ocrx_word' id='word_1_47' title='bbox 937 1526 974 1584; x_wconf 90' lang='lat' dir='ltr'><strong>ut</strong></span> <span class='ocrx_word' id='word_1_48' title='bbox 996 1542 1082 1583; x_wconf 85' lang='lat' dir='ltr'><strong>suam</strong></span> <span class='ocrx_word' id='word_1_49' title='bbox 1107 1519 1283 1583; x_wconf 89' lang='lat' dir='ltr'><strong>affinitatem</strong></span> <span class='ocrx_word' id='word_1_50' title='bbox 1307 1542 1520 1605; x_wconf 84' lang='lat' dir='ltr'><strong>generumque</strong></span> 
     </span>
     <span class='ocr_line' id='line_1_8' title="bbox 505 1636 1519 1723; baseline 0.002 -24"><span class='ocrx_word' id='word_1_51' title='bbox 505 1636 650 1701; x_wconf 84' lang='lat' dir='ltr'><strong>honoret:</strong></span> <span class='ocrx_word' id='word_1_52' title='bbox 683 1637 714 1701; x_wconf 92' lang='lat' dir='ltr'><strong>in</strong></span> <span class='ocrx_word' id='word_1_53' title='bbox 745 1638 973 1701; x_wconf 90' lang='lat' dir='ltr'><strong>constructione</strong></span> <span class='ocrx_word' id='word_1_54' title='bbox 1004 1637 1150 1701; x_wconf 87' lang='lat' dir='ltr'><strong>orationis</strong></span> <span class='ocrx_word' id='word_1_55' title='bbox 1179 1645 1225 1701; x_wconf 90' lang='lat' dir='ltr'><strong>est</strong></span> <span class='ocrx_word' id='word_1_56' title='bbox 1248 1637 1394 1701; x_wconf 87' lang='lat' dir='ltr'><strong>mutatio:</strong></span> <span class='ocrx_word' id='word_1_57' title='bbox 1419 1660 1519 1723; x_wconf 82' lang='lat' dir='ltr'><strong>gram·</strong></span> 
     </span>
     <span class='ocr_line' id='line_1_9' title="bbox 506 1754 1518 1841; baseline 0 -22"><span class='ocrx_word' id='word_1_58' title='bbox 506 1754 631 1819; x_wconf 86' lang='lat' dir='ltr'><strong>maticae</strong></span> <span class='ocrx_word' id='word_1_59' title='bbox 663 1755 891 1819; x_wconf 76' lang='lat' dir='ltr'><strong>convenientiae</strong></span> <span class='ocrx_word' id='word_1_60' title='bbox 915 1756 941 1819; x_wconf 89' lang='lat' dir='ltr'><strong>si</strong></span> <span class='ocrx_word' id='word_1_61' title='bbox 965 1755 1197 1841; x_wconf 90' lang='lat' dir='ltr'><strong>obsequendum</strong></span> <span class='ocrx_word' id='word_1_62' title='bbox 1219 1762 1359 1840; x_wconf 83' lang='lat' dir='ltr'><strong>putaret,</strong></span> <span class='ocrx_word' id='word_1_63' title='bbox 1384 1756 1518 1821; x_wconf 88' lang='lat' dir='ltr'><strong>scrihere</strong></span> 
     </span>
     <span class='ocr_line' id='line_1_10' title="bbox 507 1871 1519 1959; baseline 0.004 -24"><span class='ocrx_word' id='word_1_64' title='bbox 507 1871 602 1936; x_wconf 89' lang='lat' dir='ltr'><strong>Poeta</strong></span> <span class='ocrx_word' id='word_1_65' title='bbox 633 1882 790 1959; x_wconf 86' lang='lat' dir='ltr'><strong>potuerat:</strong></span> <span class='ocrx_word' id='word_1_66' title='bbox 823 1873 891 1955; x_wconf 76' lang='grc' dir='ltr'><strong>πρὸς</strong></span> <span class='ocrx_word' id='word_1_67' title='bbox 917 1873 1135 1951; x_wconf 63' lang='lat' dir='ltr'><strong>waraniones</strong></span> <span class='ocrx_word' id='word_1_68' title='bbox 1158 1874 1245 1954; x_wconf 81' lang='grc' dir='ltr'><em>χοίριν</em></span> <span class='ocrx_word' id='word_1_69' title='bbox 1269 1874 1337 1954; x_wconf 79' lang='grc' dir='ltr'><strong>τρίς</strong></span> <span class='ocrx_word' id='word_1_70' title='bbox 1360 1899 1394 1939; x_wconf 83' lang='grc' dir='ltr'><strong>τε</strong></span> <span class='ocrx_word' id='word_1_71' title='bbox 1416 1873 1519 1947; x_wconf 65' lang='lat' dir='ltr'><strong>addere</strong></span> 
     </span>
     <span class='ocr_line' id='line_1_11' title="bbox 507 1992 677 2068; baseline 0.012 -13"><span class='ocrx_word' id='word_1_72' title='bbox 507 1992 597 2068; x_wconf 74' lang='grc' dir='ltr'><em>τιμιὶν</em></span> <span class='ocrx_word' id='word_1_73' title='bbox 621 1994 677 2057; x_wconf 82' lang='grc' dir='ltr'><em>ἑοῦ.</em></span> 
     </span>
    </p>

    <p class='ocr_par' dir='ltr' id='par_1_4' title="bbox 506 2105 1520 2427">
     <span class='ocr_line' id='line_1_12' title="bbox 551 2105 1520 2199; baseline 0.004 -26"><span class='ocrx_word' id='word_1_74' title='bbox 551 2114 581 2174; x_wconf 90' lang='grc'><strong>9.</strong></span> <span class='ocrx_word' id='word_1_75' title='bbox 616 2114 645 2176; x_wconf 82' lang='grc' dir='ltr'><strong>ἐν</strong></span> <span class='ocrx_word' id='word_1_76' title='bbox 668 2112 706 2178; x_wconf 72' lang='grc' dir='ltr'><strong>δὲ.</strong></span> <span class='ocrx_word' id='word_1_77' title='bbox 744 2112 782 2176; x_wconf 93' lang='lat' dir='ltr'><strong>In</strong></span> <span class='ocrx_word' id='word_1_78' title='bbox 805 2112 908 2197; x_wconf 83' lang='lat' dir='ltr'><strong>glossa</strong></span> <span class='ocrx_word' id='word_1_79' title='bbox 930 2114 989 2179; x_wconf 87' lang='lat' dir='ltr'><strong>hoc</strong></span> <span class='ocrx_word' id='word_1_80' title='bbox 1011 2105 1210 2199; x_wconf 56' lang='lat' dir='ltr'><strong>conjungitur</strong></span> <span class='ocrx_word' id='word_1_81' title='bbox 1232 2135 1303 2177; x_wconf 86' lang='lat' dir='ltr'><strong>cum</strong></span> <span class='ocrx_word' id='word_1_82' title='bbox 1323 2114 1409 2188; x_wconf 75' lang='grc' dir='ltr'><em>ίῆιιε,</em></span> <span class='ocrx_word' id='word_1_83' title='bbox 1426 2121 1463 2177; x_wconf 92' lang='lat' dir='ltr'><strong>ut</strong></span> <span class='ocrx_word' id='word_1_84' title='bbox 1479 2114 1520 2178; x_wconf 86' lang='lat' dir='ltr'><strong>sit</strong></span> 
     </span>
     <span class='ocr_line' id='line_1_13' title="bbox 506 2220 1519 2311; baseline 0.003 -20"><span class='ocrx_word' id='word_1_85' title='bbox 506 2248 561 2311; x_wconf 91' lang='lat' dir='ltr'><strong>pro</strong></span> <span class='ocrx_word' id='word_1_86' title='bbox 591 2229 711 2303; x_wconf 70' lang='grc' dir='ltr'><strong>ἐνέθηκε.</strong></span> <span class='ocrx_word' id='word_1_87' title='bbox 758 2230 871 2294; x_wconf 86' lang='lat' dir='ltr'><strong>Melius</strong></span> <span class='ocrx_word' id='word_1_88' title='bbox 899 2220 933 2294; x_wconf 86' lang='lat' dir='ltr'><strong>in</strong></span> <span class='ocrx_word' id='word_1_89' title='bbox 959 2231 1074 2294; x_wconf 88' lang='lat' dir='ltr'><strong>scholio</strong></span> <span class='ocrx_word' id='word_1_90' title='bbox 1097 2232 1281 2295; x_wconf 78' lang='lat' dir='ltr'><strong>recentiore:</strong></span> <span class='ocrx_word' id='word_1_91' title='bbox 1305 2234 1335 2296; x_wconf 87' lang='grc' dir='ltr'><strong>ἕν</strong></span> <span class='ocrx_word' id='word_1_92' title='bbox 1358 2232 1404 2309; x_wconf 75' lang='grc' dir='ltr'><strong>δὲ,</strong></span> <span class='ocrx_word' id='word_1_93' title='bbox 1428 2229 1519 2307; x_wconf 71' lang='grc' dir='ltr'><em>ἤγουν</em></span> 
     </span>
     <span class='ocr_line' id='line_1_14' title="bbox 506 2346 1270 2427; baseline 0.005 -18"><span class='ocrx_word' id='word_1_94' title='bbox 506 2346 559 2409; x_wconf 87' lang='grc' dir='ltr'><strong>σὺν</strong></span> <span class='ocrx_word' id='word_1_95' title='bbox 584 2346 709 2418; x_wconf 69' lang='grc' dir='ltr'><em>τούτοισι</em></span> <span class='ocrx_word' id='word_1_96' title='bbox 734 2348 767 2411; x_wconf 93' lang='lat' dir='ltr'><strong>id</strong></span> <span class='ocrx_word' id='word_1_97' title='bbox 791 2356 854 2426; x_wconf 88' lang='lat' dir='ltr'><strong>est,</strong></span> <span class='ocrx_word' id='word_1_98' title='bbox 878 2348 911 2412; x_wconf 90' lang='lat' dir='ltr'><strong>ln</strong></span> <span class='ocrx_word' id='word_1_99' title='bbox 935 2370 987 2427; x_wconf 91' lang='lat' dir='ltr'><strong>eo,</strong></span> <span class='ocrx_word' id='word_1_100' title='bbox 1012 2349 1087 2413; x_wconf 91' lang='lat' dir='ltr'><strong>dum</strong></span> <span class='ocrx_word' id='word_1_101' title='bbox 1110 2349 1168 2412; x_wconf 89' lang='lat' dir='ltr'><strong>hoc</strong></span> <span class='ocrx_word' id='word_1_102' title='bbox 1187 2349 1270 2413; x_wconf 85' lang='lat' dir='ltr'><strong>facit.</strong></span> 
     </span>
    </p>

    <p class='ocr_par' dir='ltr' id='par_1_5' title="bbox 556 2463 1050 2531">
     <span class='ocr_line' id='line_1_15' title="bbox 556 2463 1050 2531; baseline 0.01 -6"><span class='ocrx_word' id='word_1_103' title='bbox 556 2465 606 2527; x_wconf 93' lang='grc'><strong>11.</strong></span> <span class='ocrx_word' id='word_1_104' title='bbox 643 2463 688 2529; x_wconf 82' lang='lat' dir='ltr'><strong>cf.</strong></span> <span class='ocrx_word' id='word_1_105' title='bbox 713 2465 805 2531; x_wconf 89' lang='lat' dir='ltr'><strong>Hom.</strong></span> <span class='ocrx_word' id='word_1_106' title='bbox 830 2466 889 2530; x_wconf 86' lang='lat' dir='ltr'><strong>Od.</strong></span> <span class='ocrx_word' id='word_1_107' title='bbox 916 2466 962 2529; x_wconf 90' lang='lat' dir='ltr'><strong>VI</strong></span> <span class='ocrx_word' id='word_1_108' title='bbox 989 2470 1050 2530; x_wconf 77' lang='lat'><strong>182</strong></span> 
     </span>
    </p>

    <p class='ocr_par' dir='ltr' id='par_1_6' title="bbox 616 2583 1392 2904">
     <span class='ocr_line' id='line_1_16' title="bbox 754 2583 1392 2665; baseline -0.002 -14"><span class='ocrx_word' id='word_1_109' title='bbox 754 2589 784 2651; x_wconf 83' lang='grc' dir='ltr'><strong>οὐ</strong></span> <span class='ocrx_word' id='word_1_110' title='bbox 807 2587 861 2664; x_wconf 83' lang='grc' dir='ltr'><strong>μὲν</strong></span> <span class='ocrx_word' id='word_1_111' title='bbox 883 2586 942 2665; x_wconf 70' lang='grc' dir='ltr'><strong>γὰρ</strong></span> <span class='ocrx_word' id='word_1_112' title='bbox 966 2590 1055 2662; x_wconf 66' lang='grc' dir='ltr'><em>τοῦτο</em></span> <span class='ocrx_word' id='word_1_113' title='bbox 1078 2591 1204 2663; x_wconf 80' lang='grc' dir='ltr'><em>κρεῖσσον</em></span> <span class='ocrx_word' id='word_1_114' title='bbox 1227 2585 1276 2648; x_wconf 76' lang='grc' dir='ltr'><strong>κιο)</strong></span> <span class='ocrx_word' id='word_1_115' title='bbox 1301 2583 1392 2665; x_wconf 82' lang='grc' dir='ltr'><em>ίιρειον</em></span> 
     </span>
     <span class='ocr_line' id='line_1_17' title="bbox 620 2700 1304 2787; baseline -0.006 -17"><span class='ocrx_word' id='word_1_116' title='bbox 620 2706 637 2781; x_wconf 80' lang='grc' dir='ltr'>ἢ</span> <span class='ocrx_word' id='word_1_117' title='bbox 659 2702 697 2770; x_wconf 72' lang='grc' dir='ltr'><strong>ὅθ’</strong></span> <span class='ocrx_word' id='word_1_118' title='bbox 719 2702 921 2787; x_wconf 77' lang='grc' dir='ltr'><strong>ὁμοφρονέοντε</strong></span> <span class='ocrx_word' id='word_1_119' title='bbox 945 2703 1080 2783; x_wconf 79' lang='grc' dir='ltr'><em>νοιίμιισιν</em></span> <span class='ocrx_word' id='word_1_120' title='bbox 1102 2700 1175 2767; x_wconf 82' lang='grc' dir='ltr'><em>οἶκον</em></span> <span class='ocrx_word' id='word_1_121' title='bbox 1198 2702 1304 2783; x_wconf 74' lang='grc' dir='ltr'><em>ἔχητον</em></span> 
     </span>
     <span class='ocr_line' id='line_1_18' title="bbox 616 2824 861 2904; baseline 0.016 -18"><span class='ocrx_word' id='word_1_122' title='bbox 616 2824 686 2904; x_wconf 76' lang='grc' dir='ltr'><em>οίνὶιρ</em></span> <span class='ocrx_word' id='word_1_123' title='bbox 708 2824 756 2899; x_wconf 77' lang='grc' dir='ltr'><strong>ἠδὲ</strong></span> <span class='ocrx_word' id='word_1_124' title='bbox 778 2824 861 2901; x_wconf 75' lang='grc' dir='ltr'><em>νυνί.</em></span> 
     </span>
    </p>

    <p class='ocr_par' dir='ltr' id='par_1_7' title="bbox 507 2927 1522 3619">
     <span class='ocr_line' id='line_1_19' title="bbox 554 2927 1517 3025; baseline -0.005 -19"><span class='ocrx_word' id='word_1_125' title='bbox 554 2942 604 3006; x_wconf 81' lang='lat'><strong>12.</strong></span> <span class='ocrx_word' id='word_1_126' title='bbox 639 2944 742 3024; x_wconf 83' lang='grc' dir='ltr'><em>νέκτοιρ</em></span> <span class='ocrx_word' id='word_1_127' title='bbox 757 2942 857 3025; x_wconf 77' lang='grc' dir='ltr'><em>χυτὸν.</em></span> <span class='ocrx_word' id='word_1_128' title='bbox 893 2940 1065 3007; x_wconf 79' lang='lat' dir='ltr'><strong>Scholiasta</strong></span> <span class='ocrx_word' id='word_1_129' title='bbox 1081 2951 1167 3006; x_wconf 87' lang='lat' dir='ltr'><strong>vetus</strong></span> <span class='ocrx_word' id='word_1_130' title='bbox 1184 2927 1316 3025; x_wconf 80' lang='lat' dir='ltr'><strong>explicat</strong></span> <span class='ocrx_word' id='word_1_131' title='bbox 1331 2939 1517 3019; x_wconf 81' lang='grc' dir='ltr'><em>οιύτίχυτον,</em></span> 
     </span>
     <span class='ocr_line' id='line_1_20' title="bbox 507 3055 1518 3143; baseline -0.009 -16"><span class='ocrx_word' id='word_1_132' title='bbox 507 3061 647 3143; x_wconf 78' lang='grc' dir='ltr'><em>ι’ίκιοιτονε</em></span> <span class='ocrx_word' id='word_1_133' title='bbox 679 3085 806 3128; x_wconf 89' lang='lat' dir='ltr'><strong>merum.</strong></span> <span class='ocrx_word' id='word_1_134' title='bbox 852 3061 947 3142; x_wconf 77' lang='lat' dir='ltr'><strong>Quod</strong></span> <span class='ocrx_word' id='word_1_135' title='bbox 977 3061 1107 3125; x_wconf 89' lang='lat' dir='ltr'><strong>nonita</strong></span> <span class='ocrx_word' id='word_1_136' title='bbox 1129 3059 1206 3122; x_wconf 89' lang='lat' dir='ltr'><strong>mihi</strong></span> <span class='ocrx_word' id='word_1_137' title='bbox 1229 3057 1361 3121; x_wconf 85' lang='lat' dir='ltr'><strong>videtur.</strong></span> <span class='ocrx_word' id='word_1_138' title='bbox 1411 3055 1518 3119; x_wconf 85' lang='lat' dir='ltr'><strong>Abun-</strong></span> 
     </span>
     <span class='ocr_line' id='line_1_21' title="bbox 508 3172 1519 3267; baseline -0.011 -21"><span class='ocrx_word' id='word_1_139' title='bbox 508 3183 616 3247; x_wconf 85' lang='lat' dir='ltr'><strong>danter</strong></span> <span class='ocrx_word' id='word_1_140' title='bbox 639 3183 727 3267; x_wconf 88' lang='lat' dir='ltr'><strong>quasi</strong></span> <span class='ocrx_word' id='word_1_141' title='bbox 750 3204 809 3245; x_wconf 85' lang='lat' dir='ltr'><strong>usu</strong></span> <span class='ocrx_word' id='word_1_142' title='bbox 833 3182 919 3265; x_wconf 88' lang='lat' dir='ltr'><strong>epico</strong></span> <span class='ocrx_word' id='word_1_143' title='bbox 942 3179 1079 3243; x_wconf 85' lang='lat' dir='ltr'><strong>additum</strong></span> <span class='ocrx_word' id='word_1_144' title='bbox 1104 3200 1169 3242; x_wconf 83' lang='lat' dir='ltr'><strong>esse</strong></span> <span class='ocrx_word' id='word_1_145' title='bbox 1193 3176 1351 3251; x_wconf 82' lang='lat' dir='ltr'><strong>existimo,</strong></span> <span class='ocrx_word' id='word_1_146' title='bbox 1376 3180 1413 3237; x_wconf 91' lang='lat' dir='ltr'><strong>ut</strong></span> <span class='ocrx_word' id='word_1_147' title='bbox 1436 3172 1519 3257; x_wconf 85' lang='lat' dir='ltr'><strong>apud</strong></span> 
     </span>
     <span class='ocr_line' id='line_1_22' title="bbox 508 3289 1518 3377; baseline -0.009 -13"><span class='ocrx_word' id='word_1_148' title='bbox 508 3300 677 3365; x_wconf 86' lang='lat' dir='ltr'><strong>Homerum</strong></span> <span class='ocrx_word' id='word_1_149' title='bbox 709 3300 747 3363; x_wconf 63' lang='lat' dir='ltr'><strong>Il·</strong></span> <span class='ocrx_word' id='word_1_150' title='bbox 778 3300 795 3363; x_wconf 94' lang='lat' dir='ltr'><strong>I</strong></span> <span class='ocrx_word' id='word_1_151' title='bbox 830 3302 891 3362; x_wconf 83' lang='lat'><strong>106</strong></span> <span class='ocrx_word' id='word_1_152' title='bbox 915 3296 1052 3377; x_wconf 79' lang='grc' dir='ltr'><em>λοιμνιρὸν</em></span> <span class='ocrx_word' id='word_1_153' title='bbox 1074 3296 1152 3376; x_wconf 66' lang='lat' dir='ltr'><strong>otor</strong></span> <span class='ocrx_word' id='word_1_154' title='bbox 1176 3295 1293 3374; x_wconf 73' lang='grc' dir='ltr'><em>ἠελίοιο,</em></span> <span class='ocrx_word' id='word_1_155' title='bbox 1318 3292 1358 3355; x_wconf 88' lang='lat' dir='ltr'><strong>Il.</strong></span> <span class='ocrx_word' id='word_1_156' title='bbox 1382 3289 1430 3353; x_wconf 85' lang='lat' dir='ltr'><strong>VI</strong></span> <span class='ocrx_word' id='word_1_157' title='bbox 1458 3291 1518 3351; x_wconf 77' lang='lat'><strong>182</strong></span> 
     </span>
     <span class='ocr_line' id='line_1_23' title="bbox 508 3406 1515 3506; baseline -0.014 -25"><span class='ocrx_word' id='word_1_158' title='bbox 508 3415 594 3498; x_wconf 77' lang='grc' dir='ltr'><em>τυρὸς</em></span> <span class='ocrx_word' id='word_1_159' title='bbox 625 3416 791 3497; x_wconf 70' lang='grc' dir='ltr'><em>αἰθομένοιο,</em></span> <span class='ocrx_word' id='word_1_160' title='bbox 825 3413 884 3477; x_wconf 91' lang='lat' dir='ltr'><strong>Od.</strong></span> <span class='ocrx_word' id='word_1_161' title='bbox 913 3412 944 3477; x_wconf 87' lang='grc' dir='ltr'>Χ</span> <span class='ocrx_word' id='word_1_162' title='bbox 967 3415 1032 3475; x_wconf 84' lang='grc'><strong>364</strong></span> <span class='ocrx_word' id='word_1_163' title='bbox 1055 3413 1120 3475; x_wconf 78' lang='grc' dir='ltr'><em>λίπ’</em></span> <span class='ocrx_word' id='word_1_164' title='bbox 1145 3411 1250 3491; x_wconf 79' lang='grc' dir='ltr'><em>ἐλιιίῳ,</em></span> <span class='ocrx_word' id='word_1_165' title='bbox 1274 3418 1305 3506; x_wconf 89' lang='lat' dir='ltr'><strong>et</strong></span> <span class='ocrx_word' id='word_1_166' title='bbox 1329 3406 1515 3470; x_wconf 82' lang='lat' dir='ltr'><strong>sexcenties:</strong></span> 
     </span>
     <span class='ocr_line' id='line_1_24' title="bbox 509 3503 1522 3619; baseline -0.013 -21"><span class='ocrx_word' id='word_1_167' title='bbox 509 3535 597 3619; x_wconf 86' lang='lat' dir='ltr'><strong>cujus</strong></span> <span class='ocrx_word' id='word_1_168' title='bbox 620 3534 712 3597; x_wconf 90' lang='lat' dir='ltr'><strong>moris</strong></span> <span class='ocrx_word' id='word_1_169' title='bbox 736 3533 828 3596; x_wconf 87' lang='lat' dir='ltr'><strong>etiam</strong></span> <span class='ocrx_word' id='word_1_170' title='bbox 851 3530 933 3615; x_wconf 91' lang='lat' dir='ltr'><strong>apud</strong></span> <span class='ocrx_word' id='word_1_171' title='bbox 957 3528 1126 3593; x_wconf 87' lang='lat' dir='ltr'><strong>Pindarum</strong></span> <span class='ocrx_word' id='word_1_172' title='bbox 1149 3503 1232 3591; x_wconf 89' lang='lat' dir='ltr'><strong>haud</strong></span> <span class='ocrx_word' id='word_1_173' title='bbox 1257 3546 1355 3610; x_wconf 90' lang='lat' dir='ltr'><strong>pauca</strong></span> <span class='ocrx_word' id='word_1_174' title='bbox 1369 3529 1443 3587; x_wconf 86' lang='lat' dir='ltr'><strong>sunt</strong></span> <span class='ocrx_word' id='word_1_175' title='bbox 1458 3544 1522 3585; x_wconf 89' lang='lat' dir='ltr'><strong>ves·</strong></span> 
     </span>
    </p>
   </div>
   <div class='ocr_carea' id='block_1_3' title="bbox 408 3638 1519 3736">
    <p class='ocr_par' dir='ltr' id='par_1_8' title="bbox 408 3638 1519 3736">
     <span class='ocr_line' id='line_1_25' title="bbox 408 3638 1519 3736; baseline -0.013 -20"><span class='ocrx_word' id='word_1_176' title='bbox 408 3718 414 3731; x_wconf 70' lang='grc'>,</span> <span class='ocrx_word' id='word_1_177' title='bbox 510 3652 602 3735; x_wconf 78' lang='lat' dir='ltr'><strong>ligia,</strong></span> <span class='ocrx_word' id='word_1_178' title='bbox 628 3651 712 3716; x_wconf 90' lang='lat' dir='ltr'><strong>velut</strong></span> <span class='ocrx_word' id='word_1_179' title='bbox 735 3650 816 3736; x_wconf 89' lang='lat' dir='ltr'><strong>quod</strong></span> <span class='ocrx_word' id='word_1_180' title='bbox 841 3648 932 3713; x_wconf 90' lang='lat' dir='ltr'><strong>modo</strong></span> <span class='ocrx_word' id='word_1_181' title='bbox 957 3647 1088 3711; x_wconf 86' lang='lat' dir='ltr'><strong>vidimus</strong></span> <span class='ocrx_word' id='word_1_182' title='bbox 1113 3669 1146 3708; x_wconf 91' lang='lat' dir='ltr'><strong>vs</strong></span> <span class='ocrx_word' id='word_1_183' title='bbox 1170 3648 1189 3707; x_wconf 75' lang='lat'>2</span> <span class='ocrx_word' id='word_1_184' title='bbox 1213 3644 1292 3709; x_wconf 79' lang='grc' dir='ltr'><em>ἑλιίν.</em></span> <span class='ocrx_word' id='word_1_185' title='bbox 1329 3638 1519 3726; x_wconf 85' lang='lat' dir='ltr'><strong>Significatio</strong></span> 
     </span>
    </p>
   </div>
   <div class='ocr_carea' id='block_1_4' title="bbox 511 3759 1524 4556">
    <p class='ocr_par' dir='ltr' id='par_1_9' title="bbox 511 3759 1397 3850">
     <span class='ocr_line' id='line_1_26' title="bbox 511 3759 1397 3850; baseline -0.014 -17"><span class='ocrx_word' id='word_1_186' title='bbox 511 3778 612 3835; x_wconf 88' lang='lat' dir='ltr'><strong>autem</strong></span> <span class='ocrx_word' id='word_1_187' title='bbox 635 3791 697 3834; x_wconf 88' lang='lat' dir='ltr'><strong>non</strong></span> <span class='ocrx_word' id='word_1_188' title='bbox 721 3790 785 3832; x_wconf 86' lang='lat' dir='ltr'><strong>esee</strong></span> <span class='ocrx_word' id='word_1_189' title='bbox 809 3767 931 3830; x_wconf 88' lang='lat' dir='ltr'><strong>videtur</strong></span> <span class='ocrx_word' id='word_1_190' title='bbox 953 3764 1081 3850; x_wconf 89' lang='lat' dir='ltr'><strong>liquidi,</strong></span> <span class='ocrx_word' id='word_1_191' title='bbox 1106 3762 1159 3826; x_wconf 89' lang='lat' dir='ltr'><strong>sed</strong></span> <span class='ocrx_word' id='word_1_192' title='bbox 1182 3762 1260 3839; x_wconf 83' lang='lat' dir='ltr'><strong>fusi,</strong></span> <span class='ocrx_word' id='word_1_193' title='bbox 1285 3759 1397 3823; x_wconf 89' lang='lat' dir='ltr'><strong>hausti.</strong></span> 
     </span>
    </p>

    <p class='ocr_par' dir='ltr' id='par_1_10' title="bbox 511 3875 1524 4556">
     <span class='ocr_line' id='line_1_27' title="bbox 559 3875 1518 3963; baseline -0.017 -10"><span class='ocrx_word' id='word_1_194' title='bbox 559 3893 608 3953; x_wconf 83' lang='grc'><strong>15.</strong></span> <span class='ocrx_word' id='word_1_195' title='bbox 644 3889 804 3963; x_wconf 80' lang='grc' dir='ltr'><em>ίλοίσιοομοιι</em></span> <span class='ocrx_word' id='word_1_196' title='bbox 832 3886 943 3950; x_wconf 87' lang='lat' dir='ltr'><strong>habere</strong></span> <span class='ocrx_word' id='word_1_197' title='bbox 966 3884 1045 3947; x_wconf 88' lang='lat' dir='ltr'><strong>solet</strong></span> <span class='ocrx_word' id='word_1_198' title='bbox 1068 3882 1291 3955; x_wconf 86' lang='lat' dir='ltr'><strong>accusativum,</strong></span> <span class='ocrx_word' id='word_1_199' title='bbox 1317 3877 1402 3941; x_wconf 89' lang='lat' dir='ltr'><strong>velut</strong></span> <span class='ocrx_word' id='word_1_200' title='bbox 1425 3875 1518 3939; x_wconf 88' lang='lat' dir='ltr'><strong>Hom.</strong></span> 
     </span>
     <span class='ocr_line' id='line_1_28' title="bbox 511 3993 1522 4086; baseline -0.017 -15"><span class='ocrx_word' id='word_1_201' title='bbox 511 4008 549 4072; x_wconf 87' lang='lat' dir='ltr'><strong>Il.</strong></span> <span class='ocrx_word' id='word_1_202' title='bbox 573 4007 590 4070; x_wconf 93' lang='lat' dir='ltr'><strong>I</strong></span> <span class='ocrx_word' id='word_1_203' title='bbox 613 4010 679 4070; x_wconf 89' lang='grc'><strong>444</strong></span> <span class='ocrx_word' id='word_1_204' title='bbox 701 4005 765 4086; x_wconf 74' lang='grc' dir='ltr'><strong>ὄφρ’</strong></span> <span class='ocrx_word' id='word_1_205' title='bbox 788 4003 972 4077; x_wconf 73' lang='grc' dir='ltr'><em>ι’λοισίμεσθοι</em></span> <span class='ocrx_word' id='word_1_206' title='bbox 995 4000 1123 4065; x_wconf 80' lang='grc' dir='ltr'><em>ίινοιιιτιι.</em></span> <span class='ocrx_word' id='word_1_207' title='bbox 1159 3998 1273 4062; x_wconf 81' lang='lat' dir='ltr'><strong>Tamen</strong></span> <span class='ocrx_word' id='word_1_208' title='bbox 1297 3994 1380 4079; x_wconf 90' lang='lat' dir='ltr'><strong>apud</strong></span> <span class='ocrx_word' id='word_1_209' title='bbox 1400 3993 1522 4057; x_wconf 84' lang='lat' dir='ltr'><strong>Plutar-</strong></span> 
     </span>
     <span class='ocr_line' id='line_1_29' title="bbox 511 4110 1521 4208; baseline -0.016 -19"><span class='ocrx_word' id='word_1_210' title='bbox 511 4126 617 4201; x_wconf 90' lang='lat' dir='ltr'><strong>chum,</strong></span> <span class='ocrx_word' id='word_1_211' title='bbox 643 4124 759 4208; x_wconf 90' lang='lat' dir='ltr'><strong>Poplic.</strong></span> <span class='ocrx_word' id='word_1_212' title='bbox 784 4126 825 4185; x_wconf 77' lang='lat'><strong>21</strong></span> <span class='ocrx_word' id='word_1_213' title='bbox 850 4122 981 4206; x_wconf 80' lang='lat' dir='ltr'><strong>legimus</strong></span> <span class='ocrx_word' id='word_1_214' title='bbox 1004 4120 1037 4183; x_wconf 76' lang='grc' dir='ltr'><strong>ἐκ</strong></span> <span class='ocrx_word' id='word_1_215' title='bbox 1059 4125 1115 4183; x_wconf 80' lang='grc' dir='ltr'><strong>τῶν</strong></span> <span class='ocrx_word' id='word_1_216' title='bbox 1138 4114 1320 4193; x_wconf 71' lang='grc' dir='ltr'><strong>Σιβυλλείων</strong></span> <span class='ocrx_word' id='word_1_217' title='bbox 1342 4110 1521 4186; x_wconf 81' lang='grc' dir='ltr'><em>ἱλοισοίμενος</em></span> 
     </span>
     <span class='ocr_line' id='line_1_30' title="bbox 511 4226 1521 4324; baseline -0.019 -16"><span class='ocrx_word' id='word_1_218' title='bbox 511 4245 552 4324; x_wconf 78' lang='grc' dir='ltr'><strong>τῷ</strong></span> <span class='ocrx_word' id='word_1_219' title='bbox 580 4243 677 4324; x_wconf 65' lang='grc' dir='ltr'><em>Ἅιδῃ.</em></span> <span class='ocrx_word' id='word_1_220' title='bbox 724 4241 884 4304; x_wconf 87' lang='lat' dir='ltr'><strong>Praeterea</strong></span> <span class='ocrx_word' id='word_1_221' title='bbox 915 4236 995 4322; x_wconf 88' lang='lat' dir='ltr'><strong>apud</strong></span> <span class='ocrx_word' id='word_1_222' title='bbox 1028 4234 1210 4298; x_wconf 86' lang='lat' dir='ltr'><strong>Pausaniam</strong></span> <span class='ocrx_word' id='word_1_223' title='bbox 1241 4231 1277 4294; x_wconf 90' lang='lat' dir='ltr'><strong>L.</strong></span> <span class='ocrx_word' id='word_1_224' title='bbox 1307 4230 1342 4293; x_wconf 90' lang='lat' dir='ltr'><strong>H</strong></span> <span class='ocrx_word' id='word_1_225' title='bbox 1368 4228 1404 4293; x_wconf 79' lang='grc' dir='ltr'><strong>Ο.</strong></span> <span class='ocrx_word' id='word_1_226' title='bbox 1429 4226 1477 4291; x_wconf 92' lang='lat' dir='ltr'><strong>XI</strong></span> <span class='ocrx_word' id='word_1_227' title='bbox 1502 4229 1521 4287; x_wconf 84' lang='grc' dir='ltr'>θ</span> 
     </span>
     <span class='ocr_line' id='line_1_31' title="bbox 513 4346 1523 4442; baseline -0.017 -18"><span class='ocrx_word' id='word_1_228' title='bbox 513 4356 535 4442; x_wconf 77' lang='grc' dir='ltr'><strong><em>ᾧ</em></strong></span> <span class='ocrx_word' id='word_1_229' title='bbox 563 4360 587 4423; x_wconf 72' lang='grc' dir='ltr'><strong>δ’</strong></span> <span class='ocrx_word' id='word_1_230' title='bbox 610 4360 646 4425; x_wconf 80' lang='grc' dir='ltr'><strong>ίιν</strong></span> <span class='ocrx_word' id='word_1_231' title='bbox 669 4360 794 4423; x_wconf 81' lang='grc' dir='ltr'><em>ἕντοιῖιίοι</em></span> <span class='ocrx_word' id='word_1_232' title='bbox 816 4355 923 4421; x_wconf 83' lang='grc' dir='ltr'><em>τούτων</em></span> <span class='ocrx_word' id='word_1_233' title='bbox 947 4353 1106 4418; x_wconf 85' lang='grc' dir='ltr'><em>ίλοίσοισίοιι</em></span> <span class='ocrx_word' id='word_1_234' title='bbox 1129 4351 1234 4431; x_wconf 67' lang='grc' dir='ltr'><em>θελήσῃ</em></span> <span class='ocrx_word' id='word_1_235' title='bbox 1256 4372 1317 4419; x_wconf 70' lang='lat' dir='ltr'><strong>rte:</strong></span> <span class='ocrx_word' id='word_1_236' title='bbox 1343 4346 1398 4432; x_wconf 89' lang='lat' dir='ltr'><strong>qui</strong></span> <span class='ocrx_word' id='word_1_237' title='bbox 1420 4352 1523 4409; x_wconf 90' lang='lat' dir='ltr'><strong>tamen</strong></span> 
     </span>
     <span class='ocr_line' id='line_1_32' title="bbox 513 4461 1524 4556; baseline -0.017 -14"><span class='ocrx_word' id='word_1_238' title='bbox 513 4477 600 4543; x_wconf 88' lang='lat' dir='ltr'><strong>loeus</strong></span> <span class='ocrx_word' id='word_1_239' title='bbox 623 4498 685 4541; x_wconf 90' lang='lat' dir='ltr'><strong>non</strong></span> <span class='ocrx_word' id='word_1_240' title='bbox 709 4484 790 4539; x_wconf 86' lang='lat' dir='ltr'><strong>caret</strong></span> <span class='ocrx_word' id='word_1_241' title='bbox 813 4475 860 4539; x_wconf 89' lang='lat' dir='ltr'><strong>vel</strong></span> <span class='ocrx_word' id='word_1_242' title='bbox 882 4470 1104 4556; x_wconf 89' lang='lat' dir='ltr'><strong>interpretandi</strong></span> <span class='ocrx_word' id='word_1_243' title='bbox 1129 4468 1175 4531; x_wconf 93' lang='lat' dir='ltr'><strong>vel</strong></span> <span class='ocrx_word' id='word_1_244' title='bbox 1197 4467 1325 4532; x_wconf 85' lang='lat' dir='ltr'><strong>fortasse</strong></span> <span class='ocrx_word' id='word_1_245' title='bbox 1341 4461 1524 4528; x_wconf 88' lang='lat' dir='ltr'><strong>emendandi</strong></span> 
     </span>
    </p>
   </div>
   <div class='ocr_carea' id='block_1_5' title="bbox 0 0 1898 5534">
    <p class='ocr_par' dir='ltr' id='par_1_11' title="bbox 0 0 1898 5534">
     <span class='ocr_line' id='line_1_33' title="bbox 0 0 1898 5534; baseline 0 0"><span class='ocrx_word' id='word_1_246' title='bbox 0 0 1898 5534; x_wconf 95' lang='lat' dir='ltr'><strong> </strong></span> 
     </span>
    </p>
   </div>
  </div>
 </body>
</html>
