3767 5534
887 736 906 795 9

430 934 503 996 Alio
526 934 594 998 loco
617 933 721 1018 attigit
744 933 896 998 Pindarus
920 943 951 997 et
974 933 1170 1009 memoravit,
1196 932 1279 1015 quod
1302 932 1403 996 luerat

381 1053 577 1118 sermonibus
612 1062 823 1143 usurpatum,
846 1053 1012 1117 Herculem
1044 1053 1188 1116 adversus
1221 1050 1403 1135 Neptunum

382 1172 503 1235 clavam
527 1173 679 1255 quassisse
701 1172 860 1257 manibus,
880 1195 978 1256 quum
999 1171 1079 1236 circa
1098 1171 1208 1255 Pylum
1229 1178 1313 1233 stans
1334 1191 1403 1232 eum

383 1290 602 1374 aggrederetur
621 1288 803 1376 Neptunus,
825 1290 1042 1374 aggrederetur
1062 1291 1152 1353 etiam
1170 1296 1314 1374 argenteo
1331 1310 1403 1352 arou

382 1432 527 1495 pugnans
558 1408 689 1493 Apollo,
720 1431 776 1473 nec
807 1408 899 1472 Pluto
929 1408 1087 1472 immotam
1118 1415 1236 1471 teneret
1266 1407 1402 1491 virgam,

385 1553 449 1614 qua
472 1529 598 1593 deducit
620 1530 652 1593 in
676 1551 780 1593 cavam
800 1529 881 1592 viam
900 1528 1036 1593 humana
1056 1550 1182 1614 corpora
1201 1534 1405 1591 mortuorum.

385 1648 446 1712 Sed
477 1656 601 1713 revocat
627 1671 659 1712 se
686 1648 833 1712 continuo
857 1656 887 1711 et
911 1647 1078 1711 exclamat:
1103 1646 1238 1732 „abjice,
1264 1667 1281 1708 o
1304 1666 1407 1708 meum

385 1790 437 1846 os,
458 1790 628 1831 sermonem
647 1766 759 1845 istum,
781 1766 1034 1852 quandoquidem
1055 1764 1236 1830 maledicere
1255 1764 1323 1827 Diis
1344 1762 1409 1826 odi·

385 1909 441 1950 osa
470 1885 620 1971 sapientia
652 1893 698 1950 est
721 1894 752 1949 et
772 1886 899 1971 jactatio
922 1885 1136 1970 intempestiva
1159 1889 1306 1947 consonat
1329 1882 1408 1945 insa-

383 2005 465 2068 niae.
511 2003 562 2068 Ne
592 2027 675 2069 nunc
706 2005 849 2089 nugeriS,
882 2027 961 2089 quae
992 2004 1054 2067 sint
1086 2002 1255 2088 ejusmodi:
1280 2002 1407 2086 sejunge

384 2124 503 2188 bellum
527 2146 725 2209 pugnamque
748 2146 870 2187 omnem
894 2123 932 2187 ab
956 2121 1213 2187 immortalibus.”
1228 2122 1251 2203 ¹)
1293 2119 1408 2183 Fuerat

384 2250 490 2307 autem
525 2242 691 2320 traditum,
727 2242 825 2305 eidem
860 2241 976 2327 proelio
1011 2240 1187 2305 interfuisse
1218 2238 1407 2315 Minervam,

385 2362 583 2447 adjutricem·
600 2362 749 2439 Herculi3
767 2363 792 2446 2)
820 2382 892 2446 ergo
916 2362 1012 2425 luisse
1034 2361 1114 2425 inter
1138 2362 1220 2445 ipsos
1243 2359 1325 2423 Deos
1349 2380 1411 2421 cer-

384 2492 504 2546 tamen:
526 2475 699 2567 cujusmodi
719 2481 921 2545 certaminum
942 2480 1053 2565 plenus
1074 2478 1228 2543 Homerus
1250 2484 1309 2555 est,
1327 2477 1411 2562 pleni

383 2607 494 2685 poetae
513 2599 638 2684 reliqui:
660 2599 714 2692 sed
734 2599 863 2684 indigna
882 2599 950 2662 Diis
963 2599 1084 2684 judicat
1098 2598 1260 2661 Pindarus.
1292 2596 1409 2660 Verum

385 2720 454 2804 ejus
475 2718 585 2804 judicii
609 2741 701 2782 causa
724 2719 817 2784 simul
840 2719 899 2783 hoc
923 2720 992 2783 loco
1015 2704 1217 2803 intelligitur,
1242 2718 1356 2803 pariter
1375 2717 1407 2780 in

359 2885 365 2890 ·
385 2837 571 2902 verecundia
594 2847 625 2902 et
644 2839 795 2903 modestia
815 2840 928 2924 posita:
951 2839 1088 2903 odiosam
1108 2838 1288 2923 sapientiam
1309 2860 1405 2921 quum

384 2956 488 3035 dicat,
513 2958 539 3021 si
562 2958 631 3041 quis
654 2957 724 3022 Diis
747 2958 925 3037 maledicat,
951 2958 1118 3043 sapientiae
1141 2957 1332 3020 affectatione
1357 2979 1406 3020 su-

385 3075 483 3161 perba
510 3076 542 3140 id
570 3077 635 3140 fieri
658 3076 754 3141 solere
778 3077 913 3141 ostendit
937 3086 967 3141 et
991 3076 1134 3141 efferendi
1159 3100 1190 3141 se
1214 3075 1336 3154 studio,
1360 3075 1406 3139 id-

385 3197 470 3259 circo
495 3197 586 3261 etiam
609 3197 855 3282 intempestivam
872 3197 1070 3282 jactationem
1091 3195 1266 3281 appellans,
1287 3199 1406 3276 καυχᾶ-

384 3316 453 3379 σθαι
490 3316 572 3395 παρὰ
606 3316 716 3396 aatpo'v:
752 3316 852 3381 dicere
887 3323 1007 3393 autem,
1044 3314 1227 3393 Herculem,
1267 3314 1407 3398 quamvis

385 3433 590 3498 fortissimum
621 3434 719 3498 virum
752 3442 784 3498 et
814 3434 937 3498 heroem
966 3432 1280 3519 praestantissimum,
1305 3441 1407 3496 tamen
1469 3491 1471 3496 ,

385 3552 525 3615 humano
557 3553 707 3636 sanguine
738 3561 873 3631 cretum,
898 3552 967 3617 Diis
991 3576 1094 3638 parem
1118 3552 1211 3616 fuisse
1235 3553 1267 3615 in
1291 3551 1408 3637 proelio

386 3680 419 3733 ct
444 3669 589 3734 adversus
613 3693 664 3734 eos
687 3672 803 3735 clavam
827 3680 954 3756 quatere
978 3672 1131 3757 potuisse,
1153 3670 1211 3734 hoc
1231 3670 1298 3734 Diis
1318 3669 1409 3735 male-

296 3822 301 3830 ·
387 3789 490 3853 dicere
514 3798 578 3853 erat
601 3798 632 3853 et
654 3791 809 3854 hominem
834 3791 1009 3856 dedecebat.

433 3909 582 3994 Exempla
604 3910 680 3974 haec
703 3910 765 3974 duo
790 3911 993 3996 protulimus,
1018 3912 1049 3977 in
1074 3910 1187 3996 quibus
1212 3910 1309 3994 digito
1329 3932 1409 3973 com-

385 4029 622 4094 monstrandum
653 4030 780 4094 Pindari
811 4031 951 4095 studium
976 4041 1040 4096 erat
1064 4031 1231 4095 sententiae
1254 4029 1407 4107 melioris,

385 4322 440 4367 rata
464 4323 516 4377 est,
540 4318 587 4367 alio
611 4320 665 4368 loco
689 4320 830 4371 referemus.
865 4321 980 4371 Ceterum
1004 4321 1103 4370 Pindari
1126 4321 1269 4370 senteutiam
1292 4319 1408 4383 expressit

386 4412 531 4476 Euripides,
550 4414 630 4479 Iphiq.
647 4414 673 4462 in
694 4416 765 4465 Taar.
783 4416 839 4465 386.

421 4510 445 4570 l)
465 4510 501 4559 02.
520 4511 567 4561 ΙΧ.
587 4512 617 4559 54
634 4526 696 4579 seqq.
764 4512 788 4573 2)
806 4512 877 4564 Cous.
893 4514 1017 4563 annotatio
1033 4518 1115 4562 noma
1131 4513 1165 4561 ad
1184 4514 1220 4563 Ol.
1238 4514 1279 4563 ῙΧ
1301 4513 1342 4565 43.
