3767 5534
906 733 970 796 433

432 938 582 1015 hollonia,
606 936 780 1022 pariterque
804 935 835 999 in
860 934 976 998 scholio
998 942 1113 1011 vetere,
1133 933 1184 997 sed
1203 934 1233 997 in
1251 934 1308 998 hoo
1325 933 1449 1020 quidem

432 1056 463 1121 id
494 1078 606 1120 nomen
630 1078 647 1118 a
670 1054 826 1118 Boeckhio
850 1053 1098 1138 praetermissum
1122 1065 1184 1129 est,
1210 1052 1281 1135 quia
1305 1052 1391 1115 abest
1415 1054 1447 1116 in

432 1173 500 1237 cod.
532 1172 619 1236 Urat.
656 1174 697 1249 A,
730 1179 760 1235 et
792 1172 863 1255 quia
894 1180 924 1234 et
951 1171 1016 1255 ipse
1040 1182 1070 1234 et
1094 1168 1283 1247 Muellerus,
1311 1172 1449 1255 Aeginet.

432 1314 462 1376 p.
497 1292 578 1367 157,
610 1311 671 1353 non
703 1296 774 1352 ante
801 1289 1013 1373 imperatorem
1041 1286 1236 1351 Hadrianum
1260 1310 1295 1351 ea
1318 1287 1451 1352 Athenis

433 1407 584 1472 celebrata
613 1406 707 1470 luisse
740 1405 932 1469 existimant:
962 1426 1053 1487 quam
1078 1402 1218 1487 equidem
1243 1406 1451 1487 quaestionem

433 1525 571 1590 nrrndum
595 1523 741 1609 dijudico.
781 1523 890 1587 Exstat
912 1524 943 1587 in
966 1522 1223 1607 Inscriptionibus
1239 1522 1321 1606 apud
1338 1522 1453 1587 Boeok·

434 1644 521 1708 hium
551 1645 613 1708 247
646 1644 849 1722 Πανελλήνια,
878 1651 909 1705 et
940 1643 1023 1705 1068
1048 1642 1235 1716 nuvelariam
1258 1644 1286 1706 ἕν
1309 1642 1453 1717 Ἀθήναις.

482 1764 555 1825 152.
591 1761 683 1845 Argis
708 1760 825 1826 ahenea
847 1761 982 1845 praemia
1005 1760 1077 1823 data
1099 1760 1211 1837 luisse,
1236 1767 1266 1824 et
1290 1760 1454 1824 certamina

435 1878 518 1943 dicta
540 1879 634 1942 luisse
657 1878 776 1943 Heraea
800 1878 966 1963 eademque
991 1878 1232 1957 Hecatombaea,
1257 1884 1302 1943 est
1321 1879 1353 1942 in
1369 1878 1454 1941 scho-

434 1997 494 2061 liis.
542 1995 630 2060 Conf.
653 1995 682 2060 J.
708 1996 751 2061 H.
776 1996 917 2074 Kranae,
940 1997 989 2061 die
1006 1996 1190 2081 Gymnastik
1206 1996 1271 2060 und
1288 1996 1452 2080 Agonistik

436 2114 491 2179 der
514 2114 684 2193 Hellenen,
709 2114 799 2201 Hp.
826 2118 900 2181 701.

437 2286 440 2291 .
484 2236 556 2298 154.
599 2232 682 2314 ἔργα.
726 2233 911 2311 Dubitatnr,
945 2240 1049 2298 utrum
1078 2234 1288 2317 significentur
1320 2234 1455 2318 praemia

435 2373 529 2415 manu
560 2361 590 2415 et
618 2359 681 2415 arte
708 2351 806 2429 lacta,
831 2374 869 2414 an
893 2352 960 2436 ipsa
983 2351 1165 2415 certamina:
1191 2351 1342 2435 posterius
1367 2351 1455 2414 unice

437 2492 543 2534 verum
572 2469 678 2533 credo:
712 2469 818 2533 eodem
841 2469 932 2533 modo
957 2470 1038 2551 ἔργον
1062 2470 1187 2554 ponitur
1210 2467 1260 2532 Ol.
1285 2468 1368 2533 VIII
1393 2472 1453 2547 24,

436 2585 484 2651 IX
511 2589 572 2653 lar
584 2636 593 2664 ,
619 2587 649 2649 Χ
675 2590 726 2652 75.
763 2587 802 2651 ln
827 2587 959 2651 Arcadia
982 2587 1148 2651 clarissima
1164 2586 1248 2651 fuere
1263 2586 1399 2671 Lycaeo,
1417 2587 1455 2650 de

437 2703 550 2788 quibus
573 2706 719 2769 memoria
742 2712 788 2767 est
811 2703 861 2769 Ol.
886 2704 935 2767 IX
963 2708 1040 2783 145,
1065 2704 1149 2768 XIII
1172 2707 1244 2767 153.
1277 2705 1379 2768 Etiam
1396 2705 1456 2768 alia

386 2879 391 2886 .
437 2824 603 2886 certamina
626 2821 775 2886 Arcadica
797 2823 831 2886 in
856 2822 981 2886 scholiis
1006 2822 1043 2885 ad
1068 2823 1098 2885 h.
1123 2821 1387 2886 lymemorantur.

484 2942 557 3003 154.
593 2940 722 3017 Θήβαις.
747 2939 785 3003 In
805 2939 979 3018 Heraelcis,
997 2939 1104 3003 iisdem
1121 2939 1233 3004 Iolaeis
1250 2939 1357 3003 dictis:
1376 2939 1455 3003 conf.

438 3055 489 3120 Ol.
514 3056 562 3119 IX
588 3059 663 3121 149.

485 3176 558 3237 155.
595 3173 726 3240 Βοιώτιοι.
756 3173 793 3237 In
814 3173 942 3237 Boeotia
958 3182 1165 3237 memorantur
1180 3174 1212 3237 in
1228 3172 1352 3237 scholiis
1367 3173 1456 3237 haec:

437 3291 579 3377 Thespiis
602 3291 709 3356 Erotia
733 3292 779 3356 vel
804 3292 962 3369 Erotidia,
988 3315 1066 3376 quac
1091 3294 1182 3356 etiam
1206 3299 1413 3356 memorantur
1441 3314 1457 3355 a

437 3410 591 3474 Pausania
612 3410 649 3473 L.
675 3410 722 3473 IX
746 3409 782 3474 C.
807 3410 900 3474 XXX
924 3414 962 3487 3,
981 3418 1011 3473 et
1027 3409 1109 3495 apud
1127 3410 1321 3474 Athenaeum
1336 3409 1372 3473 L.
1393 3409 1459 3473 XII

441 3531 521 3592 561:
564 3526 697 3590 Plataeis
737 3528 932 3604 Eleutheria,
969 3527 1001 3589 in
1034 3528 1210 3590 memoriam
1245 3528 1389 3591 victoriae
1420 3526 1458 3589 de

438 3645 539 3709 Medis
555 3653 726 3730 reportatae
742 3646 901 3711 instituta:
916 3643 1014 3729 Oropi
1027 3643 1240 3728 Amphiaraia:
1254 3644 1345 3708 Delia
1356 3644 1456 3708 Delii:

439 3761 561 3825 tandem
597 3760 757 3825 Lebadeae
791 3761 968 3845 Ihophonia
1003 3760 1051 3825 vel
1082 3760 1213 3825 Basilia:
1247 3783 1325 3845 quae
1356 3769 1459 3824 tamen

439 3879 589 3963 Diagorae
613 3886 711 3942 aetate
734 3879 902 3963 posteriora
925 3878 1108 3942 fuisserecte
1132 3878 1267 3942 ostendit
1283 3878 1458 3941 Boechhius

440 4018 476 4059 ex
500 3995 636 4059 Diodoro
660 3994 763 4059 Siculo
786 3994 822 4059 L.
847 3995 908 4058 XV
931 3994 966 4059 O.
994 3999 1044 4060 53.
1078 3994 1157 4060 Nam
1184 4004 1254 4080 post
1269 3994 1460 4058 Leuctricam

442 4135 575 4197 pugnam
598 4114 742 4177 instituta
766 4121 839 4177 sunt
861 4113 930 4176 Jovi
954 4121 1084 4179 Barcaei.

490 4233 563 4294 156.
598 4230 716 4308 nterea.
751 4232 982 4295 Praetermissae
997 4232 1031 4295 in
1047 4230 1277 4294 enumeratione
1293 4230 1461 4314 copiosiore

443 4348 571 4433 copulae
602 4349 740 4433 exempla
767 4356 849 4412 recte
881 4349 1050 4412 afferuntur
1082 4348 1278 4412 aB0echhio
1302 4346 1395 4410 Hom.
1419 4346 1459 4410 Il.

444 4466 480 4528 Il
505 4468 567 4528 559

1303 4585 1338 4637 28
