3767 5534
758 1723 1094 1780 OATMHIA.

840 1942 951 1981 nicos
977 1931 1017 1981 m'.

531 2127 867 2199 Azonnxm
905 2094 1336 2200 onxomnnms

784 2361 893 2413 ΠΑΙΔΙ
911 2361 1080 2413 ΣΤΑΔΙΕΙ.

852 2636 1025 2659 dnum»-

807 2879 844 2935 Σ.
868 2870 908 2935 oc‘.
955 2879 990 2935 K.
1014 2870 1060 2944 ιη’.

699 2988 851 3069 Καφισίων
874 2986 985 3052 ὑδάτων
1007 2993 1152 3067 λαχοῖσαι

467 3167 497 3214 In
527 3166 683 3231 inscriptione
712 3167 784 3217 habet
814 3167 881 3218 Uret.
911 3167 932 3216 B
958 3169 1046 3220 σταδιεῑ
1070 3168 1134 3219 παιδὶ
1159 3168 1289 3230 Κλεοδάμου
1313 3175 1391 3224 ossae.
1417 3173 1446 3231 ος

432 3265 570 3327 ὀλυμπιάδα.
594 3263 688 3313 Similia
704 3264 781 3313 Aldus
797 3267 821 3313 et
838 3265 885 3313 Ms.
902 3264 981 3314 Bodl..
998 3264 1050 3313 Pol.
1068 3264 1087 3313 G
1105 3269 1185 3312 cetera
1201 3262 1265 3312 hand
1282 3262 1445 3322 dissimiliter,

432 3360 473 3409 sed
496 3359 542 3421 oq'.
578 3360 687 3409 Eundem
708 3375 834 3409 numerum
858 3359 975 3423 scriptum
991 3374 1042 3408 esse
1059 3358 1118 3408 dicit
1135 3357 1272 3408 Boeckhins
1288 3357 1314 3407 in
1333 3359 1400 3407 Gott.
1418 3360 1445 3407 ct

434 3456 489 3506 Per.
506 3456 536 3504 A.
562 3454 757 3519 Inscriptioncm,
775 3459 804 3505 ut
820 3455 977 3505 Schneiderus
995 3456 1112 3514 affirmat,
1131 3454 1224 3504 omittit
1236 3453 1305 3503 Uret.
1318 3455 1354 3514 A,
1366 3453 1446 3503 sedin

434 3552 481 3600 fine
497 3550 609 3600 carminis
626 3550 697 3599 habet
713 3553 781 3614 ὕμνου
797 3554 860 3608 τέλος
875 3555 976 3602 cadaloo
995 3556 1140 3621 ὀρχομινὶωι
1158 3549 1248 3614 alioqui
1264 3553 1344 3599 tamen
1363 3550 1446 3599 necin

434 3646 507 3695 titulo
523 3662 567 3695 nec
584 3662 619 3695 vs.
636 3646 667 3695 25
685 3646 734 3695 nlla
750 3649 799 3705 est,
817 3649 932 3710 qnantum
950 3647 1013 3705 scio,
1031 3646 1056 3694 in
1074 3645 1171 3695 nomine
1187 3644 1320 3709 scripturae
1337 3644 1448 3694 vanietas.

466 3740 605 3791 Editoribus
625 3741 798 3791 recentioribus
820 3742 850 3790 ad
868 3741 1002 3791 universam
1021 3743 1152 3791 metrorum
1169 3740 1268 3790 Pindari
1285 3739 1447 3790 mutationem

434 3836 461 3886 in
484 3838 529 3887 hoc
551 3837 646 3901 qnidam
669 3836 774 3886 carmine
796 3852 882 3900 magas
904 3836 1013 3886 mutendi
1031 3852 1102 3885 cansa
1119 3835 1233 3895 accessit,
1250 3835 1315 3899 qnod
1332 3834 1446 3900 strophae

435 3932 498 3981 inter
522 3948 547 3980 se
571 3947 619 3980 non
645 3931 814 3981 convenirent:
840 3935 864 3980 et
881 3931 1023 3980 scholiastae
1040 3931 1123 3981 dicunt
1140 3947 1190 3981 esso
1207 3929 1443 3994 monostrophicum‚

435 4028 473 4077 vel
489 4026 570 4091 potius
586 4025 677 4075 duabus
694 4029 803 4075 constare
820 4025 926 4090 strophis
943 4027 1136 4092 monostnophis:
1156 4026 1193 4076 illi
1211 4042 1268 4076 vcro
1285 4025 1446 4090 antistrophi·

436 4139 491 4173 cum
508 4137 559 4171 esse
576 4120 671 4172 volunt.

470 4219 492 4267 l.
518 4220 638 4284 nepesino.
671 4216 741 4266 Uret.
758 4219 780 4268 Α
797 4220 822 4266 el
838 4217 893 4269 ΑΜ.
909 4222 1035 4283 Καφησίων.

470 4313 493 4362 l.
518 4316 633 4377 λαχοῖσαι.
666 4312 706 4361 Sic
722 4311 828 4362 Urat.·B
845 4315 870 4360 et
886 4312 941 4361 Ald.
975 4313 1005 4362 ln
1023 4313 1076 4362 aliis
1093 4315 1213 4377 postrema
1229 4310 1319 4375 syllaba
1335 4310 1360 4358 in
1374 4323 1445 4358 versu

437 4407 541 4456 secundo
557 4406 664 4471 ponitur.
698 4406 833 4458 Boeclnhins
850 4406 925 4457 edidit
942 4411 1065 4476 λαχοῖσαν,
1084 4413 1108 4458 ei-
1126 4408 1160 4458 ita
1178 4406 1293 4473 scriptum
1309 4421 1360 4455 esso
1373 4404 1450 4458 credit

440 4502 465 4552 in
483 4502 545 4552 Vnt:
563 4501 712 4567 Hartungius
728 4503 798 4554 finxit
814 4508 940 4557 θάλλοισαν.
