3767 5534
530 913 569 979 V.
594 918 657 979 305

518 1095 521 1102 .
807 1034 903 1113 βάλεν
926 1036 1041 1101 Αἰνείκο
1066 1037 1136 1101 κατ’
1159 1039 1264 1118 ἰσχίον·

531 1161 562 1217 et
585 1153 697 1218 similia
719 1152 772 1217 ΙΙΙ
795 1157 878 1232 356,
903 1153 933 1215 V
958 1158 1041 1234 281,
1066 1154 1131 1220 VII
1155 1158 1237 1235 250,
1263 1155 1358 1221 XVII
1383 1159 1465 1235 517,
1483 1157 1548 1221 XX

532 1275 606 1338 274.
654 1272 777 1353 Quibus
812 1273 888 1338 locis
919 1275 1073 1359 genitivus
1104 1275 1236 1361 pendere
1266 1283 1369 1362 potest
1399 1275 1437 1341 ab
1468 1278 1550 1341 inse-

532 1399 645 1477 quente
665 1393 858 1457 substantivo
878 1393 1024 1479 adjuncto
1043 1396 1278 1480 praepositioni,
1293 1395 1490 1481 quomodoV
1505 1399 1547 1459 16

641 1512 783 1577 Τυδεΐδεω
807 1512 832 1576 δ’
856 1514 924 1594 ὑπὲρ
948 1509 1024 1591 ὦμον
1046 1514 1192 1596 ἀριστερὸν
1217 1514 1297 1590 ἤλυθ’
1320 1515 1430 1591 ἀκωκή.

530 1631 748 1697 Verumtamen
772 1632 853 1717 apud
877 1633 1009 1697 eundem
1034 1641 1079 1697 est
1102 1633 1141 1698 V.
1169 1636 1230 1697 145

665 1751 713 1816 τὸν
735 1752 789 1829 μὲν
812 1752 880 1832 ὑπὲρ
903 1752 1007 1835 μαζοῖο
1029 1753 1132 1831 βκλὼν
1155 1754 1304 1834 χαλκήρεϊ
1325 1753 1408 1834 δουρί·

531 1872 592 1936 537

596 1989 645 2053 τόν
667 1992 703 2070 ῥκ
725 1989 794 2055 κατ’
817 1990 929 2055 νὶσνείδνι
950 1990 1021 2072 δουρὶ
1044 1990 1125 2069 βάλε
1148 1993 1245 2073 κρείων
1268 1990 1481 2069 Ἀγαμέμνων·

530 2116 560 2172 et
592 2109 702 2173 similia
731 2108 778 2172 IV
803 2112 885 2188 459,
910 2113 992 2190 480,
1018 2114 1102 2191 492,
1129 2114 1211 2190 501,
1239 2113 1320 2189 527,
1346 2110 1393 2174 VI
1417 2114 1457 2194 9,
1483 2110 1551 2175 VII

533 2231 591 2307 ll,
618 2231 759 2294 14-17.

572 2346 660 2427 Quae
697 2347 821 2432 quidem
858 2348 997 2434 exempla
1033 2372 1130 2433 quum
1168 2349 1301 2414 habeant
1336 2348 1550 2414 accusativum

530 2465 621 2530 verbo
644 2465 771 2544 βάλλειν
795 2466 934 2531 additum
960 2476 1106 2552 sequente
1130 2467 1341 2544 substantivo,
1366 2489 1429 2553 quo
1453 2467 1549 2552 signi·

529 2584 635 2648 ficetur
664 2607 733 2669 pars
764 2608 815 2663 ea,
848 2609 909 2670 qua
940 2586 1051 2671 aliquis
1082 2593 1183 2652 tactus
1215 2587 1273 2652 sit:
1305 2586 1390 2650 haud
1412 2585 1548 2651 absurde

532 2702 608 2765 mihi
631 2702 813 2787 persuadere
836 2703 958 2782 videor,
983 2705 1136 2789 prioribus
1159 2704 1235 2769 loeis
1251 2704 1423 2790 genitivum
1439 2704 1548 2769 eodem

533 2820 624 2883 modo
655 2821 787 2905 pendere
819 2845 836 2885 a
866 2822 959 2887 verbo
990 2823 1133 2902 Batanaia,
1167 2845 1229 2909 quo
1261 2823 1352 2888 modo
1376 2824 1425 2888 his
1449 2823 1489 2889 ab
1512 2845 1549 2888 eo

534 2939 666 3023 pendeat
688 2940 896 3005 accusativus:
918 2948 949 3005 et
961 2940 1132 3006 Homerum
1149 2942 1321 3027 promiscue
1337 2943 1549 3007 accusativum

534 3064 565 3120 et
587 3057 757 3141 genitivum
780 3058 807 3122 ei
831 3059 922 3123 verbo
942 3058 1127 3145 adjunxisse.
1152 3060 1329 3146 Utrumque
1352 3082 1422 3125 vero
1443 3082 1549 3125 casum

534 3177 676 3264 adjunxit
699 3176 727 3239 V
752 3180 792 3243 73

667 3298 715 3363 adu
738 3298 793 3376 μὲν
816 3298 958 3374 Φυλείδης
980 3299 1157 3379 δουρικλυτὸς
1181 3298 1306 3378 ἐγγύθεν
1329 3301 1415 3366 ἐλθὼν

668 3418 812 3496 βεβλήκει
836 3425 972 3500 κεφαλῆς
996 3419 1077 3484 κατὰ
1100 3418 1166 3484 ἰνίον
1189 3418 1251 3496 ὀξέϊ
1275 3419 1358 3502 δουρί·

535 3560 606 3601 nam
637 3537 760 3603 difficile
790 3561 862 3602 sane
890 3545 936 3604 cst
959 3539 1098 3617 credere,
1123 3540 1296 3624 genitivum
1318 3546 1455 3623 κεφαλῆς
1480 3560 1552 3623 pen·

536 3657 606 3722 dere
638 3657 676 3722 ab
707 3658 780 3724 utu.
828 3656 869 3720 Et
891 3680 959 3721 mea
982 3658 1134 3722 sententia
1161 3680 1197 3722 eo
1221 3658 1311 3722 etiam
1336 3657 1458 3722 videtur
1481 3679 1553 3721 con·

536 3776 667 3855 firmari,
708 3775 792 3861 quod
825 3776 858 3839 in
893 3775 961 3839 aliis
999 3776 1116 3855 verbis,
1156 3776 1270 3860 quibus
1305 3777 1338 3841 in
1371 3775 1551 3841 vulneribus

535 3896 695 3961 narrandis
730 3896 850 3972 utitur,
886 3895 913 3959 si
948 3895 1073 3980 quidem
1109 3918 1144 3959 ea
1180 3896 1389 3961 accusativum
1419 3902 1551 3980 regunt,

535 4040 624 4103 saepe
657 4039 726 4081 eum
761 4016 967 4081 accusativum
1000 4016 1107 4080 eodem
1141 4016 1233 4081 modo
1269 4016 1451 4102 praeponit,
1488 4037 1552 4080 uon

535 4159 606 4201 vero
638 4136 805 4221 genitivum
836 4158 1022 4221 praeponere
1050 4135 1145 4213 solet,
1171 4136 1225 4221 qui
1247 4135 1362 4221 pariter
1386 4156 1454 4198 cum
1480 4133 1552 4198 sub-

537 4256 670 4322 stantivo
686 4256 866 4341 insequente
883 4262 987 4341 posset
1005 4255 1165 4340 conjungi:
1183 4253 1360 4340 hujusmodi
1379 4252 1493 4318 suntV
1507 4255 1550 4316 45

624 4376 674 4441 τὸν
696 4375 751 4453 μὲν
773 4374 819 4455 ἄρ’
844 4375 1000 4453 Ἰδομενεὺς
1024 4374 1202 4454 δουρικλυτὸς
1225 4374 1316 4455 ἔγχεϊ
1335 4374 1437 4454 μκκρῷ

625 4494 701 4579 νύξ’,
726 4493 822 4560 ἵππων
844 4494 1055 4573 ἐπιβησόμενον
1062 4543 1072 4572 ,
1095 4493 1176 4559 κατὰ
1199 4491 1288 4571 δεξιὸν
1310 4487 1395 4570 ὦμον·
