3767 5534
920 699 962 757 64

431 898 492 961 alia
506 897 592 961 fortis
609 897 715 960 oratio.
752 898 851 981 Atque
866 898 1029 961 maximam
1045 898 1078 962 in
1095 898 1213 983 agendo
1229 897 1453 967 fortitudinem

431 1023 462 1079 ct
485 1016 621 1100 ingentia
636 1014 763 1079 laudum
786 1015 889 1079 studia
912 1016 1072 1081 excitavit:
1097 1016 1193 1102 ipsius
1217 1039 1305 1094 vcro,
1331 1016 1449 1101 quippe

431 1140 553 1219 poetae,
573 1134 671 1197 virtus
687 1134 824 1198 oratioue
840 1134 1064 1199 continebatur.
1101 1134 1190 1215 Quae
1206 1135 1331 1219 quidem
1347 1134 1448 1200 oratio

431 1276 523 1337 quam
538 1253 624 1317 fortis
641 1254 696 1330 sit,
713 1253 761 1317 vel
776 1253 898 1336 qualcm
915 1276 982 1318 eam
996 1255 1062 1340 ipse
1078 1277 1148 1318 essc-
1159 1261 1189 1318 et
1203 1253 1336 1318 volucrit
1346 1261 1379 1318 et
1391 1277 1447 1339 pu·

432 1373 557 1449 taverit,
574 1372 741 1436 scribemus
757 1380 876 1456 postca:
894 1394 978 1436 nuno
994 1394 1065 1435 raro
1081 1373 1140 1437 hoc
1155 1395 1332 1453 monemus,
1343 1395 1447 1438 rerum

433 1514 555 1570 aarum,
587 1513 717 1575 quarum
739 1490 808 1554 laus
831 1500 910 1556 osset
932 1493 1065 1556 maxima
1088 1499 1119 1556 ot
1142 1493 1180 1557 ab
1203 1492 1279 1577 ipsis
1301 1491 1372 1555 Diis
1396 1491 1448 1556 do

433 1616 506 1674 nata
527 1605 725 1687 mortalibus,
749 1615 851 1673 tamen
876 1632 947 1675 eum
970 1610 1103 1675 voluisse
1127 1609 1281 1695 quandam
1301 1632 1367 1674 csse
1386 1631 1449 1674 mo

434 1728 563 1793 destiam
594 1728 845 1813 praedicationis,
877 1734 1082 1807 metuentem,
1107 1752 1145 1793 ne
1169 1752 1204 1792 ea
1226 1729 1343 1807 oratio,
1368 1749 1448 1811 quac

433 1848 525 1912 rebus
551 1848 625 1932 ipsis
649 1846 889 1931 adaequaretur,
913 1847 1062 1912 invidiam
1085 1847 1221 1911 divinam
1244 1854 1349 1931 posset
1371 1846 1451 1910 cxci·

434 1973 508 2031 tare.
540 1965 636 2030 Velut
659 1966 796 2030 laudavit
820 1966 1036 2051 Xenophontis
1061 1965 1215 2031 Corinthii
1239 1965 1364 2030 domum
1370 2014 1379 2043 ,
1398 1965 1451 2029 tri·

434 2086 493 2149 bus
515 2084 712 2169 conspicuam
735 2085 869 2148 victoriis
893 2084 1062 2170 Olympiis:
1085 2107 1156 2170 ergo
1176 2084 1209 2148 in
1228 2091 1316 2148 tanta
1335 2105 1366 2146 rc
1387 2104 1452 2147 non

436 2211 537 2290 potest
563 2225 626 2266 non
653 2202 799 2267 audacter
821 2204 1042 2288 praestantiam
1065 2202 1235 2266 carminum
1259 2208 1382 2285 aptare:
1407 2200 1453 2285 ip

436 2324 500 2388 sius
535 2321 677 2386 Corinthi
711 2321 847 2406 insignes
881 2322 988 2386 laudes
1024 2321 1194 2407 praedicat:
1228 2320 1315 2404 atqui
1346 2318 1452 2384 addit:

576 2525 579 2530 ι
661 2439 752 2506 ‘v'rrar'
774 2442 839 2520 εὐρὺ
860 2438 1197 2518 ἀνάσσωνὈλυμπίας,

660 2558 821 2641 ἀφθόνητος
844 2561 961 2625 ἔπεσσιν

663 2678 753 2755 γένοιο
776 2676 874 2758 χρόνον
897 2674 1021 2742 ἅπαντα
1044 2682 1101 2741 Ζεῦ
1125 2674 1229 2755 πάτερ.

439 2790 566 2875 Suam
591 2798 642 2884 qua'
664 2798 726 2862 cao
748 2798 824 2879 rapio
853 2796 1032 2882 Olympiam,
1056 2818 1092 2859 nc
1115 2795 1246 2859 inuideas
1267 2793 1338 2855 meio
1361 2792 1457 2856 verbio

431 2940 491 3001 per
521 2939 601 2981 omae
624 2921 751 2998 tempus,
776 2938 793 2979 o
816 2914 933 2996 Jupiter
952 2919 1051 2996 pater.
1066 2913 1091 2996 ¹)
1137 2911 1187 2975 Sic
1211 2910 1337 2995 quidem
1360 2907 1458 2973 admi-

439 3035 570 3101 randum
592 3036 625 3099 in
648 3034 774 3098 modum
797 3032 851 3097 iile
873 3033 981 3096 vitavit

788 3150 869 3233 ὕβριν
891 3151 971 3229 κόρου

789 3272 905 3352 ματέρα
927 3270 1102 3349 θρασύμυθον

438 3394 621 3478 superbiam,
646 3415 720 3477 qaae
743 3392 889 3455 verboram
912 3389 1040 3453 audacio
1053 3388 1175 3473 fastum
1192 3386 1288 3467 parat.
1301 3383 1327 3466 2)

907 3626 924 3708 p
952 3627 981 3688 6.

846 3864 894 3925 De
921 3862 1041 3924 morico.

483 4100 622 4179 mosas,
647 4107 684 4163 ut
706 4098 796 4162 modo
821 4097 1015 4181 scripsimus,
1039 4092 1191 4157 Pindams
1216 4097 1262 4154 est
1284 4088 1454 4172 loquacita-

438 4226 501 4284 tem
532 4226 564 4283 ct
594 4217 784 4302 superbiam:
817 4215 870 4284 scd
901 4236 1003 4278 veram
1032 4211 1093 4276 vim
1121 4210 1220 4294 poesis
1243 4206 1396 4271 intellexit
1420 4215 1452 4271 at

474 4475 499 4536 r)
518 4475 554 4524 οι.
572 4474 650 4524 1111.
667 4472 707 4521 ac.
809 4472 834 4533 a)
852 4469 914 4518 [aa.
933 4468 972 4517 12.
