3767 5534
920 734 958 794 81

476 935 584 1023 Ipsum
615 936 783 1003 Homerum
807 936 986 1013 audiamuS,
1011 934 1171 1000 Musarum
1195 935 1354 1000 seientiam
1378 935 1440 1000 lau·
1506 938 1508 945 '

442 1052 572 1121 dantem:

502 1176 580 1253 ὑμεῖς
604 1178 663 1258 γὰρ
687 1178 749 1243 θεαί
771 1179 851 1253 ἕστε,
874 1176 1003 1257 πάρεστέ
1024 1202 1076 1276 pe,
1100 1176 1359 1258 interemicant,

504 1298 582 1372 ἡμεῖς
605 1296 634 1361 u
657 1296 738 1370 κλέος
762 1292 815 1362 οἷον
837 1296 991 1375 ἀκούομεν,
1015 1296 1077 1361 οὐδέ
1099 1321 1127 1361 το
1149 1293 1247 1374 ἴδμεν·

454 1420 478 1474 et
493 1417 682 1480 suavitatem:

504 1537 641 1602 Menoeten
662 1534 695 1614 θ’,
721 1532 754 1601 οἳ
775 1536 866 1601 ἄειδον
888 1536 1085 1614 ἀμειβόμεναι
1107 1535 1154 1600 ὀπὶ
1177 1544 1266 1617 κοιλῇ.

490 1652 746 1720 Verumeuimvero
778 1656 834 1719 hae
862 1655 985 1719 eaedem
1009 1655 1091 1719 Deae
1115 1663 1204 1732 sunt,
1229 1677 1357 1739 quarum
1383 1654 1441 1739 spi-

458 1772 504 1835 n'tn
531 1781 636 1860 poetae
671 1776 756 1839 intus
794 1775 929 1840 aluntur.
977 1774 1051 1839 Fuit
1084 1784 1114 1838 ct
1148 1774 1302 1839 Homerus
1337 1796 1441 1839 earum

458 1890 547 1955 viribus
577 1894 727 1958 excitatns
755 1903 786 1959 et
816 1894 986 1959 Pindarus:
1019 1894 1072 1958 aed
1103 1895 1147 1958 ita
1174 1895 1206 1958 in
1230 1903 1361 1979 utroque
1385 1895 1441 1958 vir-

458 2014 614 2076 tuscanum
646 2021 788 2098 apparet,
821 2013 1078 2099 quemadmodum
1108 2036 1157 2078 eas
1181 2013 1348 2077 adorarunt
1370 2013 1439 2098 ipsi.

457 2124 566 2194 Scientia
588 2140 619 2195 et
642 2134 791 2198 suavitate
815 2142 971 2219 praestant
994 2132 1121 2198 Homeri
1141 2133 1264 2197 Musae:
1284 2155 1339 2217 age
1355 2155 1439 2210 vero,

453 2244 601 2329 Homerus,
626 2275 768 2317 enarrans
792 2260 823 2317 et
847 2274 1000 2339 exponens
1024 2254 1142 2331 omnia,
1168 2254 1243 2339 quid
1267 2255 1440 2318 nonscien-

450 2366 483 2444 tia
508 2372 679 2457 complexus
710 2373 780 2437 est?
811 2382 903 2459 atque
934 2373 1039 2439 eodem
1071 2374 1146 2459 quid
1178 2373 1216 2438 ad
1247 2374 1329 2439 hunc
1359 2373 1439 2437 diem

447 2492 553 2554 suavius
576 2491 658 2555 fuit?
680 2493 740 2577 ipsi
762 2492 809 2556 illi
832 2492 898 2571 Dii,
923 2515 1110 2579 quamquam
1132 2492 1224 2557 modo
1239 2493 1327 2571 irati,
1350 2492 1441 2556 modo
1510 2579 1512 2583 y

447 2608 550 2689 timidi,
582 2601 696 2676 tamen
719 2613 853 2677 viventes
885 2614 916 2677 in
948 2635 1037 2677 omne
1067 2620 1187 2698 tempus
1219 2613 1363 2678 felicitate
1395 2636 1443 2677 su·

444 2754 553 2815 prema,
584 2733 763 2797 incredibile
794 2733 1049 2799 oblectamentum
1082 2733 1227 2819 praebent
1257 2733 1440 2819 legentibus.

438 2849 492 2915 Sed
522 2852 673 2916 Pindarus
705 2861 735 2917 et
765 2876 867 2918 rerum
898 2855 1018 2939 copiam
1049 2862 1080 2917 et
1110 2852 1239 2917 canendi
1262 2854 1442 2916 suavitatem

436 2969 534 3035 habet:
568 2981 600 3036 et
630 2981 731 3037 tamen
756 2975 913 3038 veritatem
938 2974 1095 3058 sequitur3
1119 2973 1277 3058 rejicitque
1301 2972 1441 3057 quamvis

434 3099 537 3154 ornata
560 3100 591 3155 et
614 3092 750 3177 speciosa
773 3098 804 3155 et
827 3091 929 3156 dulcia
952 3091 1125 3156 mendacia:
1146 3092 1169 3175 ¹)
1193 3092 1236 3155 sic
1261 3099 1389 3176 uterque
1409 3090 1441 3153 in

433 3231 554 3273 suarum
579 3209 713 3275 Dearum
736 3211 872 3295 vestigiis
895 3211 1018 3275 institit.

475 3328 547 3414 Ipse
570 3329 721 3394 Pindarus
745 3329 915 3395 Homerum
940 3330 1073 3416 appellat
1090 3331 1215 3409 ἁδυεπῆ,
1231 3330 1441 3416 suauiloquum.

432 3448 472 3513 Et
494 3472 565 3514 vero
591 3450 746 3535 quoddam
770 3452 859 3536 quasi
882 3450 920 3515 de
945 3473 979 3515 eo
997 3450 1148 3537 judicium
1164 3450 1246 3515 tulit.
1282 3448 1363 3514 Nam
1379 3472 1442 3514 non

431 3576 551 3633 tautum
583 3568 621 3632 ad
654 3568 823 3634 Homerum
855 3572 947 3635 etiam
978 3570 1149 3635 redundare
1172 3570 1262 3635 debet
1287 3593 1321 3634 ea
1344 3592 1442 3654 repre·

431 3686 554 3766 hensio,
587 3689 612 3752 si
647 3689 788 3775 repudiat
821 3690 941 3754 fabulas
976 3690 1013 3755 de
1048 3691 1183 3756 Deorum
1216 3690 1356 3776 proeliis,
1389 3690 1442 3753 sed

431 3816 586 3891 praeterea
607 3809 675 3893 ipso
698 3810 822 3873 nomine
846 3810 884 3874 de
908 3832 943 3875 eo
967 3811 1041 3874 haee
1068 3810 1163 3875 dixit:
1189 3832 1273 3895 „ego
1293 3810 1442 3895 ¹majorem

432 3927 520 3991 credo
556 3927 668 3991 samem
702 3928 841 4014 Uipsan,
878 3952 969 4015 quam
1003 3931 1090 3995 factis
1124 3931 1253 4009 meruit,
1290 3930 1441 3997 exst'ssisse

411 4088 413 4095 ,
431 4053 553 4131 propter
577 4046 745 4111 Homerum
767 4048 998 4138 suaviloquum:
1016 4049 1262 4135 quandoquidem
1280 4050 1344 4134 ejus
1360 4070 1442 4112 man·

431 4164 524 4229 deciis
555 4168 675 4252 artique
706 4167 796 4232 celeri
829 4168 915 4233 adest
938 4168 1054 4255 aliquid
1079 4168 1266 4233 venerabile:
1292 4168 1439 4252 sapientia
1544 4220 1547 4225 .

431 4282 542 4371 decipit
573 4309 710 4350 sermone
742 4287 868 4352 fallens:
894 4310 1014 4352 caecum
1040 4310 1091 4353 eor
1113 4288 1206 4352 habet
1230 4288 1340 4373 vulgus
1363 4309 1440 4351 mor·

432 4450 614 4463 m

462 4557 485 4618 1)
501 4558 542 4607 01.
559 4559 578 4609 l.
596 4517 712 4610 tta-«555
