3767 5534
885 1018 1079 1084 OLYMPIA
1114 1021 1151 1083 V.

560 1257 607 1320 De
637 1279 728 1321 causa
758 1264 790 1321 et
819 1258 1049 1342 opportunitate
1081 1259 1174 1343 hujus
1197 1260 1339 1323 carminis
1359 1261 1424 1345 jam
1449 1263 1525 1325 satis

517 1375 697 1461 explicuisse
731 1374 870 1440 videmur
903 1377 934 1440 iu
972 1375 1197 1442 Commentario
1232 1379 1374 1442 carminis
1410 1382 1525 1465 quarti.

517 1494 660 1580 Appellat
690 1502 792 1559 autem
824 1494 920 1559 Poeta
950 1495 1008 1560 hoc
1040 1496 1173 1560 carmine
1195 1494 1370 1582 Nympham
1395 1496 1531 1564 Camari·

517 1636 605 1691 nam,
637 1621 702 1679 tum
734 1613 910 1691 Palladem,
934 1613 1041 1677 laudat
1064 1614 1192 1679 fluvium
1216 1615 1356 1692 Oanum,
1382 1617 1526 1702 paludem

517 1731 725 1810 Camerinam,
761 1733 890 1796 maxime
925 1755 996 1796 vero
1031 1732 1159 1797 fluvium
1192 1733 1369 1819 Hipparim:
1404 1734 1530 1800 tandem

516 1854 618 1938 ipsum
647 1851 755 1917 Jovem
783 1852 923 1928 invocat,
956 1860 1025 1916 vota
1048 1852 1147 1916 ferens
1169 1875 1224 1938 pro
1250 1853 1326 1919 urbe
1349 1862 1380 1918 et
1403 1854 1529 1920 victore.

561 2094 592 2154 4.
628 2088 774 2155 Ὠκεανοῦ
807 2089 944 2169 θύγατερ.
981 2088 1052 2151 Fuit
1084 2112 1177 2175 prope
1207 2089 1312 2155 urbem
1336 2089 1527 2158 camarinam
1591 2078 1598 2086 .

517 2208 606 2294 palus
637 2207 815 2272 Camarina:
844 2230 922 2293 quae
947 2209 1037 2288 etiam
1061 2208 1152 2273 hodie
1175 2219 1330 2295 superest:
1355 2210 1428 2276 Vid.
1451 2211 1531 2276 Bru·

518 2335 571 2393 net
594 2327 631 2391 de
655 2326 773 2404 Presle,
799 2350 828 2412 p.
856 2329 928 2390 100.
954 2326 1144 2391 Memoratur
1167 2350 1202 2392 ea
1224 2329 1313 2413 palus
1336 2351 1369 2391 vs
1394 2332 1447 2394 26.
1472 2330 1531 2395 Ve-

517 2471 586 2512 rum
614 2447 673 2511 hoc
696 2446 765 2511 loco
787 2445 980 2531 Nympham,
1006 2446 1101 2511 Deam
1127 2447 1241 2532 ipsam,
1266 2448 1361 2512 Poeta
1383 2449 1528 2535 appellat.

519 2565 689 2644 Hesiodus,
713 2565 828 2649 Theog.
852 2568 928 2643 337,
953 2568 1035 2629 346:

561 2687 658 2760 Τηθὺς
681 2686 705 2749 δ’
729 2684 867 2766 Ὠκεανῷ
890 2686 1046 2761 Ποταμοὺς
1069 2686 1136 2750 τέκε
1159 2684 1316 2761 δινήεντας.
1340 2724 1384 2735 -

561 2807 654 2871 Τι’κπε
676 2804 705 2869 δὲ
727 2806 889 2883 θυγατέρων
922 2804 994 2883 ἱερὸν
1016 2804 1115 2880 γένος,
1140 2800 1173 2867 αἳ
1195 2805 1276 2869 κατοδ
1298 2792 1412 2883 γαῖαν

561 2925 664 3006 ἄνδρας
687 2924 836 3005 κουρίζουσι
859 2924 910 2987 σὺν
932 2926 1094 2989 Ἀπόλλωνι
1117 2921 1222 2989 ἄνακτι

561 3045 610 3110 καὶ
634 3052 799 3121 Ποταμοῖς·
824 3043 986 3117 ταυτηνδὶ
1011 3042 1078 3116 Διὸς
1102 3043 1184 3124 παρα
1206 3051 1307 3123 μοῖραν
1330 3042 1441 3125 έχουσι.

518 3165 686 3250 Deinceps,
711 3171 793 3227 certo
817 3184 943 3227 numero
968 3184 1068 3226 earum
1094 3170 1251 3240 enarrata,
1277 3165 1358 3226 362:
1456 3205 1459 3212 .

563 3282 652 3349 αὗται
675 3283 700 3347 δ’
721 3287 869 3349 Ὠκεανοῦ
891 3282 942 3347 καὶ
965 3284 1076 3357 Τηθύος
1100 3280 1264 3358 ἐξεγένοντο

562 3403 769 3485 πρεσβύταται
792 3408 904 3483 κοῦραι·
927 3400 1041 3466 πολλαί
1060 3425 1098 3478 γε
1121 3401 1175 3478 μέν
1197 3402 1251 3465 εἰσι
1275 3399 1324 3464 καὶ
1347 3398 1452 3466 ἄλλαι.

562 3523 622 3604 τρὶς
644 3523 704 3601 yae
726 3522 827 3602 χίλιαί
849 3521 901 3585 εἰσι
926 3520 1103 3602 τανύσφυροι
1127 3520 1317 3594 Ὠκεανῖναι,

563 3639 599 3705 αἵ
615 3645 649 3723 ῥα
673 3640 867 3720 πολυσπερέες
891 3647 983 3716 γαῖαν
1007 3637 1056 3703 καὶ
1079 3638 1184 3716 βένθεα
1207 3639 1311 3715 λίμνης

563 3760 660 3843 adura
681 3760 757 3838 ὁμῶς
780 3758 939 3841 ἐφέπουσι,
963 3758 1052 3823 deutur
1075 3758 1184 3834 ἀγλαοὶ
1207 3756 1305 3821 τέκνα.

563 3877 697 3943 Omnino
727 3876 887 3964 Nymphas
919 3877 1028 3961 quovis
1052 3876 1118 3940 loco
1142 3875 1202 3940 sibi
1224 3873 1335 3939 Graeci
1358 3894 1533 3957 repraesen-
1597 3834 1612 3873 0

520 4006 642 4075 terunt,
667 4018 832 4081 earumque
855 3995 1098 4061 benevolentiam
1121 3992 1405 4058 etbeneficentiam
1425 3990 1534 4057 lauda·

520 4125 601 4183 runt.
648 4117 767 4195 Solem,
806 4115 929 4179 Terram
969 4122 999 4178 et
1032 4113 1157 4177 Fluvios
1192 4135 1263 4177 cum
1296 4111 1372 4175 Jove
1406 4110 1529 4176 invocat

521 4237 643 4302 Atrides
666 4238 698 4301 in
717 4234 940 4322 jurejurando,
965 4233 1056 4298 Hom.
1081 4232 1119 4297 Il.
1143 4231 1196 4296 III
1220 4213 1305 4298 276¹

608 4361 665 4422 Ζεῦ
687 4355 781 4435 ποέτερ
798 4355 906 4430 Ἴδνέεν
928 4352 1034 4430 μεδέων
1057 4352 1171 4418 κύδιστε
1194 4351 1319 4429 μέγιστε

609 4475 720 4548 Ἠέλιός
742 4472 765 4538 δ’
788 4471 818 4546 ὃς
840 4474 928 4539 πέντ’
950 4474 1065 4557 ἐφορᾷς
1080 4471 1128 4536 καὶ
1152 4470 1239 4535 πάντ’
1262 4466 1412 4539 ἐπακούεις
