3767 5534
975 763 1037 825 aaa

501 969 615 1033 marina
645 970 704 1032 fere
737 968 841 1031 eadem
872 966 966 1029 tradit
999 965 1191 1039 Herodotus,
1224 964 1288 1027 VII
1322 967 1399 1040 154,
1436 968 1511 1027 156.

502 1087 581 1171 Iirgo
597 1088 688 1151 tertia
705 1086 883 1150 Camarinae
899 1084 1079 1147 constitutio
1095 1083 1216 1147 videtur
1234 1084 1387 1167 ponenda,
1407 1105 1514 1146 secun-

501 1205 572 1269 dum
600 1206 785 1281 Diodorum,
810 1203 859 1267 Ol.
884 1202 1040 1277 LXXIX,
1066 1206 1102 1264 4:
1128 1225 1206 1288 quae
1230 1211 1331 1266 autem
1354 1202 1392 1265 de
1408 1201 1514 1287 Olym·

502 1324 590 1408 piade
613 1324 797 1407 octogesima
819 1299 952 1386 secunda
975 1329 1005 1383 et
1024 1322 1206 1404 octogesima
1223 1322 1330 1405 quinta
1345 1320 1514 1384 traduntur

502 1443 532 1505 in
561 1442 699 1520 scholiis,
724 1465 759 1505 ea
782 1451 835 1505 aut
858 1442 918 1505 alio
942 1441 1126 1525 pertinuisse
1151 1441 1303 1525 putanda,
1329 1450 1383 1505 aut
1406 1441 1514 1525 potius

501 1561 590 1645 plane
620 1560 783 1645 rejicienda
814 1560 970 1624 videntur:
1004 1568 1068 1623 tum
1101 1560 1173 1643 quia
1199 1561 1278 1623 inter
1302 1582 1333 1623 se
1357 1560 1424 1644 ipsa
1451 1581 1514 1623 non

501 1679 702 1756 conveniunt,
728 1687 793 1742 tum
817 1686 977 1763 propterea
1000 1678 1083 1763 quod
1107 1678 1268 1741 artificiose
1293 1677 1331 1741 ad
1352 1678 1509 1741 victoriam

501 1797 673 1861 Psaumidis
698 1806 949 1861 commentatores
972 1796 1198 1860 accommodare
1223 1820 1257 1860 ea
1274 1808 1410 1882 tempora
1427 1796 1512 1861 volu·

502 1925 601 1980 erunt.
649 1916 736 1996 Quae
770 1925 872 1980 tamen
908 1915 1147 1979 accommodatio
1182 1916 1294 1979 frustra
1329 1925 1383 1979 est.
1431 1915 1513 1980 Nam

504 2058 599 2117 quum
622 2034 794 2097 Psaumidis
818 2035 973 2098 victoriam
999 2033 1044 2096 vel
1070 2033 1107 2096 ad
1127 2032 1176 2097 Ol.
1194 2032 1350 2097 LXXXII
1365 2035 1512 2111 referant,

505 2154 553 2217 vel
577 2153 730 2237 duplicem
754 2177 818 2217 esse
842 2161 996 2230 statuant,
1029 2153 1153 2217 alteram
1179 2153 1290 2217 rhedae
1314 2154 1439 2217 mularis
1463 2152 1515 2218 Ol.

505 2272 658 2350 LXXXI,
684 2273 807 2336 alteram
833 2273 970 2336 curulem
990 2271 1039 2335 Ol.
1057 2271 1226 2336 LXXXII:
1243 2295 1304 2337 non
1322 2295 1393 2336 sane
1409 2273 1515 2350 video,

503 2380 654 2477 quomodo
678 2397 707 2456 ἐν
730 2395 770 2472 τῷ
793 2417 853 2467 μετ
874 2391 909 2467 Ed
932 2392 1023 2473 χρόνῳ
1046 2391 1096 2455 Ol.
1121 2389 1276 2455 LXXXII
1297 2392 1343 2455 vel
1359 2390 1510 2455 LXXXV

504 2511 666 2575 Camarina
688 2512 858 2574 instaurata
881 2511 921 2574 sit
941 2512 972 2594 ¹).

550 2629 640 2694 Certe
661 2630 744 2694 brevi
765 2640 834 2714 post
850 2631 964 2716 patriae
980 2631 1230 2694 instaurationem
1248 2631 1405 2694 victoriam
1422 2630 1516 2694 Psan-

505 2748 579 2811 midi
614 2749 777 2833 obtigisse,
814 2772 850 2812 ea
885 2749 932 2813 his
965 2750 1148 2813 carminibus
1180 2758 1313 2835 apparet.
1361 2748 1516 2814 Celebrari

507 2876 638 2950 utroque
672 2868 803 2931 carmine
839 2890 931 2932 unam
963 2868 1149 2952 eandemque
1179 2870 1353 2947 victoriam,
1389 2893 1516 2955 eamque

505 2987 599 3050 fuisse
623 2986 733 3051 rhedae
757 2986 896 3065 mularis,
921 2988 995 3051 satis
1012 2996 1094 3051 certo
1111 2987 1198 3051 nobis
1215 2995 1349 3052 statuere
1365 2988 1514 3065 videmur.

550 3103 700 3169 Carminis
724 3105 769 3168 IV
793 3128 827 3167 vs
852 3108 909 3168 tl:
934 3105 1073 3169 Psaumis
1097 3106 1224 3189 gloriam
1248 3107 1363 3190 patriae
1385 3108 1515 3172 excitare

504 3224 643 3288 festinat:
670 3224 697 3284 V
723 3227 740 3285 8
765 3224 870 3288 urbem
894 3224 1040 3289 honorat:
1066 3228 1104 3287 19
1122 3247 1225 3289 recens
1242 3225 1395 3289 conditam
1413 3226 1514 3291 sedem

505 3344 635 3406 nuntiat.
661 3343 748 3423 Quae
772 3344 896 3428 quidem
919 3345 1064 3408 victoriae
1088 3345 1209 3409 laudem
1235 3345 1418 3423 ostendunt,
1444 3369 1512 3410 cum

506 3441 676 3525 recentibus
701 3464 816 3547 patriae
839 3464 1034 3528 incrementis
1059 3464 1241 3549 copulatam.

483 3632 491 3655 ,
551 3579 673 3644 Rhedae
707 3581 833 3645 mularis
867 3584 1012 3646 memoria
1047 3593 1092 3646 est
1126 3583 1207 3668 apud
1242 3566 1443 3661 Pausaniam,
1476 3584 1513 3649 L.

507 3697 535 3758 V
560 3721 584 3762 c.
610 3703 647 3761 9:
680 3697 712 3774 ἦν
742 3702 838 3775 ἀπήνη
870 3703 951 3765 κατὰ
981 3703 1033 3775 τὴν
1063 3703 1199 3782 ovvoprba
1229 3702 1358 3780 ἡμιόνους
1381 3702 1446 3767 ἀντὶ
1471 3701 1516 3766 i‘ar-

507 3844 566 3883 πων
588 3821 715 3899 ἔχουσαι
740 3819 893 3896 „habebat
916 3820 1011 3883 rheda
1033 3821 1065 3883 in
1089 3821 1167 3905 bigis
1191 3820 1289 3885 mulas
1313 3843 1368 3905 pro
1392 3822 1478 3906 equis
1486 3822 1514 3884 :”

507 3938 686 4003 institutum
721 3946 821 4003 antem
857 3963 920 4003 esse
956 3940 987 4003 id
1020 3949 1171 4005 certamen
1201 3940 1295 4004 tradit
1325 3938 1375 4003 Ol.
1406 3938 1514 4017 LXX,

540 4258 562 4317 1)
580 4258 673 4306 Brunet
690 4257 718 4306 de
736 4258 831 4315 Psesle,
855 4274 908 4322 pag.
928 4260 993 4317 loa,
1011 4276 1025 4307 a
1042 4259 1175 4308 Scholiasta
1194 4259 1292 4308 Pindari
1310 4259 1382 4308 etiam
1400 4260 1517 4323 posterio-

507 4368 557 4402 rom
583 4353 722 4403 Camerinan
748 4353 934 4403 destructionem
961 4356 1088 4405 memorari
1114 4356 1187 4413 dicit,
1213 4357 1298 4405 factam
1323 4372 1336 4404 a
1361 4355 1517 4419 Syracusanis

508 4448 546 4496 01.
564 4447 682 4497 LXXXV:
700 4448 751 4513 ipse
769 4448 799 4498 de
816 4449 866 4512 ejus
884 4451 977 4499 numeri
995 4450 1095 4501 veritate
1114 4451 1222 4500 dubitat:
1241 4467 1323 4500 verum
1340 4451 1452 4516 equidem
1463 4443 1514 4500 earo

509 4543 648 4594 memoriam
665 4544 690 4592 in
707 4543 803 4593 scholiis
821 4560 868 4593 oon
886 4546 971 4612 reperi.
