3767 5534
838 701 894 761 llll

531 904 649 969 Ἀκοντι
673 901 811 983 Φράστωρ
834 901 925 966 ἔλασε
948 900 1063 965 σκοπόν.

578 1024 682 1093 Melsos
705 1021 730 1085 δ’
753 1020 878 1091 Ἐνικεὺς
901 1018 975 1083 ἔδικε
998 1017 1091 1098 πέτρῳ

580 1140 657 1222 xtra
683 1138 836 1211 κυκλώσας
860 1139 928 1217 ὑπὲρ
952 1136 1108 1213 ἁπάντων,

581 1259 638 1323 Καὶ
665 1257 833 1338 συμμαχία
855 1255 971 1337 θόρυβον

351 1439 478 1505 Neptuni:
496 1443 523 1489 ut
539 1440 618 1505 priore
634 1445 702 1506 parte
719 1440 852 1491 sententiae
869 1444 964 1490 tanturn
982 1439 1170 1503 significaretur,
1189 1438 1304 1487 victorem
1317 1452 1364 1501 qua

352 1535 432 1600 drlgis
456 1535 529 1585 fnisse
552 1536 752 1586 Mantinecnsem.
784 1538 847 1595 Aut,
871 1535 936 1600 qnod
960 1538 1040 1584 tamen
1064 1534 1142 1584 miuus
1161 1532 1282 1598 probabile
1299 1536 1373 1596 puto,

351 1637 403 1683 ἀπὸ
424 1642 550 1691 Μαντινέας
571 1639 632 1704 ἥρως
650 1633 803 1701 ’Δλιρροθίοιιι
827 1631 844 1681 l.
862 1647 883 1681 e.
908 1631 979 1681 heros
1000 1630 1042 1694 qui
1067 1630 1133 1679 veuit
1155 1628 1295 1688 Mentineh,
1315 1642 1375 1691 quae

353 1731 393 1778 est
419 1728 542 1793 Neptuni:
564 1733 636 1794 atque
659 1730 684 1779 iu
707 1744 775 1778 versu
799 1744 828 1777 ex
849 1727 978 1786 Theseide,
1004 1728 1028 1776 in
1052 1727 1098 1776 hoc
1120 1726 1212 1776 scholio
1230 1725 1321 1783 relato,
1339 1729 1375 1774 est

353 1826 480 1882 Μαντινεὺς
498 1834 585 1890 Σῆμος,
602 1824 686 1875 sed-iu
703 1825 796 1874 dnobus
813 1824 935 1873 codicibus
954 1826 1074 1881 Μαντινιὺς
1092 1830 1159 1892 ἥρως.
1195 1822 1297 1870 Restant
1315 1820 1375 1869 duae

353 1920 381 1968 in
401 1920 498 1969 scholiis
514 1919 634 1969 veteribus
650 1924 850 1970 commemoratae
865 1919 1008 1984 scripturae:
1027 1919 1100 1967 altore
1114 1928 1190 1981 Σᾶμος
1206 1915 1376 1985 οόλιρροθιος,

354 2030 430 2079 qnam
457 2015 592 2065 Boechhius
614 2017 644 2066 de
666 2016 803 2079 conjectura
829 2016 933 2065 mutavit
957 2020 981 2064 et
997 2014 1094 2079 scripsit
1110 2012 1265 2082 ‘Alrppollooz
1284 2012 1374 2062 altera:

355 2114 410 2162 brar
428 2111 453 2161 db
470 2118 579 2180 γράφωσι
597 2121 667 2181 Σῆρας
683 2109 834 2180 ιΑλιρροθίοιι,
853 2110 879 2163 οὗ
891 2120 1010 2177 μέμνηται
1028 2115 1065 2162 καὶ
1082 2110 1196 2166 Ἡσίοδος·

389 2202 458 2258 'licat
475 2210 488 2257 δ
504 2212 549 2272 μὴ
564 2216 634 2276 Σῆρον
650 2211 687 2259 καὶ
702 2203 835 2271 ’Δλάζνρον,
854 2213 915 2266 υἱέας
931 2210 1027 2264 ἐσθλώς.

355 2302 433 2359 {subl
456 2304 469 2351 h
492 2310 562 2371 Σῆρος
586 2310 627 2354 τοῦ
650 2301 801 2376 Ἁλιρροθίου,
816 2309 856 2354 τοῦ
880 2311 1005 2372 Περιήρους
1023 2307 1060 2353 καὶ
1076 2300 1195 2359 'almerae
1221 2300 1257 2349 Er
1275 2315 1376 2363 quorum

357 2397 555 2447 testimoniorum
568 2398 718 2463 reputatione
730 2398 789 2447 estis
800 2397 871 2447 credo
879 2398 983 2457 firmari,
993 2397 1136 2462 scripturam
1146 2413 1209 2455 eam,
1219 2411 1290 2460 quarn
1299 2395 1375 2453 edidi,

358 2507 506 2556 quamquem
521 2493 598 2557 ipsum
616 2510 664 2543 nou
681 2493 788 2553 obviarn,
809 2497 889 2543 tamen
903 2510 954 2543 esse
967 2494 1075 2543 omnium
1089 2492 1301 2542 verisimillimam:
1315 2507 1379 2556 prae-

359 2588 446 2638 sertim
470 2604 545 2653 quum
562 2590 705 2639 nutentiam
722 2590 871 2654 aptissimam
888 2591 975 2640 habere
993 2590 1115 2639 videatur:
1134 2589 1158 2637 id
1176 2589 1240 2652 quod
1257 2588 1281 2636 in
1300 2587 1380 2651 Expli-

255 2707 259 2713 ·
361 2683 458 2733 catione
475 2684 638 2735 demonstrare
655 2686 803 2736 conabimur.
836 2685 918 2735 Unum
935 2685 1009 2735 addo:
1031 2685 1052 2734 si
1074 2685 1127 2749 quis
1148 2684 1185 2733 vel
1203 2682 1326 2748 putaverit
1344 2683 1380 2731 vel

360 2778 577 2840 demonstraveris,
593 2780 719 2845 legendum
738 2781 818 2845 potius
835 2796 885 2829 esse
905 2778 963 2845 σᾶμ’
978 2780 1127 2848 ΙΑλιρροθιόιι,
1151 2778 1267 2843 disquiret
1280 2794 1382 2842 quaeso,

362 2891 422 2925 num
440 2875 499 2941 σᾶμ’
515 2876 631 2941 scriptum
648 2878 680 2926 sit
691 2892 735 2941 pro
749 2887 816 2942 σῶμα
830 2876 923 2941 potius,
941 2875 1005 2941 quod
1017 2876 1097 2941 ipsum
1108 2875 1224 2939 glossema
1236 2875 1382 2937 adscriptum

368 2976 406 3021 est
424 2971 448 3020 iu
466 2971 518 3021 Pal.
535 2971 569 3031 Ο,
589 2988 661 3037 qnam
678 2988 722 3036 pro
740 2983 818 3038 σῆμα,
837 2975 861 3021 et
878 2971 991 3036 inspiciat
1008 2971 1199 3036 Explicatiouem
1219 2974 1324 3019 nostram
1344 2970 1383 3029 Ol.

363 3066 430 3116 vlu
446 3067 480 3117 80
497 3070 522 3117 et
539 3066 578 3118 01.
596 3068 617 3117 X
634 3067 675 3118 bl.
709 3067 846 3117 Boeclrhins
864 3067 893 3117 de
910 3067 1050 3131 conjectura
1062 3067 1150 3116 edidit:
1171 3077 1247 3130 Σᾶμος
1259 3070 1381 3135 ὡλιροθίοσ.

399 3164 439 3213 85.
465 3168 542 3215 οἴκοισι
561 3170 674 3233 Φράστωρ
697 3167 771 3216 ἔλασε.
806 3164 845 3212 Sic
862 3164 927 3228 Lips.
945 3168 969 3213 et
987 3163 1053 3226 Laid.
1071 3165 1107 3221 A,
1126 3168 1153 3212 ut
1170 3166 1273 3212 testetur
1290 3161 1382 3211 Boeck-

364 3257 431 3310 blus:
447 3259 474 3308 in
491 3258 560 3310 Uret.
576 3261 599 3310 A
615 3259 716 3324 aliisque
733 3262 754 3310 δ’
771 3265 807 3310 est
824 3264 879 3325 post
896 3266 1025 3331 οράσοωρι
1042 3259 1066 3308 ἰιι
1084 3258 1138 3309 Pal.
1156 3258 1174 3308 C
1193 3263 1217 3307 et
1235 3258 1288 3308 aliis
1307 3259 1330 3307 δὲ
1348 3263 1384 3307 est

365 3358 421 3420 post
437 3360 527 3408 dms:
550 3359 575 3406 et
591 3370 675 3405 rursus
693 3356 717 3405 iu
736 3356 789 3405 aliis
806 3360 855 3414 est,
873 3356 1041 3421 praetermisso
1060 3357 1097 3412 δὲ,
1116 3360 1206 3407 strom
1225 3355 1262 3403 vel
1280 3362 1384 3418 κᾷκοιτιι

366 3451 432 3515 qnod
448 3452 520 3502 hebet
538 3452 656 3516 Heyuins.

401 3544 442 3597 87.
466 3550 579 3598 ἁπάντων,
613 3545 846 3606 Italiamne,
865 3548 932 3596 Gott.
951 3546 1386 3611 Par.Aaliique,ctlemmaveteris

367 3640 460 3691 scholii.
471 3641 580 3706 Heynius
589 3642 719 3692 secundum
728 3641 789 3691 alios
798 3642 871 3691 libros
879 3645 995 3698 ἅπανταςι
1006 3646 1031 3691 et
1040 3642 1150 3691 scholion
1160 3642 1235 3691 Mose.
1243 3643 1263 3690 B
1272 3647 1318 3691 est:
1328 3645 1386 3711 ὑπὲρ

367 3739 473 3793 ἅπαντας
484 3742 558 3804 γράφε
570 3742 608 3787 καὶ
620 3744 654 3801 μὴ
667 3740 724 3804 ὑπὲρ
738 3742 856 3787 ἁπάντων·
872 3740 929 3788 οὕτω
941 3744 987 3805 γὰρ
1003 3742 1051 3803 ἔχοι
1066 3743 1121 3805 πρὸς
1136 3746 1176 3796 τὴν
1190 3741 1291 3796 σύνταξιν
1308 3742 1386 3806 ὀρθῶς.

402 3830 442 3879 88.
469 3835 602 3897 συμμαχία.
638 3831 678 3880 lta
699 3831 848 3883 Boeclshins:
877 3832 987 3896 Heynins
1013 3837 1147 3898 συμμαχίᾳ.
1181 3832 1242 3881 Utro
1268 3832 1387 3897 scriptura

368 3924 423 3989 plue
444 3926 596 3975 auctoritatis
613 3942 626 3975 e
646 3926 715 3975 libris
740 3927 842 3985 babeat,
865 3927 959 3976 nescio:
982 3928 1022 3976 sed
1047 3928 1071 3975 in
1089 3928 1137 3975 illis
1154 3932 1233 3976 tamen
1252 3943 1320 3991 saepo
1335 3928 1387 3991 jota

369 4020 531 4086 subscriptum
548 4022 760 4085 praetermittitur.
795 4022 825 4070 lu
843 4022 941 4071 scholiis
960 4023 1080 4071 veteribus
1098 4027 1226 4086 utrumque
1237 4024 1387 4086 agnoscitur:

370 4116 438 4166 velut
454 4116 549 4166 dativus
565 4117 615 4166 his:
634 4123 684 4169 ἀντὶ
703 4124 743 4169 τοῦ
762 4122 799 4169 καὶ
816 4128 865 4175 τοῖς
881 4130 1025 4185 παρεστῶσιν
1042 4123 1119 4175 αὐτοίς
1138 4125 1268 4185 σιμμάχοις
1286 4123 1391 4177 ἔκπληξιν

371 4216 409 4263 καὶ
426 4219 533 4281 ταραχὴν
549 4216 633 4271 bilmas
649 4222 734 4277 palpas:
753 4213 916 4262 nominativus
933 4214 985 4262 his:
1003 4219 1053 4263 ἀντὶ
1071 4219 1110 4263 τοῦ
1127 4219 1154 4264 τὸ
1171 4218 1253 4271 πλῆθος
1270 4220 1391 4278 θαυμάσαι

372 4312 495 4373 ἀναβόησον
516 4311 554 4357 lul
573 4320 608 4374 τῷ
631 4318 672 4365 τῆς
693 4312 764 4373 βολῆς
779 4319 855 4373 μήκει.
888 4309 954 4373 Ilrgo
971 4325 1019 4358 uon
1037 4310 1093 4358 satis
1111 4309 1238 4373 diligenter
1254 4310 1390 4358 Boeckhius

373 4401 481 4466 scripsit,
500 4402 565 4467 ipsos
582 4405 675 4452 veteres
692 4420 736 4468 pro
754 4404 903 4453 nominativo
920 4404 1046 4462 habuisse,
1065 4404 1174 4453 dativum
1191 4407 1389 4469 verorepositum

375 4511 425 4546 esse
441 4512 470 4546 ex
487 4496 585 4547 scholiis
602 4498 782 4548 recentioribus.

1234 4601 1268 4654 13
