3767 5534
911 736 975 796 385

547 935 644 1012 ἁγνὸς
667 934 697 998 δὲ
718 934 808 1012 πατρὶ

546 1053 674 1128 γαστρὸς
697 1050 822 1128 διήνεγκ’
845 1050 948 1128 ὄγκον·
971 1053 1008 1122 ὡς
1031 1051 1055 1113 δ’
1078 1046 1162 1124 ἦλθεν
1183 1050 1302 1131 χρόνος,

544 1173 658 1235 τεκνῡσ’
681 1172 710 1235 ἐν
734 1170 815 1242 clares
838 1170 922 1234 παῖδ’
945 1171 1112 1247 ἀπήνεγκεν
1134 1169 1254 1251 βρέφος.

482 1288 535 1349 54.
571 1286 730 1366 repostum
753 1286 846 1363 δόμεν.
882 1286 936 1371 Py.
961 1285 1014 1350 HI
1038 1289 1079 1351 80
1110 1287 1178 1368 πόρε
1200 1287 1351 1369 Κενταύρῳ
1374 1286 1448 1351 διδά-

433 1399 493 1477 ξαι.
518 1400 572 1487 Py.
595 1401 644 1465 IV
667 1405 730 1467 205
754 1403 866 1486 τράφεν
889 1405 1002 1485 Χείρωνι
1025 1404 1126 1469 δῶκαν.

480 1520 533 1583 55.
567 1518 758 1585 Phaesanam
788 1522 897 1586 dicunt
927 1529 1043 1587 veteres
1072 1521 1254 1586 scholiastae
1277 1521 1446 1586 secundum

433 1657 626 1702 communem
650 1639 787 1703 omnium
811 1640 994 1704 sententiam
1017 1639 1111 1731 fuisse
1127 1641 1159 1704 in
1177 1639 1322 1717 Arcadia,
1340 1660 1446 1703 secun-

433 1755 507 1819 dum
531 1756 699 1841 Didymum
721 1779 791 1821 vero
814 1758 847 1821 in
870 1757 976 1835 Elide,
1005 1764 1036 1821 at
1060 1758 1173 1842 Aepyti
1195 1764 1330 1843 tempore
1353 1758 1446 1821 Arca-

433 1872 487 1937 des
521 1873 685 1959 imperasse
718 1873 813 1941 Elidi.
860 1874 1047 1939 Produxisse
1077 1883 1180 1939 autem
1213 1874 1368 1959 Alpheum
1391 1896 1445 1959 per

434 1992 545 2056 Aseam
567 1993 734 2071 Arcadiae,
759 1993 830 2057 inde
853 1993 886 2057 in
909 1992 1040 2057 Elidem.
1076 1992 1219 2057 Eundem
1243 1993 1355 2077 Alphei
1379 2013 1445 2055 cur·

433 2131 502 2175 sum
533 2109 642 2175 Strabo
673 2109 878 2188 demonstrat,
910 2119 940 2174 55
972 2111 1037 2195 ejus
1068 2110 1200 2195 origines
1231 2110 1325 2174 fuisse
1351 2131 1445 2194 prope

433 2226 566 2311 origines
597 2227 741 2292 Eurotas.
776 2227 813 2291 L.
837 2226 920 2290 VIII
944 2230 1019 2291 343.
1055 2226 1147 2291 Recte
1170 2226 1247 2291 mihi
1269 2225 1391 2289 videtur
1413 2225 1446 2289 in

434 2365 496 2407 uno
528 2352 628 2408 vetere
659 2344 776 2409 scholio
806 2343 966 2408 Phaesana
997 2344 1071 2428 poni
1100 2344 1133 2407 in
1155 2344 1194 2407 iis
1216 2343 1309 2420 locis,
1333 2342 1446 2426 quibus

434 2460 575 2545 Alpheus
607 2461 771 2527 oriebatur.
818 2460 891 2525 Non
922 2468 1045 2525 tantum
1076 2460 1134 2525 hoc
1165 2461 1250 2538 1555,
1278 2460 1445 2524 sedetiam

432 2599 467 2641 vs
510 2580 588 2656 129,
631 2579 758 2662 antiqua
791 2600 866 2663 gens
900 2576 1042 2642 Evadnes
1076 2576 1251 2642 vindicatur
1284 2577 1444 2641 Arcadiae.

432 2694 566 2774 Verum,
590 2717 651 2779 quo
674 2696 784 2760 melius
808 2702 839 2759 et
867 2694 918 2758 hic
941 2694 1028 2758 loeus
1051 2694 1258 2779 intelligatur,
1272 2702 1303 2759 et
1315 2716 1348 2757 vs
1365 2698 1445 2772 129,

432 2812 488 2877 ubi
518 2819 655 2877 materna
684 2835 759 2898 gens
782 2814 921 2897 proavita
943 2812 1082 2901 Agesiae
1097 2812 1155 2878 sub
1178 2820 1282 2877 monte
1306 2811 1445 2897 Cyllenio

433 2928 590 2994 habitasse
612 2929 738 3007 dicitur,
764 2937 794 2993 55
817 2952 851 2992 vs
870 2932 951 3007 144,
975 2950 1037 3014 quo
1058 2929 1181 2995 eaedem
1197 2930 1329 3013 origines
1346 2929 1447 3013 gentis

434 3068 505 3111 cnm
535 3046 647 3131 palude
677 3046 887 3132 Stymphalide
918 3049 1168 3131 conjunguntur:
1193 3046 1326 3111 breviter
1348 3069 1446 3111 meam

434 3163 472 3227 de
495 3164 543 3228 his
565 3164 656 3229 rebus
680 3164 864 3229 sententiam
886 3185 1073 3249 proponam,
1104 3163 1230 3228 ductam
1252 3164 1447 3249 potissimum

435 3304 472 3346 cx
495 3281 658 3347 Pausania.

479 3396 562 3463 Nam
583 3398 670 3463 Jovis
693 3406 723 3462 55
747 3398 894 3463 Callistus
917 3398 1101 3483 perantiquo
1125 3405 1262 3482 tempore
1284 3398 1365 3461 filins
1389 3399 1450 3462 fuit

436 3520 549 3595 Arcas,
581 3524 675 3602 atque
706 3518 732 3581 is
762 3518 880 3602 regioni
911 3516 1063 3580 Arcadiae
1088 3538 1200 3580 nomen
1224 3515 1319 3580 dedit.
1366 3516 1450 3581 Huic

356 3655 359 3661 ’
437 3656 475 3697 ex
497 3632 641 3719 Nympha
664 3634 757 3698 Erato
780 3634 836 3697 filii
859 3634 987 3697 fuerunt
1011 3636 1113 3711 Azan,
1128 3632 1268 3716 Aphidas
1280 3640 1311 3697 et
1323 3632 1448 3697 Elatus:

437 3752 551 3835 quibus
581 3750 634 3815 5115
665 3750 779 3815 adultis
809 3772 940 3835 rognum
971 3751 1076 3814 divisit
1106 3751 1304 3835 tripartitum.
1351 3750 1392 3813 Et
1415 3772 1451 3814 ea

436 3867 562 3951 quidem
591 3890 678 3953 pars,
710 3890 788 3952 quaa
818 3867 909 3931 Elato
940 3867 1069 3951 obtigit,
1100 3868 1160 3931 fuit
1188 3889 1276 3931 mons
1304 3866 1447 3951 Oyllone,
1481 3918 1483 3924 .

436 3991 511 4048 tunc
542 3984 643 4049 adhuc
672 3986 795 4049 nomine
827 4007 948 4049 carens:
974 3985 1040 4069 ipsc
1063 4006 1133 4048 vero
1156 3983 1266 4048 Elatus
1289 3992 1395 4068 postea
1417 3986 1449 4048 in

436 4100 603 4166 Phocidem
625 4103 766 4187 migravit
789 4111 820 4166 et
843 4102 951 4166 urbem
973 4100 1112 4164 Elateam
1136 4100 1283 4165 condidit.
1312 4100 1449 4165 Eucrunt

438 4226 540 4283 autem
551 4219 599 4284 illi
610 4220 746 4303 quinque
757 4219 829 4295 filii,
842 4219 998 4302 Aepytus,
1012 4217 1138 4296 Pereus,
1154 4216 1278 4301 Cyllen,
1291 4217 1398 4302 Isohys
1410 4220 1448 4302 l),

471 4480 495 4541 1)
513 4478 561 4527 Hic
578 4477 675 4541 quidem
692 4480 838 4527 memoratur
855 4475 900 4540 Py.
917 4475 958 4524 111
979 4475 1018 4523 55.
