<?xml version="1.0" encoding="UTF-8"?>
<!DOCTYPE html PUBLIC "-//W3C//DTD XHTML 1.0 Transitional//EN"
    "http://www.w3.org/TR/xhtml1/DTD/xhtml1-transitional.dtd">
<html xmlns="http://www.w3.org/1999/xhtml" xml:lang="en" lang="en">
 <head>
  <title>
</title>
<meta http-equiv="Content-Type" content="text/html;charset=utf-8" />
  <meta name='ocr-system' content='tesseract 3.04.00' />
  <meta name='ocr-capabilities' content='ocr_page ocr_carea ocr_par ocr_line ocrx_word'/>
</head>
<body>
  <div class='ocr_page' id='page_1' title='image "./pindaricarminao00pindgoog_0421.png"; bbox 0 0 3767 5534; ppageno 0'>
   <div class='ocr_carea' id='block_1_1' title="bbox 971 703 1033 776">
    <p class='ocr_par' dir='ltr' id='par_1_1' title="bbox 971 703 1033 776">
     <span class='ocr_line' id='line_1_1' title="bbox 971 703 1033 776; baseline -0.016 0"><span class='ocrx_word' id='word_1_1' title='bbox 971 703 1033 776; x_wconf 73' lang='lat'>340</span> 
     </span>
    </p>
   </div>
   <div class='ocr_carea' id='block_1_2' title="bbox 492 907 1520 3014">
    <p class='ocr_par' dir='ltr' id='par_1_2' title="bbox 498 907 1503 1117">
     <span class='ocr_line' id='line_1_2' title="bbox 498 907 1503 994; baseline -0.004 -18"><span class='ocrx_word' id='word_1_2' title='bbox 498 913 550 977; x_wconf 92' lang='lat' dir='ltr'>ille</span> <span class='ocrx_word' id='word_1_3' title='bbox 573 913 667 978; x_wconf 89' lang='lat' dir='ltr'>Poeta</span> <span class='ocrx_word' id='word_1_4' title='bbox 689 916 900 979; x_wconf 80' lang='lat' dir='ltr'>memoraverit</span> <span class='ocrx_word' id='word_1_5' title='bbox 923 915 970 977; x_wconf 88' lang='lat' dir='ltr'>vel</span> <span class='ocrx_word' id='word_1_6' title='bbox 994 912 1173 989; x_wconf 79' lang='lat' dir='ltr'><strong>crediderit,</strong></span> <span class='ocrx_word' id='word_1_7' title='bbox 1201 933 1240 975; x_wconf 92' lang='lat' dir='ltr'>ne</span> <span class='ocrx_word' id='word_1_8' title='bbox 1263 910 1355 974; x_wconf 88' lang='lat' dir='ltr'>verbo</span> <span class='ocrx_word' id='word_1_9' title='bbox 1378 907 1503 994; x_wconf 91' lang='lat' dir='ltr'>quidem</span> 
     </span>
     <span class='ocr_line' id='line_1_3' title="bbox 499 1032 669 1117; baseline 0.006 -23"><span class='ocrx_word' id='word_1_10' title='bbox 499 1032 669 1117; x_wconf 80' lang='lat' dir='ltr'>attingitur.</span> 
     </span>
    </p>

    <p class='ocr_par' dir='ltr' id='par_1_3' title="bbox 495 1145 1506 1710">
     <span class='ocr_line' id='line_1_4' title="bbox 542 1145 1503 1241; baseline -0.006 -28"><span class='ocrx_word' id='word_1_11' title='bbox 542 1150 641 1234; x_wconf 85' lang='lat' dir='ltr'>Magis</span> <span class='ocrx_word' id='word_1_12' title='bbox 671 1152 780 1215; x_wconf 91' lang='lat' dir='ltr'>merito</span> <span class='ocrx_word' id='word_1_13' title='bbox 804 1174 840 1215; x_wconf 84' lang='lat' dir='ltr'>ex</span> <span class='ocrx_word' id='word_1_14' title='bbox 864 1152 955 1215; x_wconf 84' lang='lat' dir='ltr'>tertio</span> <span class='ocrx_word' id='word_1_15' title='bbox 979 1152 1162 1215; x_wconf 89' lang='lat' dir='ltr'>documento</span> <span class='ocrx_word' id='word_1_16' title='bbox 1187 1148 1314 1211; x_wconf 87' lang='lat' dir='ltr'>Vossius</span> <span class='ocrx_word' id='word_1_17' title='bbox 1338 1145 1503 1241; x_wconf 75' lang='lat' dir='ltr'>effeeisset,</span> 
     </span>
     <span class='ocr_line' id='line_1_5' title="bbox 498 1263 1504 1355; baseline -0.005 -24"><span class='ocrx_word' id='word_1_18' title='bbox 498 1269 525 1332; x_wconf 90' lang='lat' dir='ltr'>si</span> <span class='ocrx_word' id='word_1_19' title='bbox 548 1270 707 1347; x_wconf 85' lang='lat' dir='ltr'>voluisset,</span> <span class='ocrx_word' id='word_1_20' title='bbox 732 1270 899 1355; x_wconf 83' lang='lat' dir='ltr'><strong>Aethiopas</strong></span> <span class='ocrx_word' id='word_1_21' title='bbox 923 1270 1075 1334; x_wconf 83' lang='lat' dir='ltr'>habitasse</span> <span class='ocrx_word' id='word_1_22' title='bbox 1100 1269 1131 1332; x_wconf 94' lang='lat' dir='ltr'>in</span> <span class='ocrx_word' id='word_1_23' title='bbox 1152 1266 1295 1351; x_wconf 84' lang='lat' dir='ltr'>Liguria,</span> <span class='ocrx_word' id='word_1_24' title='bbox 1320 1263 1451 1349; x_wconf 82' lang='lat' dir='ltr'>Ligures</span> <span class='ocrx_word' id='word_1_25' title='bbox 1471 1263 1504 1327; x_wconf 89' lang='lat' dir='ltr'>iu</span> 
     </span>
     <span class='ocr_line' id='line_1_6' title="bbox 499 1382 1506 1474; baseline -0.005 -24"><span class='ocrx_word' id='word_1_26' title='bbox 499 1387 639 1472; x_wconf 74' lang='lat' dir='ltr'>Scyt-hia,</span> <span class='ocrx_word' id='word_1_27' title='bbox 671 1388 816 1474; x_wconf 83' lang='lat' dir='ltr'>Scythas,</span> <span class='ocrx_word' id='word_1_28' title='bbox 849 1390 874 1453; x_wconf 92' lang='lat' dir='ltr'>si</span> <span class='ocrx_word' id='word_1_29' title='bbox 905 1388 972 1453; x_wconf 88' lang='lat' dir='ltr'>Diis</span> <span class='ocrx_word' id='word_1_30' title='bbox 1003 1389 1119 1473; x_wconf 89' lang='lat' dir='ltr'>placet,</span> <span class='ocrx_word' id='word_1_31' title='bbox 1149 1386 1181 1449; x_wconf 90' lang='lat' dir='ltr'>in</span> <span class='ocrx_word' id='word_1_32' title='bbox 1210 1382 1448 1470; x_wconf 83' lang='lat' dir='ltr'>Hippomolgia3</span> <span class='ocrx_word' id='word_1_33' title='bbox 1474 1390 1506 1445; x_wconf 84' lang='lat' dir='ltr'>et</span> 
     </span>
     <span class='ocr_line' id='line_1_7' title="bbox 497 1502 1506 1591; baseline -0.004 -23"><span class='ocrx_word' id='word_1_34' title='bbox 497 1506 574 1570; x_wconf 85' lang='lat' dir='ltr'>foret</span> <span class='ocrx_word' id='word_1_35' title='bbox 605 1529 639 1570; x_wconf 91' lang='lat' dir='ltr'>ea</span> <span class='ocrx_word' id='word_1_36' title='bbox 669 1508 753 1591; x_wconf 87' lang='lat' dir='ltr'>regio</span> <span class='ocrx_word' id='word_1_37' title='bbox 786 1507 851 1571; x_wconf 90' lang='lat' dir='ltr'>Diis</span> <span class='ocrx_word' id='word_1_38' title='bbox 883 1507 1119 1590; x_wconf 86' lang='lat' dir='ltr'>hominibusque</span> <span class='ocrx_word' id='word_1_39' title='bbox 1150 1513 1268 1589; x_wconf 89' lang='lat' dir='ltr'>praeter</span> <span class='ocrx_word' id='word_1_40' title='bbox 1292 1502 1436 1566; x_wconf 87' lang='lat' dir='ltr'>Vossium</span> <span class='ocrx_word' id='word_1_41' title='bbox 1459 1502 1506 1565; x_wconf 90' lang='lat' dir='ltr'>in·</span> 
     </span>
     <span class='ocr_line' id='line_1_8' title="bbox 495 1626 626 1710; baseline 0.008 -22"><span class='ocrx_word' id='word_1_42' title='bbox 495 1626 626 1710; x_wconf 88' lang='lat' dir='ltr'>cognita.</span> 
     </span>
    </p>

    <p class='ocr_par' dir='ltr' id='par_1_4' title="bbox 492 1742 1520 2778">
     <span class='ocr_line' id='line_1_9' title="bbox 536 1742 1505 1827; baseline -0.003 -22"><span class='ocrx_word' id='word_1_43' title='bbox 536 1742 648 1807; x_wconf 76' lang='lat' dir='ltr'>&#39;lamen</span> <span class='ocrx_word' id='word_1_44' title='bbox 681 1745 771 1808; x_wconf 89' lang='lat' dir='ltr'>etiam</span> <span class='ocrx_word' id='word_1_45' title='bbox 803 1744 937 1809; x_wconf 83' lang='lat' dir='ltr'><strong>ostendit</strong></span> <span class='ocrx_word' id='word_1_46' title='bbox 972 1743 1119 1820; x_wconf 82' lang='lat' dir='ltr'>Vossius,</span> <span class='ocrx_word' id='word_1_47' title='bbox 1153 1766 1182 1827; x_wconf 91' lang='lat' dir='ltr'>p.</span> <span class='ocrx_word' id='word_1_48' title='bbox 1211 1745 1272 1805; x_wconf 76' lang='lat'>154</span> <span class='ocrx_word' id='word_1_49' title='bbox 1297 1763 1397 1826; x_wconf 84' lang='lat' dir='ltr'>seqq,</span> <span class='ocrx_word' id='word_1_50' title='bbox 1430 1761 1505 1824; x_wconf 93' lang='lat' dir='ltr'>quo-</span> 
     </span>
     <span class='ocr_line' id='line_1_10' title="bbox 492 1856 1506 1946; baseline -0.003 -22"><span class='ocrx_word' id='word_1_51' title='bbox 492 1860 583 1925; x_wconf 90' lang='lat' dir='ltr'>modo</span> <span class='ocrx_word' id='word_1_52' title='bbox 606 1861 720 1925; x_wconf 86' lang='lat' dir='ltr'>factum</span> <span class='ocrx_word' id='word_1_53' title='bbox 744 1864 802 1940; x_wconf 88' lang='lat' dir='ltr'>sit,</span> <span class='ocrx_word' id='word_1_54' title='bbox 831 1869 867 1926; x_wconf 88' lang='lat' dir='ltr'>ut</span> <span class='ocrx_word' id='word_1_55' title='bbox 890 1863 968 1926; x_wconf 89' lang='lat' dir='ltr'>hanc</span> <span class='ocrx_word' id='word_1_56' title='bbox 992 1862 1029 1925; x_wconf 92' lang='lat' dir='ltr'>de</span> <span class='ocrx_word' id='word_1_57' title='bbox 1055 1861 1262 1946; x_wconf 85' lang='lat' dir='ltr'>Hyperboreis</span> <span class='ocrx_word' id='word_1_58' title='bbox 1285 1862 1317 1923; x_wconf 93' lang='lat' dir='ltr'>in</span> <span class='ocrx_word' id='word_1_59' title='bbox 1340 1858 1422 1923; x_wconf 84' lang='lat' dir='ltr'>felici</span> <span class='ocrx_word' id='word_1_60' title='bbox 1445 1856 1506 1921; x_wconf 90' lang='lat' dir='ltr'>Oc·</span> 
     </span>
     <span class='ocr_line' id='line_1_11' title="bbox 493 1975 1505 2065; baseline -0.004 -22"><span class='ocrx_word' id='word_1_61' title='bbox 493 1978 611 2043; x_wconf 90' lang='lat' dir='ltr'>cidente</span> <span class='ocrx_word' id='word_1_62' title='bbox 627 1980 851 2049; x_wconf 54' lang='lat' dir='ltr'>,habitantibus</span> <span class='ocrx_word' id='word_1_63' title='bbox 883 1981 1024 2045; x_wconf 76' lang='lat' dir='ltr'>notitiam</span> <span class='ocrx_word' id='word_1_64' title='bbox 1059 1980 1210 2065; x_wconf 90' lang='lat' dir='ltr'>acceperit</span> <span class='ocrx_word' id='word_1_65' title='bbox 1240 1976 1411 2054; x_wconf 83' lang='lat' dir='ltr'>Hesiodus,</span> <span class='ocrx_word' id='word_1_66' title='bbox 1443 1975 1505 2040; x_wconf 88' lang='lat' dir='ltr'>He·</span> 
     </span>
     <span class='ocr_line' id='line_1_12' title="bbox 493 2094 1504 2163; baseline -0.003 -2"><span class='ocrx_word' id='word_1_67' title='bbox 493 2098 620 2163; x_wconf 86' lang='lat' dir='ltr'>rodotus</span> <span class='ocrx_word' id='word_1_68' title='bbox 654 2106 755 2163; x_wconf 87' lang='lat' dir='ltr'>autem</span> <span class='ocrx_word' id='word_1_69' title='bbox 787 2100 825 2162; x_wconf 91' lang='lat' dir='ltr'>de</span> <span class='ocrx_word' id='word_1_70' title='bbox 850 2100 888 2162; x_wconf 92' lang='lat' dir='ltr'>iis</span> <span class='ocrx_word' id='word_1_71' title='bbox 911 2099 1106 2163; x_wconf 89' lang='lat' dir='ltr'>dubitaverit.</span> <span class='ocrx_word' id='word_1_72' title='bbox 1154 2097 1269 2162; x_wconf 90' lang='lat' dir='ltr'>Verum</span> <span class='ocrx_word' id='word_1_73' title='bbox 1293 2119 1327 2160; x_wconf 91' lang='lat' dir='ltr'>ea</span> <span class='ocrx_word' id='word_1_74' title='bbox 1351 2104 1381 2160; x_wconf 89' lang='lat' dir='ltr'>et</span> <span class='ocrx_word' id='word_1_75' title='bbox 1403 2094 1504 2159; x_wconf 88' lang='lat' dir='ltr'>multa</span> 
     </span>
     <span class='ocr_line' id='line_1_13' title="bbox 494 2216 1505 2303; baseline 0 -26"><span class='ocrx_word' id='word_1_76' title='bbox 494 2217 596 2282; x_wconf 89' lang='lat' dir='ltr'>Vossii</span> <span class='ocrx_word' id='word_1_77' title='bbox 619 2226 787 2282; x_wconf 92' lang='lat' dir='ltr'>commenta</span> <span class='ocrx_word' id='word_1_78' title='bbox 809 2219 951 2303; x_wconf 86' lang='lat' dir='ltr'>persequi</span> <span class='ocrx_word' id='word_1_79' title='bbox 975 2217 1052 2295; x_wconf 85' lang='lat' dir='ltr'>nihil</span> <span class='ocrx_word' id='word_1_80' title='bbox 1075 2239 1195 2281; x_wconf 89' lang='lat' dir='ltr'>necesse</span> <span class='ocrx_word' id='word_1_81' title='bbox 1219 2226 1274 2281; x_wconf 88' lang='lat' dir='ltr'>est.</span> <span class='ocrx_word' id='word_1_82' title='bbox 1312 2216 1415 2279; x_wconf 87' lang='lat' dir='ltr'>Pauca</span> <span class='ocrx_word' id='word_1_83' title='bbox 1437 2222 1505 2278; x_wconf 89' lang='lat' dir='ltr'>tau·</span> 
     </span>
     <span class='ocr_line' id='line_1_14' title="bbox 493 2334 1502 2422; baseline -0.001 -24"><span class='ocrx_word' id='word_1_84' title='bbox 493 2343 560 2399; x_wconf 90' lang='lat' dir='ltr'>tum</span> <span class='ocrx_word' id='word_1_85' title='bbox 595 2337 668 2402; x_wconf 89' lang='lat' dir='ltr'>haec</span> <span class='ocrx_word' id='word_1_86' title='bbox 699 2338 885 2422; x_wconf 89' lang='lat' dir='ltr'>disputanda</span> <span class='ocrx_word' id='word_1_87' title='bbox 915 2360 979 2401; x_wconf 89' lang='lat' dir='ltr'>esse</span> <span class='ocrx_word' id='word_1_88' title='bbox 1012 2337 1198 2412; x_wconf 85' lang='lat' dir='ltr'>existimavi,</span> <span class='ocrx_word' id='word_1_89' title='bbox 1230 2343 1388 2420; x_wconf 86' lang='lat' dir='ltr'>propterea</span> <span class='ocrx_word' id='word_1_90' title='bbox 1417 2334 1502 2419; x_wconf 94' lang='lat' dir='ltr'>quod</span> 
     </span>
     <span class='ocr_line' id='line_1_15' title="bbox 494 2453 1504 2541; baseline 0 -24"><span class='ocrx_word' id='word_1_91' title='bbox 494 2453 619 2518; x_wconf 92' lang='lat' dir='ltr'>Pindari</span> <span class='ocrx_word' id='word_1_92' title='bbox 649 2456 751 2519; x_wconf 90' lang='lat' dir='ltr'>studio</span> <span class='ocrx_word' id='word_1_93' title='bbox 782 2466 812 2519; x_wconf 91' lang='lat' dir='ltr'>et</span> <span class='ocrx_word' id='word_1_94' title='bbox 842 2455 1063 2541; x_wconf 80' lang='lat' dir='ltr'>intelligentiae</span> <span class='ocrx_word' id='word_1_95' title='bbox 1094 2478 1156 2519; x_wconf 91' lang='lat' dir='ltr'>non</span> <span class='ocrx_word' id='word_1_96' title='bbox 1185 2454 1291 2518; x_wconf 88' lang='lat' dir='ltr'>obesse</span> <span class='ocrx_word' id='word_1_97' title='bbox 1319 2454 1450 2538; x_wconf 91' lang='lat' dir='ltr'>poterit,</span> <span class='ocrx_word' id='word_1_98' title='bbox 1476 2453 1504 2517; x_wconf 85' lang='lat' dir='ltr'>si</span> 
     </span>
     <span class='ocr_line' id='line_1_16' title="bbox 493 2572 1520 2660; baseline -0.001 -24"><span class='ocrx_word' id='word_1_99' title='bbox 493 2573 592 2637; x_wconf 88' lang='lat' dir='ltr'>multa</span> <span class='ocrx_word' id='word_1_100' title='bbox 622 2597 724 2638; x_wconf 90' lang='lat' dir='ltr'>eorum</span> <span class='ocrx_word' id='word_1_101' title='bbox 757 2573 935 2660; x_wconf 86' lang='lat' dir='ltr'>diligentius</span> <span class='ocrx_word' id='word_1_102' title='bbox 967 2574 1183 2657; x_wconf 83' lang='lat' dir='ltr'>exquirantur,</span> <span class='ocrx_word' id='word_1_103' title='bbox 1216 2595 1293 2656; x_wconf 91' lang='lat' dir='ltr'>quae</span> <span class='ocrx_word' id='word_1_104' title='bbox 1322 2572 1520 2659; x_wconf 74' lang='lat' dir='ltr'>Boechhius¹</span> 
     </span>
     <span class='ocr_line' id='line_1_17' title="bbox 494 2692 1198 2778; baseline 0.001 -23"><span class='ocrx_word' id='word_1_105' title='bbox 494 2694 537 2756; x_wconf 88' lang='lat' dir='ltr'>ita</span> <span class='ocrx_word' id='word_1_106' title='bbox 561 2692 737 2757; x_wconf 84' lang='lat' dir='ltr'>affirmanda</span> <span class='ocrx_word' id='word_1_107' title='bbox 759 2699 867 2778; x_wconf 88' lang='lat' dir='ltr'>putat,</span> <span class='ocrx_word' id='word_1_108' title='bbox 890 2701 926 2756; x_wconf 90' lang='lat' dir='ltr'>ut</span> <span class='ocrx_word' id='word_1_109' title='bbox 948 2692 1084 2757; x_wconf 91' lang='lat' dir='ltr'>dubitari</span> <span class='ocrx_word' id='word_1_110' title='bbox 1107 2700 1198 2756; x_wconf 88' lang='lat' dir='ltr'>vetet.</span> 
     </span>
    </p>

    <p class='ocr_par' dir='ltr' id='par_1_5' title="bbox 492 2810 1501 3014">
     <span class='ocr_line' id='line_1_18' title="bbox 540 2810 1501 2896; baseline 0.001 -22"><span class='ocrx_word' id='word_1_111' title='bbox 540 2810 647 2896; x_wconf 91' lang='lat' dir='ltr'>Nuper</span> <span class='ocrx_word' id='word_1_112' title='bbox 670 2811 915 2876; x_wconf 85' lang='lat' dir='ltr'>Schoenbornius</span> <span class='ocrx_word' id='word_1_113' title='bbox 939 2811 998 2875; x_wconf 86' lang='lat' dir='ltr'>sibi</span> <span class='ocrx_word' id='word_1_114' title='bbox 1021 2811 1226 2874; x_wconf 89' lang='lat' dir='ltr'>demonstrare</span> <span class='ocrx_word' id='word_1_115' title='bbox 1251 2811 1333 2873; x_wconf 85' lang='lat' dir='ltr'>visus</span> <span class='ocrx_word' id='word_1_116' title='bbox 1354 2818 1416 2887; x_wconf 91' lang='lat' dir='ltr'>est,</span> <span class='ocrx_word' id='word_1_117' title='bbox 1437 2810 1501 2894; x_wconf 86' lang='lat' dir='ltr'>Hy·</span> 
     </span>
     <span class='ocr_line' id='line_1_19' title="bbox 492 2928 1500 3014; baseline 0 -21"><span class='ocrx_word' id='word_1_118' title='bbox 492 2930 652 3014; x_wconf 84' lang='lat' dir='ltr'>perbereos</span> <span class='ocrx_word' id='word_1_119' title='bbox 687 2930 780 2994; x_wconf 85' lang='lat' dir='ltr'>fuisse</span> <span class='ocrx_word' id='word_1_120' title='bbox 814 2929 941 3013; x_wconf 89' lang='lat' dir='ltr'>Lycios:</span> <span class='ocrx_word' id='word_1_121' title='bbox 977 2929 1071 2994; x_wconf 84' lang='lat' dir='ltr'>ueber</span> <span class='ocrx_word' id='word_1_122' title='bbox 1104 2929 1157 2993; x_wconf 91' lang='lat' dir='ltr'>das</span> <span class='ocrx_word' id='word_1_123' title='bbox 1190 2929 1301 2993; x_wconf 89' lang='lat' dir='ltr'>Wesen</span> <span class='ocrx_word' id='word_1_124' title='bbox 1333 2928 1500 3014; x_wconf 85' lang='lat' dir='ltr'>Apollons‚</span> 
     </span>
    </p>
   </div>
   <div class='ocr_carea' id='block_1_3' title="bbox 496 3047 1046 3135">
    <p class='ocr_par' dir='ltr' id='par_1_6' title="bbox 496 3047 1046 3135">
     <span class='ocr_line' id='line_1_20' title="bbox 496 3047 1046 3135; baseline 0.009 -25"><span class='ocrx_word' id='word_1_125' title='bbox 496 3047 618 3126; x_wconf 84' lang='lat' dir='ltr'>Berlin,</span> <span class='ocrx_word' id='word_1_126' title='bbox 646 3052 748 3127; x_wconf 80' lang='lat'>1854,</span> <span class='ocrx_word' id='word_1_127' title='bbox 774 3073 802 3135; x_wconf 89' lang='lat' dir='ltr'>p.</span> <span class='ocrx_word' id='word_1_128' title='bbox 830 3052 871 3115; x_wconf 75' lang='lat'>74</span> <span class='ocrx_word' id='word_1_129' title='bbox 895 3072 978 3135; x_wconf 84' lang='lat' dir='ltr'>seqq.</span> <span class='ocrx_word' id='word_1_130' title='bbox 1041 3090 1046 3099; x_wconf 92' lang='lat'><em>·</em></span> 
     </span>
    </p>
   </div>
   <div class='ocr_carea' id='block_1_4' title="bbox 968 3330 1091 3337">
    <p class='ocr_par' dir='ltr' id='par_1_7' title="bbox 968 3330 1091 3337">
     <span class='ocr_line' id='line_1_21' title="bbox 968 3330 1091 3337; baseline 0.024 -3"><span class='ocrx_word' id='word_1_131' title='bbox 968 3330 1091 3337; x_wconf 74' lang='lat'><em>...----.-.....</em></span> 
     </span>
    </p>
   </div>
   <div class='ocr_carea' id='block_1_5' title="bbox 801 3493 1137 3590">
    <p class='ocr_par' dir='ltr' id='par_1_8' title="bbox 801 3493 1137 3590">
     <span class='ocr_line' id='line_1_22' title="bbox 801 3493 1137 3590; baseline 0.006 -3"><span class='ocrx_word' id='word_1_132' title='bbox 801 3514 804 3520; x_wconf 73' lang='grc'><strong><em>’</em></strong></span> <span class='ocrx_word' id='word_1_133' title='bbox 852 3493 1053 3590; x_wconf 69' lang='lat' dir='ltr'>onunrrn&#39;</span> <span class='ocrx_word' id='word_1_134' title='bbox 1082 3525 1137 3589; x_wconf 82' lang='lat' dir='ltr'>ru</span> 
     </span>
    </p>
   </div>
   <div class='ocr_carea' id='block_1_6' title="bbox 490 3760 1500 4562">
    <p class='ocr_par' dir='ltr' id='par_1_9' title="bbox 490 3760 1500 4562">
     <span class='ocr_line' id='line_1_23' title="bbox 540 3760 1500 3828; baseline 0.005 -5"><span class='ocrx_word' id='word_1_135' title='bbox 540 3760 728 3825; x_wconf 83' lang='lat' dir='ltr'>Camerinam</span> <span class='ocrx_word' id='word_1_136' title='bbox 762 3762 925 3827; x_wconf 77' lang='lat' dir='ltr'>scholiasta</span> <span class='ocrx_word' id='word_1_137' title='bbox 948 3770 1035 3827; x_wconf 92' lang='lat' dir='ltr'>vetus</span> <span class='ocrx_word' id='word_1_138' title='bbox 1059 3763 1097 3826; x_wconf 93' lang='lat' dir='ltr'>ad</span> <span class='ocrx_word' id='word_1_139' title='bbox 1121 3762 1170 3827; x_wconf 88' lang='lat' dir='ltr'>Ol.</span> <span class='ocrx_word' id='word_1_140' title='bbox 1195 3762 1224 3824; x_wconf 91' lang='lat' dir='ltr'>V</span> <span class='ocrx_word' id='word_1_141' title='bbox 1250 3765 1289 3826; x_wconf 82' lang='lat'>16</span> <span class='ocrx_word' id='word_1_142' title='bbox 1313 3762 1407 3827; x_wconf 87' lang='lat' dir='ltr'>tradit</span> <span class='ocrx_word' id='word_1_143' title='bbox 1430 3770 1500 3828; x_wconf 80' lang='lat' dir='ltr'>con-</span> 
     </span>
     <span class='ocr_line' id='line_1_24' title="bbox 493 3878 1500 3968; baseline 0.005 -26"><span class='ocrx_word' id='word_1_144' title='bbox 493 3878 586 3943; x_wconf 89' lang='lat' dir='ltr'>ditam</span> <span class='ocrx_word' id='word_1_145' title='bbox 611 3902 675 3944; x_wconf 89' lang='lat' dir='ltr'>esse</span> <span class='ocrx_word' id='word_1_146' title='bbox 699 3879 880 3967; x_wconf 83' lang='lat' dir='ltr'>Olympiade</span> <span class='ocrx_word' id='word_1_147' title='bbox 904 3882 1136 3968; x_wconf 87' lang='lat' dir='ltr'>quadragesima</span> <span class='ocrx_word' id='word_1_148' title='bbox 1158 3883 1281 3967; x_wconf 87' lang='lat' dir='ltr'>quinta,</span> <span class='ocrx_word' id='word_1_149' title='bbox 1310 3890 1418 3947; x_wconf 88' lang='lat' dir='ltr'>tuma</span> <span class='ocrx_word' id='word_1_150' title='bbox 1441 3884 1500 3947; x_wconf 90' lang='lat' dir='ltr'>vic·</span> 
     </span>
     <span class='ocr_line' id='line_1_25' title="bbox 491 3987 1499 4087; baseline 0.008 -27"><span class='ocrx_word' id='word_1_151' title='bbox 491 3997 609 4061; x_wconf 86' lang='lat' dir='ltr'>toribus</span> <span class='ocrx_word' id='word_1_152' title='bbox 633 3998 828 4084; x_wconf 82' lang='lat' dir='ltr'>Syracusanis</span> <span class='ocrx_word' id='word_1_153' title='bbox 852 3987 1036 4066; x_wconf 74' lang='lat' dir='ltr'>destructam</span> <span class='ocrx_word' id='word_1_154' title='bbox 1060 3999 1109 4068; x_wconf 92' lang='lat' dir='ltr'>Ol.</span> <span class='ocrx_word' id='word_1_155' title='bbox 1134 4000 1241 4079; x_wconf 85' lang='lat' dir='ltr'>LVII,</span> <span class='ocrx_word' id='word_1_156' title='bbox 1262 4010 1369 4087; x_wconf 90' lang='lat' dir='ltr'>postea</span> <span class='ocrx_word' id='word_1_157' title='bbox 1382 4004 1499 4068; x_wconf 85' lang='lat' dir='ltr'>instau-</span> 
     </span>
     <span class='ocr_line' id='line_1_26' title="bbox 493 4117 1498 4204; baseline 0.006 -24"><span class='ocrx_word' id='word_1_158' title='bbox 493 4128 588 4182; x_wconf 89' lang='lat' dir='ltr'>ratam</span> <span class='ocrx_word' id='word_1_159' title='bbox 620 4117 670 4183; x_wconf 92' lang='lat' dir='ltr'>Ol.</span> <span class='ocrx_word' id='word_1_160' title='bbox 698 4119 859 4199; x_wconf 84' lang='lat' dir='ltr'>LXXXV,</span> <span class='ocrx_word' id='word_1_161' title='bbox 882 4124 922 4204; x_wconf 74' lang='grc' dir='ltr'>τῷ</span> <span class='ocrx_word' id='word_1_162' title='bbox 946 4120 1062 4199; x_wconf 70' lang='grc' dir='ltr'><em>μεταξὺ</em></span> <span class='ocrx_word' id='word_1_163' title='bbox 1084 4123 1177 4203; x_wconf 75' lang='grc' dir='ltr'><em>χρόνῳ</em></span> <span class='ocrx_word' id='word_1_164' title='bbox 1198 4123 1262 4187; x_wconf 76' lang='lat' dir='ltr'>aat&#39;</span> <span class='ocrx_word' id='word_1_165' title='bbox 1285 4119 1313 4187; x_wconf 75' lang='grc' dir='ltr'>ὃν</span> <span class='ocrx_word' id='word_1_166' title='bbox 1335 4120 1461 4198; x_wconf 77' lang='grc' dir='ltr'>ἐνίκησεν</span> <span class='ocrx_word' id='word_1_167' title='bbox 1485 4126 1498 4186; x_wconf 85' lang='lat' dir='ltr'>o&#39;</span> 
     </span>
     <span class='ocr_line' id='line_1_27' title="bbox 491 4239 1500 4326; baseline 0.006 -25"><span class='ocrx_word' id='word_1_168' title='bbox 491 4244 621 4315; x_wconf 70' lang='grc' dir='ltr'>Ψαῡμις.</span> <span class='ocrx_word' id='word_1_169' title='bbox 668 4239 709 4303; x_wconf 85' lang='lat' dir='ltr'>Ilt</span> <span class='ocrx_word' id='word_1_170' title='bbox 730 4240 763 4304; x_wconf 92' lang='lat' dir='ltr'>in</span> <span class='ocrx_word' id='word_1_171' title='bbox 787 4240 1093 4306; x_wconf 83' lang='lat' dir='ltr'>scholio&#39;recentiore</span> <span class='ocrx_word' id='word_1_172' title='bbox 1117 4242 1154 4305; x_wconf 89' lang='lat' dir='ltr'>ad</span> <span class='ocrx_word' id='word_1_173' title='bbox 1178 4264 1211 4306; x_wconf 90' lang='lat' dir='ltr'>vs</span> <span class='ocrx_word' id='word_1_174' title='bbox 1238 4244 1276 4305; x_wconf 85' lang='lat'>19</span> <span class='ocrx_word' id='word_1_175' title='bbox 1300 4240 1419 4326; x_wconf 90' lang='lat' dir='ltr'>reliqua</span> <span class='ocrx_word' id='word_1_176' title='bbox 1433 4242 1500 4326; x_wconf 91' lang='lat' dir='ltr'>qui-</span> 
     </span>
     <span class='ocr_line' id='line_1_28' title="bbox 490 4354 1499 4444; baseline 0.007 -26"><span class='ocrx_word' id='word_1_177' title='bbox 490 4354 558 4419; x_wconf 91' lang='lat' dir='ltr'>dem</span> <span class='ocrx_word' id='word_1_178' title='bbox 587 4357 752 4422; x_wconf 87' lang='lat' dir='ltr'>traduntur</span> <span class='ocrx_word' id='word_1_179' title='bbox 778 4360 884 4424; x_wconf 90' lang='lat' dir='ltr'>eodem</span> <span class='ocrx_word' id='word_1_180' title='bbox 907 4359 1016 4437; x_wconf 90' lang='lat' dir='ltr'>modo,</span> <span class='ocrx_word' id='word_1_181' title='bbox 1040 4382 1142 4426; x_wconf 83' lang='lat' dir='ltr'>rerum</span> <span class='ocrx_word' id='word_1_182' title='bbox 1168 4360 1349 4423; x_wconf 88' lang='lat' dir='ltr'>instauratio</span> <span class='ocrx_word' id='word_1_183' title='bbox 1373 4361 1499 4444; x_wconf 86' lang='lat' dir='ltr'>ponitur</span> 
     </span>
     <span class='ocr_line' id='line_1_29' title="bbox 492 4470 1499 4562; baseline 0.012 -28"><span class='ocrx_word' id='word_1_184' title='bbox 492 4470 541 4537; x_wconf 92' lang='lat' dir='ltr'>Ol.</span> <span class='ocrx_word' id='word_1_185' title='bbox 566 4471 738 4562; x_wconf 80' lang='lat' dir='ltr'>LXXXII,</span> <span class='ocrx_word' id='word_1_186' title='bbox 767 4471 883 4556; x_wconf 56' lang='grc' dir='ltr'>μετάξὺ</span> <span class='ocrx_word' id='word_1_187' title='bbox 910 4486 960 4545; x_wconf 82' lang='grc' dir='ltr'>τοῦ</span> <span class='ocrx_word' id='word_1_188' title='bbox 984 4482 1103 4561; x_wconf 71' lang='grc' dir='ltr'>χρόνον,</span> <span class='ocrx_word' id='word_1_189' title='bbox 1129 4481 1191 4544; x_wconf 66' lang='grc' dir='ltr'>καθ’</span> <span class='ocrx_word' id='word_1_190' title='bbox 1214 4477 1243 4544; x_wconf 73' lang='grc' dir='ltr'>ἓν</span> <span class='ocrx_word' id='word_1_191' title='bbox 1268 4485 1387 4557; x_wconf 65' lang='lat' dir='ltr'>Variana</span> <span class='ocrx_word' id='word_1_192' title='bbox 1411 4482 1499 4557; x_wconf 69' lang='grc' dir='ltr'><strong><em>ἐνίκη-</em></strong></span> 
     </span>
    </p>
   </div>
   <div class='ocr_carea' id='block_1_7' title="bbox 0 0 1888 5534">
    <p class='ocr_par' dir='ltr' id='par_1_10' title="bbox 0 0 1888 5534">
     <span class='ocr_line' id='line_1_30' title="bbox 0 0 1888 5534; baseline 0 3"><span class='ocrx_word' id='word_1_193' title='bbox 0 0 1888 5534; x_wconf 95' lang='lat' dir='ltr'> </span> 
     </span>
    </p>
   </div>
  </div>
 </body>
</html>
