3767 5534
994 724 1032 783 12

502 936 606 994 autem
629 940 697 993 tum
721 932 807 1011 parta
830 922 953 1006 Pelopis
977 921 1075 1005 gloria
1097 919 1277 1005 splendebat
1297 920 1398 984 adhuc
1414 920 1519 1005 Olym·

500 1047 570 1132 piae
592 1047 625 1110 in
649 1045 831 1110 certamine:
849 1045 871 1127 ¹)
895 1042 948 1105 sed
973 1042 1052 1105 hanc
1075 1042 1172 1125 ipsam
1197 1047 1231 1104 ut
1254 1040 1440 1118 illustraret,
1459 1040 1515 1104 Dei

502 1188 636 1230 amorem
660 1172 691 1229 et
714 1163 864 1228 auxilium
888 1168 980 1246 poeta
994 1160 1178 1245 pulcerrimo
1195 1160 1328 1224 carmine
1343 1159 1518 1224 celebravit.

546 1282 681 1348 Omnino
712 1289 833 1347 vetusta
864 1281 993 1345 heroum
1024 1279 1122 1364 gloria
1145 1279 1184 1342 ad
1206 1278 1289 1343 Deos
1313 1278 1518 1356 referebatur,

499 1408 531 1467 et
553 1401 717 1480 ludorum,
743 1401 901 1485 gentium,
925 1398 1050 1463 urbium
1075 1397 1207 1482 origines
1223 1403 1417 1460 consecratae
1433 1404 1516 1460 sunt.

501 1520 604 1602 Quam
634 1520 894 1585 consecrationem
924 1518 979 1602 qui
1001 1516 1109 1594 tollat,
1132 1517 1158 1579 is
1182 1537 1245 1580 non
1268 1514 1426 1579 historiam
1450 1514 1519 1581 dico

499 1647 671 1725 temporum
702 1639 751 1702 vel
781 1637 945 1701 vetustatis
977 1636 1173 1714 memoriam,
1206 1635 1259 1699 sed
1290 1636 1388 1720 ipsam
1411 1634 1518 1721 potsin

499 1757 590 1821 tollat
618 1757 656 1821 de
688 1755 834 1835 Graecia,
859 1755 891 1819 id
916 1763 1019 1820 autem
1045 1764 1125 1819 esset
1146 1756 1245 1839 ipsam
1267 1755 1395 1819 interitu
1420 1754 1520 1819 delere

499 1875 676 1954 Graeciam,
708 1876 805 1960 magis
837 1898 930 1959 quam
961 1874 1009 1938 vel
1040 1874 1154 1938 Darius
1187 1874 1235 1938 vel
1259 1873 1393 1951 Xerxes,
1418 1874 1444 1936 si
1468 1896 1520 1960 po·

500 1995 647 2073 tuissent,
672 1995 770 2059 facere
794 1995 963 2059 voluerant.
999 1992 1072 2057 Non
1097 2015 1168 2078 ergo
1192 1992 1330 2057 Deorum
1354 2015 1470 2056 amores
1487 2000 1517 2057 et

503 2114 658 2178 connubia
680 2114 768 2178 siluit
786 2114 958 2193 Pindarus,
976 2137 1055 2198 quae
1071 2120 1172 2177 essent
1187 2135 1257 2177 cnm
1274 2113 1410 2196 antiquis
1427 2112 1519 2176 Grae·

500 2233 564 2297 ciac
588 2232 733 2298 laudibus
757 2234 1023 2319 conjunctissima:
1042 2234 1096 2297 sed
1112 2240 1228 2317 quanta
1244 2231 1407 2316 dignitate,
1425 2254 1517 2315 quam

414 2348 416 2351 ’
500 2359 627 2416 venuste
658 2375 693 2416 ac
724 2352 831 2418 decore
863 2376 898 2415 ea
930 2353 1092 2431 cecinerit,
1126 2350 1350 2416 ostendendum
1375 2373 1446 2415 sane
1470 2356 1517 2413 est

501 2471 539 2535 de
570 2473 635 2556 ejus
660 2472 810 2556 sapientia
832 2471 1042 2557 perscribenti.
1089 2470 1170 2535 Nam
1196 2471 1221 2534 si
1244 2470 1424 2534 maledicere
1448 2470 1515 2533 Diis

489 2591 604 2655 ¹odiosa
638 2592 790 2677 sapientia
823 2600 885 2670 est,
900 2594 924 2676 2)
958 2614 1065 2656 ornare
1096 2592 1178 2655 Deos
1209 2590 1345 2675 profecto
1377 2589 1515 2653 amabilis

498 2710 648 2794 sapientia
671 2719 726 2775 est.
773 2712 874 2796 Igitur
898 2735 954 2798 pro
978 2711 1116 2797 exemplo
1140 2712 1180 2776 sit
1204 2733 1289 2774 amor
1313 2709 1466 2793 Apollinis
1483 2708 1514 2771 in

499 2829 655 2915 Cyrenen,
690 2832 940 2917 qnandoquidem
972 2834 1114 2919 copiosus
1146 2833 1179 2896 in
1211 2853 1246 2895 eo
1270 2828 1422 2894 narrando
1445 2828 1515 2892 Piu-

498 2949 592 3014 darus
616 2950 685 3014 fuit.

541 3068 657 3154 Rapuit
684 3093 749 3134 eam
777 3069 942 3155 aliquando
966 3067 1084 3136 e'Pelii
1107 3070 1297 3135 convallibus
1319 3068 1457 3133 Latonae
1481 3068 1513 3130 fi-

495 3187 557 3252 lius
586 3194 617 3251 et
647 3188 777 3253 abduxit
798 3182 894 3253 ¹aureo
917 3212 1011 3255 curru
1033 3190 1066 3254 in
1091 3213 1160 3255 eum
1183 3191 1305 3267 locum,
1331 3188 1384 3253 uhi
1407 3188 1512 3252 divitis

495 3306 637 3393 frugibus
665 3316 695 3372 et
721 3331 829 3393 pecore
852 3317 950 3373 terrae
974 3333 1039 3374 eam
1063 3311 1217 3374 dominam
1241 3310 1329 3386 fecit,
1355 3316 1391 3372 ut
1414 3331 1513 3372 amoe-

495 3448 567 3490 nam
590 3426 723 3491 radicem
746 3428 932 3491 continentis
955 3429 1076 3492 tertiam
1101 3429 1236 3492 Africam
1259 3428 1418 3491 incoleret.
1453 3427 1512 3489 Ex-

497 3545 579 3629 cepit
607 3543 714 3609 Venns
743 3545 868 3610 Delium
900 3547 1070 3632 hospitem,
1103 3548 1223 3611 divinos
1252 3569 1359 3611 currus
1382 3553 1511 3630 tangens

496 3683 591 3725 manu
613 3662 689 3727 levi:
713 3664 813 3749 iisqne
835 3666 867 3729 in
892 3665 982 3731 dulce
1005 3673 1107 3730 torum
1130 3666 1236 3751 injecit
1258 3665 1407 3751 pudorem
1431 3688 1511 3728 ama-

496 3779 606 3859 bilem,
632 3804 792 3848 communc
815 3785 981 3848 concilians
1005 3785 1071 3849 Deo
1093 3786 1263 3870 virginique
1283 3786 1472 3871 conjugium.
1486 3784 1512 3869 ³)

496 3897 547 3964 Sic
576 3902 700 3986 quidem
732 3903 904 3968 universam
935 3928 999 3969 rem
1030 3905 1212 3990 pulcerrime
1235 3913 1325 3990 poeta
1349 3906 1510 3991 significat.

497 4015 557 4081 Sed
580 4042 650 4083 mox
673 4021 706 4083 in
729 4022 835 4086 eodem
860 4024 1009 4102 carmine,
1031 4047 1067 4089 ex
1087 4047 1149 4109 quo
1169 4024 1243 4088 haec
1264 4024 1425 4101 duximus,
1447 4044 1510 4086 rem

496 4136 535 4201 ab
569 4138 658 4202 initio
691 4140 812 4227 repetit.
865 4141 940 4206 Erat
975 4142 1092 4228 Cyrene
1126 4142 1275 4229 Hypsidis
1306 4141 1508 4228 Lapitharum

501 4309 684 4321 —u-—..

532 4415 557 4477 1)
575 4415 638 4464 Ibid.
657 4416 713 4466 151.
782 4418 807 4479 2)
826 4418 863 4468 Ol.
881 4420 927 4467 IX.
945 4419 985 4468 56.
1003 4418 1073 4470 Oonf.
1090 4420 1163 4484 hujus
1179 4418 1353 4470 dissertationis
1369 4436 1424 4491 paq.
1442 4421 1465 4471 9.

531 4512 555 4579 3)
571 4513 612 4584 ry.
631 4513 676 4564 IX.
693 4514 784 4571 6-23,
