3767 5534
904 710 969 768 439

432 905 529 970 Porro
552 905 660 969 laudat
683 905 842 989 Aeginam,
864 905 1003 990 justitiae
1027 905 1107 969 lama
1130 906 1294 990 inclytam,
1320 917 1350 971 et
1370 913 1448 971 vete

432 1045 495 1087 rem
526 1025 619 1088 Aeaci
649 1022 795 1107 gloriam,
828 1023 963 1086 Deorum
993 1024 1067 1093 socii
1090 1024 1123 1085 in
1147 1023 1313 1089 condendis
1337 1024 1446 1109 Trojae

433 1141 611 1219 moenibus,
635 1142 810 1225 laetumque
830 1142 976 1225 jamtum
993 1142 1170 1205 vaticinium
1186 1142 1224 1205 de
1243 1142 1444 1207 Aeacidarum

433 1260 466 1323 in
496 1259 655 1323 diruendis
681 1258 789 1324 iisdem
812 1260 919 1344 gloria.
968 1259 1044 1322 Inde
1068 1260 1188 1324 rediens
1212 1260 1251 1324 ad
1276 1261 1446 1346 praesentia

433 1377 540 1442 laudat·
573 1376 749 1456 Melesiam,
785 1378 955 1463 palaestrae
989 1378 1186 1462 magistrum,
1220 1387 1444 1463 praeceptorem

434 1496 674 1573 Alcimedontis,
699 1496 870 1579 iterumque
894 1496 994 1579 ipsum
1020 1496 1280 1559 Alcimedontem:
1307 1497 1354 1559 avi
1379 1498 1444 1581 ejus

433 1613 553 1677 extollit·
582 1614 712 1699 gaudia,
745 1614 902 1697 totiusque
933 1613 1033 1677 tribus
1059 1612 1306 1697 Blepsiadarum,
1331 1637 1368 1677 ex
1384 1636 1446 1698 qua

433 1732 529 1797 victor
552 1739 634 1810 erat,
659 1733 772 1797 excitat
794 1733 989 1807 memoriam,
1013 1739 1203 1815 praesentem
1228 1754 1298 1795 vero
1321 1731 1445 1796 landem

432 1851 523 1915 etiam
547 1850 586 1914 ad
609 1858 747 1915 mortuos
772 1851 923 1935 pertinere
946 1850 1023 1914 vult.
1070 1849 1168 1914 Addit
1192 1859 1262 1915 vota
1285 1873 1340 1936 pro
1363 1851 1447 1914 inco·

432 1969 573 2035 lumitate
596 1969 696 2033 tribus
720 1977 751 2032 et
774 1969 916 2033 civitatis.

478 2089 634 2173 Apparere
665 2088 818 2152 existimat
847 2086 1023 2151 Boeokhins
1057 2110 1074 2149 e
1102 2109 1135 2148 vs
1162 2088 1220 2163 12,
1245 2107 1365 2149 carmen
1390 2088 1448 2151 hoc

435 2214 560 2270 cantum
599 2228 664 2270 esse
698 2204 875 2291 Olympiae,
911 2205 1056 2269 instituta
1089 2203 1134 2268 ibi
1168 2204 1382 2268 comissatione
1417 2214 1448 2269 et

435 2340 563 2404 pompa,
596 2341 656 2403 qua
675 2340 799 2385 corona
832 2319 864 2384 in
895 2340 1015 2382 sacrum
1039 2317 1200 2402 Olympiae
1223 2318 1327 2382 lucum
1352 2318 1447 2383 defer·

436 2443 529 2500 retur.
576 2435 748 2500 Scholiasta
776 2444 863 2499 retus
887 2434 925 2498 ad
950 2458 983 2497 vs
1009 2437 1050 2497 66
1074 2442 1218 2512 annotat,
1243 2436 1321 2515 δεῦρο
1344 2436 1404 2499 diei
1429 2459 1446 2500 a

435 2552 545 2631 choro,
579 2561 610 2618 et
640 2553 782 2617 carminis
806 2552 1011 2616 cantationem
1036 2552 1131 2615 fuisse
1154 2552 1300 2635 Aeginae.
1348 2550 1447 2615 Credo

435 2670 595 2755 equidem,
626 2671 684 2734 hoc
715 2693 778 2734 non
809 2670 901 2733 nimis
925 2668 1097 2753 urgendum
1121 2691 1203 2732 esse:
1228 2675 1275 2733 est
1298 2677 1379 2732 certe
1402 2668 1446 2733 ibi

435 2787 474 2852 de
505 2788 624 2872 Aegina
653 2809 766 2865 sermo,
800 2796 831 2852 et
860 2793 952 2851 recte'
969 2793 1072 2850 monet
1096 2785 1289 2863 Boeokhins,
1313 2786 1347 2850 in
1370 2786 1447 2870 ejus·

435 2905 519 2970 modi
541 2906 694 2970 sententia
716 2904 748 2969 id
772 2904 950 2969 adverbium
975 2904 1066 2968 etiam
1090 2904 1163 2988 poni
1186 2903 1224 2968 de
1241 2927 1276 2967 eo
1292 2904 1374 2982 loco,
1391 2904 1445 2969 ubi

435 3024 479 3101 is,
494 3024 549 3109 qui
560 3023 706 3108 loquatur
714 3071 723 3100 ,
734 3031 800 3087 tum
814 3044 876 3086 nou
890 3044 1031 3107 praesens
1044 3021 1141 3085 adsit:
1155 3020 1239 3085 velut
1251 3021 1334 3105 apud
1346 3020 1447 3085 Plato·

435 3162 521 3218 nem,
544 3139 701 3203 Phaedon.
727 3141 768 3202 58
794 3140 829 3216 b,
854 3138 997 3216 Phaedo,
1023 3137 1169 3202 Phliunte
1182 3138 1360 3223 colloquens
1375 3122 1444 3202 cum

435 3258 618 3334 Echecrate:
642 3258 707 3338 arpis
730 3256 767 3321 ἂν
790 3259 829 3327 εἰς
854 3266 950 3330 Δῆλον
974 3258 1119 3334 ἀφίκηται
1142 3256 1176 3320 τὸ
1199 3263 1297 3320 πλοῖον
1320 3256 1369 3319 aa}
1386 3257 1445 3321 rc-

433 3389 479 3440 λιν
508 3376 603 3453 δεῦροτ
635 3348 745 3440 idest
775 3373 923 3437 Athenas.
960 3372 1178 3437 Verumtamen
1205 3372 1291 3436 illam
1314 3372 1446 3456 appella·

434 3492 548 3560 tionem
580 3492 642 3555 luci
672 3491 761 3556 Pisae
791 3514 825 3554 vs
860 3494 899 3554 12
928 3491 1191 3563 continuationem
1215 3513 1280 3554 esse
1304 3490 1444 3554 existimo

435 3608 552 3678 exordii
583 3608 742 3686 carminis,
775 3630 837 3692 quo
865 3608 931 3692 ipsa
955 3606 1099 3692 Olympia
1120 3608 1261 3672 invocata
1284 3617 1347 3672 est:
1373 3608 1445 3673 huic

435 3728 562 3796 victoria
590 3729 773 3807 debebatur,
798 3729 872 3794 huic
895 3737 1037 3815 acceptae
1059 3729 1166 3794 laudes
1189 3730 1382 3810 referuntur,
1406 3734 1445 3804 ad

436 3845 515 3911 hanc
544 3845 640 3911 Poeta
671 3848 761 3911 vertit
792 3847 945 3912 animum:
979 3847 1102 3911 victoris
1125 3846 1217 3912 decus
1240 3849 1375 3933 appellat
1397 3852 1446 3920 σὸν

436 3964 524 4041 γέρας
558 3965 685 4041 cyrces.
733 3966 837 4050 Atque
872 3965 926 4028 illa
960 3986 1089 4029 coronae
1123 3965 1156 4029 in
1191 3966 1279 4029 Altin
1314 3970 1445 4051 portatio

436 4081 649 4150 commenticia
679 4091 741 4145 est:
774 4104 844 4147 cum
875 4082 953 4147 festo
984 4083 1115 4147 carmine
1146 4083 1238 4147 simul
1261 4106 1403 4150 coronam
1428 4110 1446 4150 a

435 4197 530 4262 Poeta
560 4197 696 4275 landari,
728 4208 809 4263 certe
832 4200 892 4283 ipsi
914 4200 959 4263 rei
981 4201 1025 4263 ita
1047 4201 1205 4278 convenit,
1232 4209 1267 4265 nt
1290 4194 1460 4288 argutiore'

435 4315 636 4400 explicatione
667 4339 728 4381 non
757 4340 835 4402 opus
858 4317 907 4383 sit.
956 4316 1045 4381 Oonf.
1070 4340 1146 4403 quae
1170 4317 1208 4381 ad
1233 4317 1282 4383 Ol.
1307 4319 1359 4384 ΠΙ
1382 4346 1445 4387 mo·

436 4432 559 4504 nuimus
594 4457 663 4519 pag.
699 4437 773 4500 322.
821 4434 902 4499 Mihi
936 4456 1055 4500 carmen
1090 4436 1224 4520 Aeginae
1256 4437 1443 4507 destinatum
