3767 5534
915 708 979 769 391

429 906 480 970 acl
511 909 561 969 τὸν
591 902 743 987 τοξοφόρον
775 908 825 971 acl
853 904 952 988 ἔφορον
974 914 1029 981 τῆς
1051 905 1129 978 θεθος
1154 908 1253 981 Δήλου
1275 906 1324 972 τὸν
1347 908 1451 974 {aurci

433 1022 558 1103 τοοτέροο,
605 1021 644 1087 In
676 1044 736 1107 quo
768 1023 843 1109 quid
877 1023 1028 1108 significet
1054 1024 1170 1089 mentio
1193 1024 1359 1109 Epidauri,
1385 1049 1447 1092 uon

434 1162 596 1226 assequor,
628 1148 760 1217 attamen
792 1140 899 1219 video,
923 1141 1029 1205 abesse
1052 1141 1182 1226 epitheti
1205 1140 1346 1228 Neptuni
1368 1145 1446 1223 εὐρυ-

433 1257 505 1335 βθοον
528 1257 783 1344 explicationem,
807 1281 905 1344 quum
928 1259 1051 1344 singula
1074 1259 1227 1345 Apollinis
1248 1260 1384 1346 epitheta
1399 1282 1448 1325 ex·

434 1376 598 1461 plicantur.
643 1376 785 1441 Fortasse
808 1396 881 1462 ergo
894 1376 1070 1442 scholiasta
1091 1399 1147 1463 pro
1169 1377 1307 1459 εὐρυβίαν
1329 1377 1446 1463 aliquid

434 1494 528 1579 legit,
553 1494 637 1579 quod
660 1503 740 1559 esset
762 1493 911 1579 Epidauri
935 1493 1043 1560 simile.
1078 1494 1193 1560 Tamen
1217 1496 1381 1561 scholiasta
1404 1517 1447 1560 re-

434 1611 552 1678 centior
585 1610 647 1676 fere
682 1610 787 1680 eadem
820 1611 931 1689 habet,
967 1611 1051 1676 illius
1086 1612 1214 1700 epitheti
1246 1612 1449 1697 explicatione

435 1728 590 1813 adjuncta

483 1846 556 1909 101.
590 1844 762 1921 οεομοοος.
798 1844 946 1909 Similiter
977 1844 1097 1931 nsgm.
1134 1843 1235 1931 neyn.
1264 1817 1390 1911 Proson
1414 1846 1449 1925 1,
1568 1838 1585 1905 ·.

439 1960 561 2045 Fragm.
593 1961 728 2026 Boeckh.
763 1964 803 2024 58
828 1960 866 2025 de
889 1960 996 2026 eadem
1018 1962 1122 2026 insula
1142 1960 1225 2043 χοῑρ’
1247 1957 1269 2026 ὦ
1291 1963 1449 2039 lecturire.

438 2076 579 2143 Fortasse
603 2078 676 2162 quia
698 2079 759 2143 fixa
773 2079 833 2144 luit
849 2078 984 2144 adventu
1000 2087 1030 2144 et
1046 2086 1137 2164 partu
1151 2078 1299 2145 Latonae.
1334 2079 1450 2146 Tamen

437 2195 533 2261 Hom.
557 2195 597 2260 Il.
620 2195 704 2261 VIII
728 2198 790 2260 519
815 2196 975 2274 θεοδμήτων
998 2195 1046 2261 nrt
1062 2197 1190 2278 τόρνον.
1207 2196 1301 2282 Soph.
1318 2197 1367 2261 Ill.
1388 2200 1449 2264 707

437 2313 559 2390 Ἀθηνῶν
582 2320 638 2390 τῶν
659 2314 829 2393 θεοδμήτων.
853 2312 961 2399 Eurip.
985 2312 1056 2398 Iph.
1080 2313 1116 2378 T.
1143 2315 1228 2380 1415
1252 2316 1376 2391 ’ΛθήνοοςΙ
1395 2315 1451 2388 τοὶς

437 2432 623 2511 θεοδμήτονςτ
654 2431 738 2496 idem
764 2431 859 2518 Hipp.
884 2434 960 2501 all.
985 2431 1133 2496 Androm.
1160 2434 1245 2503 1239
1271 2439 1399 2514 Δελφῶν
1422 2435 1451 2505 ἐς
1528 2475 1531 2481 -

440 2549 592 2626 θεοθροήτον
626 2550 720 2620 τθλον.
767 2549 809 2613 Et
839 2557 961 2627 tamen,
992 2550 1066 2633 quia
1098 2548 1240 2617 Athenae
1272 2571 1306 2614 ac
1336 2535 1452 2635 Delphi

436 2666 568 2731 maxime
584 2667 710 2730 caritate
726 2665 863 2730 Deorum
878 2667 1004 2730 fuerunt
1019 2666 1110 2732 urbes
1129 2667 1282 2751 insignes,
1299 2666 1384 2732 haud
1400 2667 1451 2734 ab·

437 2784 565 2848 surdum
597 2792 643 2848 est
674 2783 813 2861 credere,
843 2780 1031 2869 singularem
1063 2782 1237 2852 Nominum
1264 2806 1369 2849 curam
1391 2784 1450 2849 hoc

434 2902 585 2987 adjectivo
608 2903 789 2986 significari,
814 2924 906 2986 quam
926 2901 998 2966 Deli
1013 2901 1197 2968 habuerunt.
1231 2901 1345 2975 Σκοτὸς
1361 2902 1450 2966 Prae·

436 3042 500 3097 ses,
529 3028 628 3098 tutor,
654 3021 814 3084 dominus:
840 3018 892 3087 Ol.
915 3020 933 3085 I
957 3023 998 3085 86
1023 3019 1077 3084 Dii
1100 3019 1259 3097 Ὀλύμπου
1282 3020 1393 3085 carnot.

483 3139 556 3200 102.
591 3137 761 3218 λοοοτρθφον.
800 3136 927 3221 Proprie
951 3135 1034 3221 quod
1057 3135 1207 3221 populum
1230 3138 1366 3214 nutriat,
1383 3137 1403 3201 i.
1421 3159 1447 3201 e.

435 3253 518 3342 quod
541 3254 656 3339 populo
672 3254 778 3338 prosit.
807 3254 996 3335 Λοοθτροφον,
1014 3253 1097 3337 quod
1113 3275 1131 3316 a
1147 3252 1262 3337 populo
1277 3253 1442 3345 nutriatur.

435 3369 525 3435 Prius
549 3371 638 3434 credo
662 3371 720 3435 hoc
743 3370 811 3433 loco
834 3394 938 3435 verum
956 3393 1029 3434 esse.
1064 3368 1097 3433 si
1112 3376 1215 3434 tamen
1231 3370 1300 3455 quis
1318 3370 1446 3434 alterum

435 3487 602 3573 praeferat,
631 3487 740 3565 habet,
765 3509 826 3570 quo
850 3510 933 3551 suam
960 3487 1143 3551 sententiam
1166 3494 1299 3550 tueatur.
1324 3485 1371 3550 Of.
1396 3484 1446 3550 Ol.

434 3605 470 3669 Π
501 3608 543 3668 96
572 3612 602 3668 et
627 3604 735 3668 Aeseh.
760 3603 855 3669 Choe.
880 3608 964 3683 301,
988 3613 1019 3670 et
1042 3627 1120 3691 qnae
1144 3604 1184 3668 ad
1207 3626 1242 3668 ea
1263 3604 1332 3668 loca
1354 3626 1448 3668 anno-

433 3724 575 3788 terimus.

481 3845 553 3907 106.
589 3843 791 3918 μετήλλοοτεν.
825 3840 928 3905 Multa
951 3840 989 3905 de
1012 3840 1071 3905 hcc
1094 3838 1186 3905 verbo
1202 3838 1370 3925 disputatio
1386 3846 1442 3905 est.

433 3958 614 4023 Karstenius
630 3958 846 4033 allocutionem
861 3957 1110 4041 interrogationis
1125 3956 1222 4020 instar
1239 3962 1342 4039 putat,
1355 3954 1443 4039 quasi

433 4077 548 4141 diceret
571 4076 700 4161 Apollo:
726 4076 811 4143 visne
834 4097 976 4159 surgere,
1000 4075 1044 4138 mi
1065 4074 1126 4153 fili,
1151 4080 1182 4137 et
1204 4072 1279 4136 illuc
1301 4094 1443 4157 pergere,

433 4217 496 4279 quo
517 4201 548 4257 te
571 4192 703 4258 ducam?
726 4192 854 4258 Retineo
878 4192 1045 4276 quaerendi
1068 4190 1340 4274 significationem:
1363 4194 1443 4287 certe

437 4311 547 4398 Apollo
578 4310 709 4386 sciehat,
740 4307 795 4381 ubi
822 4318 899 4371 esset
922 4308 1004 4372 filius
1027 4329 1116 4384 suus,
1140 4328 1196 4370 nec
1219 4306 1331 4369 frustra
1354 4326 1444 4389 quae·

431 4429 523 4507 sivit:
555 4451 611 4493 nec
642 4427 814 4514 ignorantia
841 4425 901 4489 loci
933 4426 1036 4513 potius
1068 4446 1160 4512 quam
1184 4444 1258 4491 cura
1280 4432 1311 4487 et
1334 4422 1443 4486 caritas
