3767 5534
920 736 962 795 94

435 957 465 996 re
489 933 527 997 ad
551 956 620 997 eum
644 942 804 1018 provocat,
830 934 996 999 Pindarum
1020 934 1123 999 dicens
1148 943 1177 999 et
1201 957 1266 1012 eoS,
1293 935 1344 1019 qui
1368 955 1452 1018 prae·

434 1061 516 1126 terea
535 1053 630 1117 divini
653 1052 765 1117 Poetae
780 1054 907 1131 fuerint,
925 1055 1060 1117 animum
1076 1031 1452 1140 appellavisse⁸hominum

434 1172 651 1251 immortalem,
676 1196 774 1256 neque
798 1196 867 1237 eum
891 1196 1028 1258 unquam
1044 1173 1144 1238 dicere
1160 1175 1297 1251 interire,
1315 1173 1449 1256 ideoque

433 1317 525 1382 quam
557 1296 745 1382 sanctissime
777 1303 915 1379 oportere
939 1296 1033 1359 vitam
1059 1295 1221 1380 perducere
1245 1294 1282 1357 ad
1307 1293 1408 1356 finem.
1426 1292 1450 1373 ¹)

480 1413 595 1478 Verum
619 1438 680 1478 non
704 1437 829 1499 possum
852 1414 924 1479 huic
945 1415 1034 1478 finem
1054 1416 1208 1500 imponere
1224 1412 1449 1489 dissertationi,

436 1534 511 1617 quin
545 1534 675 1597 admirer
709 1534 894 1599 Graecorum
929 1534 1047 1612 studia,
1083 1534 1237 1619 quomodo
1272 1534 1387 1597 fuerint
1418 1539 1451 1596 et

434 1654 563 1718 maxime
594 1655 691 1731 varia,
717 1661 748 1717 et
771 1663 872 1718 tamen
895 1656 939 1718 ita
962 1656 1042 1718 inter
1066 1677 1098 1718 se
1121 1653 1248 1731 similia,
1273 1660 1308 1716 ut
1332 1652 1370 1715 ad
1395 1672 1450 1736 op-

435 1773 510 1836 tima
541 1772 709 1837 tenderent.
755 1773 855 1853 Quam
888 1775 1029 1858 exiguam
1053 1796 1109 1837 nos
1132 1795 1215 1837 nunc
1238 1779 1354 1857 partem
1379 1770 1450 1833 atti-

434 1892 556 1976 gimus?
603 1891 643 1957 Et
673 1901 773 1957 tamen
807 1892 976 1957 Homerum
1001 1893 1130 1956 vidimus
1154 1890 1326 1956 incredibili
1349 1890 1449 1953 suavi·

434 2019 497 2076 tate
519 2014 563 2076 ita
586 2020 753 2097 praestare,
777 2020 813 2075 ut
837 2020 868 2075 et
890 2018 1005 2075 metum
1029 2012 1164 2076 Deorum
1180 2018 1211 2075 et
1225 2010 1448 2074 humanitatem

434 2131 673 2217 modestiamque
694 2131 932 2196 commendaret:
955 2130 1176 2215 Xenophanem
1192 2131 1363 2215 vituperare
1380 2128 1448 2212 ejus
1486 2147 1488 2151 ·

434 2250 591 2315 mendacia
622 2259 653 2313 et
679 2251 856 2336 religionem
881 2274 975 2336 paene
998 2250 1120 2327 tollere,
1145 2256 1299 2313 ettamen
1323 2246 1449 2311 Platoni

435 2371 548 2455 praeire
571 2370 650 2434 viam
674 2370 823 2434 sentiendi
846 2369 941 2433 eade
966 2369 1086 2433 divinae
1109 2377 1235 2432 naturae
1259 2367 1447 2444 constantia,

436 2497 471 2554 ut
493 2490 626 2553 noluerit
648 2490 813 2575 quidquam
838 2490 897 2553 nisi
920 2490 1089 2575 perfectum
1104 2490 1136 2552 in
1155 2511 1189 2552 ea
1204 2498 1315 2552 natura
1330 2487 1446 2550 inesse:

433 2609 641 2694 gnomicorum
664 2610 792 2693 ingeniis
815 2616 931 2694 partam
948 2609 1142 2694 sapientiam,
1161 2629 1237 2692 quae
1254 2629 1349 2690 quum
1365 2613 1448 2669 esset

432 2751 533 2792 rerum
563 2728 728 2792 multarum
760 2728 946 2812 experientiis
976 2727 1188 2804 corroborata,
1218 2728 1283 2811 ipsa
1305 2724 1448 2789 redderet
1499 2801 1501 2805 Α

432 2847 522 2912 rebus
552 2848 658 2912 multis
686 2847 880 2931 consiliisque
909 2869 996 2910 usum
1021 2847 1201 2911 salutarem:
1227 2846 1326 2910 lucem
1349 2845 1448 2909 histo·

432 2968 509 3043 riae,
534 2968 659 3052 petitam
683 2990 699 3031 e
721 2966 889 3030 multorum
913 2966 1104 3031 saeculorum
1127 2967 1288 3043 memoria,
1313 2966 1446 3029 excitare

433 3086 599 3148 sententias
631 3085 796 3170 ejusmodi,
829 3108 907 3170 quae
939 3086 1030 3148 etiam
1058 3093 1164 3169 postea
1185 3085 1291 3149 multis
1315 3084 1445 3148 saeculis

434 3206 567 3290 prosint:
592 3204 774 3283 Pindarum,
799 3205 901 3269 divino
925 3206 1065 3291 ingeni0,
1089 3212 1342 3282 commonstrare,
1368 3202 1444 3286 quid

433 3324 586 3389 hominem
617 3324 738 3404 deceat,
767 3333 798 3389 et
820 3326 1065 3410 gravissimarum
1093 3325 1374 3397 rerumreritatem
1399 3344 1447 3386 ac·

433 3443 576 3508 candere:
601 3443 759 3507 Platonem
784 3452 814 3507 et
834 3443 954 3508 deDeo
970 3444 1053 3508 etde
1069 3444 1191 3508 homine
1211 3442 1363 3528 praeclare
1379 3464 1447 3505 sen·
1519 3506 1521 3510 .

431 3562 500 3626 tire.
548 3560 638 3626 Stant
667 3562 885 3626 immortalium
916 3564 1049 3627 virorum
1082 3586 1154 3627 suae
1185 3563 1295 3647 cuique
1319 3559 1443 3623 laudes:

433 3691 524 3766 atque
547 3682 579 3745 in
602 3688 687 3744 tanta
710 3680 881 3745 studiorum
905 3682 1049 3773 varietate
1072 3690 1174 3745 manet
1197 3680 1322 3744 Pindari
1345 3700 1420 3742 vox:

640 3805 723 3866 τοῦτο
746 3801 806 3880 γὰρ
829 3799 972 3866 ἀθάνατον
995 3806 1110 3883 φωνᾶεν
1133 3798 1226 3883 ἕρπει,

642 3917 733 3992 εἴτις
757 3917 790 3985 εὖ
811 3917 878 4001 elon
901 3941 939 3984 τι·

429 4044 507 4106 allud
527 4045 607 4104 em'm
630 4045 781 4104 oeternum
804 4061 914 4103 sonans
934 4045 1044 4119 currit,
1060 4044 1092 4104 si
1104 4046 1172 4135 quis
1188 4041 1260 4122 quid
1274 4040 1346 4101 bene
1363 4040 1444 4101 diet.

465 4269 488 4330 l)
505 4271 588 4328 Meno,
608 4270 648 4319 81.
666 4271 697 4318 B.
