3767 5534
1021 756 1085 816 Δ123

547 950 652 1021 adria:
677 973 713 1013 ex
737 952 949 1019 emendatione
965 956 1130 1020 Boeckhii:
1149 955 1262 1034 codex,
1279 978 1315 1019 ex
1332 977 1393 1038 quo
1410 977 1445 1019 ea
1461 959 1565 1018 sumta

547 1076 637 1144 sunt,
669 1068 756 1132 Urat.
790 1072 835 1148 A,
864 1070 956 1136 hahet
979 1075 1118 1151 ὀνομάσαι
1144 1080 1175 1137 et
1197 1081 1353 1151 παραιρεῖν.
1402 1071 1492 1151 Quae
1516 1071 1564 1135 vix

547 1185 700 1272 intelligo:
731 1188 790 1251 nisi
820 1190 886 1253 θεῶν
916 1199 1038 1276 putavit
1069 1216 1133 1257 esse
1163 1192 1333 1278 genitivum
1357 1191 1511 1269 activum,
1536 1198 1565 1253 et

546 1302 622 1381 ὅρκον
658 1307 831 1392 subjectum
866 1312 951 1377 verbi
980 1313 1161 1399 παρφαμενι
1193 1311 1364 1397 postulasse
1395 1310 1499 1374 Solem
1531 1315 1565 1373 ut

548 1423 693 1490 Lachesis
723 1448 833 1491 manus
865 1431 1058 1510 extenderet,
1091 1440 1121 1496 et
1151 1431 1341 1517 postulasse,
1373 1435 1406 1492 ut
1429 1428 1564 1494 Deorum

546 1543 762 1628 jusjurandum
793 1570 855 1612 non
886 1548 1022 1629 falleret,
1057 1552 1078 1616 i.
1111 1574 1137 1615 e.
1169 1559 1205 1614 ut
1238 1550 1289 1613 Dii
1309 1550 1450 1634 jurarent
1473 1545 1566 1632 idque

546 1662 762 1747 jusjurandum
802 1688 907 1732 verum
939 1678 1027 1733 esset.
1064 1671 1131 1734 Aut
1164 1668 1290 1732 fortasse
1321 1665 1375 1730 ille
1403 1664 1567 1729 scholiasta

549 1780 625 1865 legit
648 1782 725 1854 θεοὺς
749 1783 773 1847 δ’
797 1782 882 1865 ὅρκον.

597 1902 672 1964 121.
707 1907 813 1967 νεῦσαν.
860 1903 965 1990 Hujus
995 1906 1087 1969 etiam
1119 1905 1201 1970 verbi
1233 1903 1405 1988 subjectum
1438 1908 1486 1965 est
1511 1898 1568 1963 La·

551 2019 659 2083 chesis.

598 2140 671 2202 122.
707 2140 735 2210 ἐς
760 2140 857 2219 αἰθέρα
881 2142 1078 2221 πεμφθεῖσαν.
1126 2139 1215 2204 Conf.
1241 2137 1292 2202 Ol.
1317 2138 1352 2202 ΙΙ
1375 2140 1415 2203 37
1442 2138 1567 2216 πέμπειν

551 2256 658 2328 ἀνεκὰς
682 2257 802 2334 ὑψηλόν.

599 2377 671 2438 123.
706 2377 741 2458 ἑᾷ
771 2383 896 2459 κεφαλᾷ
927 2379 1024 2457 γέρας.
1071 2376 1158 2440 Oonf.
1185 2374 1234 2439 Ol.
1259 2373 1306 2439 VI
1333 2377 1395 2437 103
1420 2374 1513 2451 τιμὰν
1535 2373 1568 2455 ἑᾷ

550 2500 681 2579 κεφαλᾷ.

598 2613 670 2676 125.
705 2614 801 2689 λόγων
821 2615 954 2696 κορυφαί.
979 2613 1073 2699 Saepe
1089 2615 1197 2694 κνρνφὴ
1214 2634 1231 2675 a
1247 2611 1381 2676 Pindaro
1399 2611 1515 2675 dicitur
1530 2608 1566 2673 de

550 2738 635 2816 parte
648 2733 798 2817 cujusque
809 2733 853 2797 rei
864 2734 1135 2818 praestantissima,
1149 2732 1234 2796 velut
1245 2730 1295 2795 Ol.
1308 2731 1325 2795 Ι
1338 2734 1391 2794 21.
1416 2729 1487 2813 Hoc
1498 2728 1564 2793 loco

552 2850 764 2934 significantur
791 2853 875 2930 κύρια
897 2852 985 2925 rina:
1011 2874 1129 2916 summa
1152 2851 1253 2935 capita
1276 2849 1383 2914 eodem
1406 2848 1499 2912 modo
1522 2846 1564 2911 di·

553 2976 629 3031 cunt
651 2967 765 3032 Latini.
801 2969 945 3033 Ceterum
968 2971 1001 3033 in
1024 2970 1072 3032 his
1096 2978 1125 3033 et
1145 2968 1344 3053 sequentibus
1361 2965 1486 3031 attende
1501 2985 1567 3029 nar·

554 3087 681 3151 rationis
706 3088 883 3152 brevitatem
907 3098 937 3151 et
960 3089 1157 3172 gravitatem,
1182 3095 1213 3150 et
1235 3086 1338 3151 confer
1360 3086 1415 3169 Py.
1432 3083 1480 3147 IX
1495 3083 1567 3146 119.

602 3208 675 3268 128.
712 3204 806 3281 liseria
828 3207 960 3272 duriaco.
1007 3206 1057 3270 Ol.
1082 3206 1199 3271 11143
1224 3205 1327 3281 ὀξείαις
1346 3207 1457 3281 αὐγαῖς
1475 3201 1567 3266 ἁλίαν.

603 3326 675 3387 129.
711 3323 860 3400 γενέθλιος.
896 3325 1003 3389 Potest
1026 3326 1069 3389 ita
1092 3325 1198 3389 referri
1222 3323 1260 3387 ad
1283 3324 1399 3405 πατὴρ,
1425 3330 1461 3384 ut
1477 3319 1568 3404 sigui·

554 3445 661 3507 ficetur
693 3451 779 3528 pater
801 3443 971 3521 radiorum,
996 3446 1049 3528 qui
1074 3466 1125 3507 eos
1148 3449 1303 3529 procreat:
1328 3445 1462 3526 praestat
1485 3438 1568 3502 abso·

551 3563 617 3628 lute
648 3563 766 3627 dictum
798 3571 921 3647 putare,
950 3563 1120 3647 genitorem
1143 3583 1259 3638 rerum,
1285 3567 1440 3624 auctorem
1462 3556 1567 3621 fertili·

552 3682 642 3757 tatis,
666 3680 751 3745 velut
774 3704 807 3743 vs
833 3683 872 3745 70
897 3690 976 3745 Γαῖα
999 3679 1107 3759 μάτηρ.

600 3802 671 3862 131.
708 3799 780 3863 ἔνθα.
815 3799 900 3863 Ubi?
931 3806 1012 3863 certe
1042 3799 1075 3862 in
1106 3798 1207 3861 insula
1230 3795 1348 3859 Rhodo.
1385 3791 1452 3858 Nec
1477 3790 1563 3856 laeile

552 3918 614 3981 dici
644 3925 762 4002 potest,
794 3918 948 4001 quomodo
972 3915 1146 4001 Nympham
1170 3914 1313 3978 Rhodum
1337 3912 1435 3976 Poeta
1458 3910 1506 3976 vel
1528 3908 1564 3973 ab

553 4036 656 4101 insula
679 4038 862 4121 separaverit
886 4036 932 4100 rel
956 4034 1149 4120 conjunxerit
1171 4055 1241 4097 cum
1257 4055 1301 4096 ea.
1325 4030 1426 4095 Versu
1442 4027 1563 4114 quidem

553 4158 595 4217 26
619 4156 716 4240 ipsam
737 4155 869 4219 insulam
895 4154 971 4218 dicit
993 4153 1072 4216 Solis
1097 4173 1238 4215 uxorem:
1258 4149 1399 4213 hocloco
1416 4150 1449 4212 in
1465 4145 1564 4211 insula

555 4272 662 4337 Rhodo
692 4273 768 4337 dicit
797 4272 885 4337 ilium
914 4294 983 4336 cum
1011 4270 1158 4356 Nympha
1181 4267 1289 4332 Rhodo
1313 4267 1430 4330 coiisse.
1478 4261 1563 4327 (loni.

555 4392 604 4456 Ol.
629 4391 676 4454 vl
702 4394 763 4455 145
788 4398 819 4455 et
842 4414 919 4476 quae
943 4391 988 4455 ibi
1011 4389 1234 4454 annotavimus.

602 4514 675 4577 132.
710 4512 789 4575 ἑπτα
827 4510 1036 4576 Recensentur
1058 4530 1162 4573 eorum
1185 4506 1310 4570 nomina
1332 4506 1364 4569 in
1387 4502 1512 4568 scholiis
1535 4506 1564 4564 et
