3767 5534
915 705 979 765 489

440 913 599 972 certarent.
636 906 765 970 Difficile
789 913 836 969 est
858 930 895 970 ex
919 906 967 968 his
991 906 1174 969 testimoniis
1198 906 1354 990 explorare
1379 906 1454 968 veri·

439 1034 541 1090 tatem.
565 1026 747 1089 Philoxenia
762 1024 885 1109 quidem
902 1024 1048 1088 credibile
1064 1033 1110 1087 est
1130 1024 1253 1088 fallente
1270 1024 1452 1088 scholiastae

437 1146 582 1209 memoria
604 1145 718 1229 scripta
738 1144 849 1222 fuisse,
873 1167 969 1227 quum
994 1144 1177 1228 significaret
1193 1142 1384 1218 Theoxenia,
1404 1143 1451 1207 vel

437 1263 541 1327 eadem
570 1264 664 1326 luisse
693 1263 818 1327 nomine
849 1261 976 1347 duplici.
1023 1262 1162 1325 Fortasse
1186 1262 1259 1325 haec
1283 1261 1357 1326 olim
1380 1284 1450 1326 cum

436 1382 594 1447 Hermaeis
617 1384 781 1467 conjuncta
803 1383 942 1457 fuerunt,
968 1391 1074 1466 postea
1093 1381 1130 1446 ab
1147 1382 1185 1444 iis
1201 1388 1350 1465 separata.
1383 1381 1453 1444 Pin·

436 1501 529 1567 darus
551 1510 632 1566 certe
655 1509 686 1565 et
709 1501 777 1578 hic,
802 1508 833 1564 et
855 1500 946 1564 Nem.
971 1499 1001 1562 Χ
1026 1503 1085 1577 84,
1110 1499 1273 1585 palliorum
1294 1500 1451 1565 laneorum

436 1620 568 1705 praemia
591 1627 815 1683 commemorat.
840 1618 928 1682 Conl.
954 1618 1091 1695 Kranae,
1120 1620 1216 1709 hgon.
1241 1618 1328 1704 Hp.
1356 1621 1432 1684 715.

482 1741 556 1801 146.
587 1742 711 1817 ψυχρᾶν
726 1737 893 1818 Φάρμακον.
926 1739 955 1800 Α
971 1737 1142 1802 scholiastis
1158 1737 1206 1801 vel
1221 1737 1332 1821 frigida
1345 1759 1450 1802 eornm

436 1855 572 1920 locorum
591 1856 767 1940 temperies,
785 1855 832 1919 vel
848 1863 969 1939 tempus
985 1854 1127 1919 ludorum
1144 1856 1273 1920 hiemale
1289 1879 1344 1941 pro
1361 1879 1453 1920 cansa

435 1976 568 2058 ponitur.
605 1974 714 2039 Strabo
737 1973 773 2038 L.
791 1974 873 2037 VIII
897 1998 926 2058 p.
952 1977 1035 2051 386,
1058 1974 1138 2038 Alm.
1158 1978 1237 2051 593,
1255 1975 1336 2038 intra
1353 1977 1451 2059 Aegas

434 2102 464 2160 et
495 2095 640 2159 Pellenen
663 2095 763 2158 vicum
794 2094 937 2158 Pellenen
965 2094 1059 2157 luisse
1083 2094 1172 2172 dicit,
1195 2094 1276 2157 unde
1293 2101 1394 2158 essent
1411 2095 1453 2158 la-

435 2237 560 2292 cernae,
586 2237 661 2300 quas
685 2215 777 2278 etiam
800 2214 934 2299 praemia
957 2212 1097 2277 dederint
1120 2214 1151 2277 in
1168 2214 1404 2279 certaminibus:
1423 2222 1453 2278 et

435 2334 608 2419 Hesychius
632 2332 801 2396 Pellenicas
825 2332 960 2396 lacernas
985 2333 1115 2418 optimas
1132 2355 1197 2396 esse
1213 2332 1302 2410 dicit,
1320 2334 1451 2417 ideoque

432 2474 487 2536 pro
516 2452 658 2536 praemiis
682 2450 778 2514 datas.
814 2450 856 2513 Et.
878 2450 958 2515 hanc
980 2450 1028 2514 vel
1052 2473 1173 2515 oausam
1199 2452 1245 2515 vel
1262 2460 1343 2516 certe
1356 2475 1450 2516 unam

433 2594 469 2634 ex
494 2570 594 2634 causis
618 2570 711 2633 fuisse
735 2569 875 2634 arbitror.

481 2690 554 2752 148.
589 2687 723 2760 σύνδικος.
757 2687 884 2772 Proprie
899 2689 1022 2773 adjutor
1037 2690 1172 2754 accusati
1184 2690 1351 2775 injudicio.
1382 2690 1450 2755 Hoc

433 2807 500 2871 loco
516 2806 603 2871 testis
619 2813 651 2871 et
666 2806 797 2891 adjutor.
822 2806 910 2870 Gonf.
932 2810 995 2870 124
1006 2808 1150 2886 τιμαορος.
1176 2810 1286 2873 Aescb.
1302 2833 1369 2895 sup.
1386 2812 1449 2875 726

589 2926 647 3002 ἐγὼ
670 2924 694 2988 δ’
717 2925 845 3006 ἀρωγοὺς
867 2924 1011 3001 ξυνδίκους
1035 2925 1133 3001 θ’ἱὶξιο
1155 2928 1268 3004 λαβών.

433 3042 522 3106 Plato
552 3042 599 3105 De
630 3042 725 3126 Legg.
758 3042 806 3105 XI
838 3046 901 3105 929
935 3065 951 3106 e
982 3044 1180 3121 γιγνέσθωσαν
1211 3048 1251 3127 τῷ
1275 3047 1452 3127 γραφομένῳ

432 3160 576 3240 μάρτυρες
607 3158 675 3237 ἅμα
706 3161 755 3225 καὶ
785 3160 916 3237 ξύνδικοι.
964 3161 1047 3227 Plut.
1083 3163 1130 3227 De
1154 3164 1285 3229 Defectu
1310 3164 1399 3228 Orac.
1424 3188 1450 3229 e.

433 3283 474 3345 47
504 3282 730 3358 ἀπολογήσομαι
752 3280 889 3363 μάρτυρα
911 3281 961 3345 καὶ
986 3282 1112 3347 σύνδικον
1134 3284 1203 3360 ὁμοῦ
1227 3283 1376 3349 Πλάτωνα
1392 3308 1450 3348 πα-

432 3396 611 3476 ρισσοὶμενοσ.

480 3518 554 3580 149.
589 3516 700 3582 Ἰολοὶον
724 3517 849 3595 τύμβος.
886 3518 1018 3597 Thebis,
1044 3521 1075 3584 in
1099 3520 1182 3585 ludis
1201 3521 1315 3585 Jolaeis
1332 3522 1452 3586 iisdem·

434 3656 493 3717 que
524 3633 679 3698 Heracleis
711 3634 817 3699 dictis:
850 3637 910 3700 fuit
940 3637 985 3701 ibi
1014 3640 1182 3723 praemium
1206 3641 1304 3726 tripus
1329 3663 1449 3704 aeneus.

433 3750 521 3816 Cous.
546 3750 595 3816 Ol.
620 3752 684 3816 VII
710 3756 782 3817 154.

480 3872 552 3933 150.
589 3872 730 3942 ’Baecula
766 3871 872 3935 Ludos
902 3872 1076 3937 Eleusinios
1109 3877 1246 3939 omnium
1278 3878 1452 3961 antiquissi-

431 4010 496 4050 mos
518 3988 623 4072 ibique
646 3990 814 4073 praemium
837 3992 969 4055 farreum
988 3993 1082 4056 fuisse
1100 3994 1251 4058 affirmant
1269 3995 1449 4059 scholiastae

432 4113 557 4169 veteres.

479 4225 551 4286 151.
586 4226 665 4304 αὐτῷ
688 4226 869 4300 ἀγλαΐαισιν.
916 4227 1080 4313 Duplicem
1107 4230 1285 4315 hujusmodi
1309 4232 1445 4297 dativum

434 4348 515 4404 amat
543 4341 710 4406 Pindarus:
736 4345 815 4409 conf.
840 4344 890 4409 Ol.
915 4346 950 4409 Π
975 4351 1033 4424 28,
1059 4347 1141 4412 VIII
1168 4352 1239 4414 109.

484 4464 557 4528 152.
593 4463 625 4531 τὸ
656 4464 685 4529 δὲ
716 4470 790 4551 φυᾷ.
815 4464 991 4556 ¹Postquam
1023 4490 1134 4557 magno
1157 4492 1284 4536 numero
1309 4471 1449 4539 victorias
