3767 5534
936 721 977 783 78

446 914 505 978 hoc
525 913 815 993 Cicero:,‚l1umana
834 917 872 981 ad
892 918 974 982 Deos
985 922 1217 987 transferebat.'’
1231 924 1254 1008 ¹)
1278 922 1320 988 Et
1332 945 1421 987 rere:
1436 929 1471 986 et

445 1041 547 1097 tamen
571 1034 652 1097 Deos
676 1034 829 1099 Homerus
844 1037 1031 1102 immortales
1047 1061 1081 1102 ac
1096 1040 1218 1120 beatos,
1235 1040 1375 1106 homines
1392 1063 1468 1106 vero
1500 1093 1506 1101 ,

444 1153 570 1215 miseros
598 1160 629 1217 et
652 1154 717 1218 aevi
740 1154 839 1219 brevis
864 1178 928 1220 esse
953 1157 1089 1221 dicebat:
1105 1156 1128 1243 2)
1151 1160 1248 1243 igitur
1271 1160 1353 1246 apud
1379 1160 1469 1225 hunc

374 1254 377 1258 ’
445 1293 566 1356 quoque
585 1272 677 1356 longe
693 1272 812 1337 diversa
826 1281 1027 1361 utrorumque
1043 1278 1182 1361 potentia
1197 1286 1260 1357 est,
1278 1286 1309 1343 et
1323 1284 1467 1343 metuere

444 1390 506 1453 vim
536 1389 671 1454 Deorum
701 1398 831 1476 oportet.
877 1392 1037 1477 Iidemque
1061 1402 1172 1479 regunt
1194 1418 1242 1460 res
1264 1396 1463 1473 mortalium,

443 1515 577 1594 suntque
600 1516 631 1572 et
654 1509 800 1574 adorandi
815 1512 970 1575 sacrificiis
986 1519 1017 1576 et
1033 1512 1227 1579 observantia
1242 1514 1388 1579 colendi:
1400 1513 1464 1579 Sed

442 1650 505 1691 non
535 1634 616 1691 certa
638 1629 756 1692 ratione
780 1630 937 1713 quaeritur
961 1652 1065 1693 eorum
1089 1653 1182 1694 amor.
1231 1631 1380 1716 Ingentes
1404 1632 1466 1697 cla·

443 1746 496 1810 des
519 1747 619 1831 injicit
640 1746 764 1831 Jupiter
787 1770 923 1811 summus
950 1748 1092 1827 Achivis,
1108 1756 1212 1813 motus
1227 1749 1367 1834 precibus
1381 1749 1465 1815 'Phe-

444 1865 527 1928 tidis.
553 1866 652 1949 Aegre
675 1865 819 1929 ferendus
843 1873 891 1929 est
914 1867 1128 1951 Agamennoni
1151 1868 1224 1939 Ζεὺς
1240 1868 1390 1947 σχέτλιος·
1405 1868 1461 1933 sed

441 1982 584 2047 ferendus
600 1989 720 2061 tamen,
738 1990 900 2069 propterea
916 1983 999 2068 quod
1015 1986 1080 2069 ejus
1093 1985 1232 2069 potentia
1244 2006 1385 2069 suprema
1396 1993 1459 2063 est,
1525 1988 1529 1992 ’

663 2108 713 2167 τοῦ
736 2103 796 2182 γὰρ
818 2101 921 2183 κράτος
946 2103 1007 2167 ἐστὶ
1034 2102 1182 2179 μέγιστον.
1199 2103 1223 2186 3)

440 2219 525 2284 Illud
547 2242 618 2284 vero
640 2242 824 2305 magnopere
847 2220 1005 2298 odiosum,
1030 2222 1056 2284 si
1072 2221 1141 2306 quis
1158 2220 1269 2284 audeat
1285 2219 1368 2283 Deos
1384 2241 1457 2285 oon·

441 2346 586 2403 temnere.

485 2456 567 2542 Drgo
591 2464 623 2521 et
638 2457 676 2521 de
690 2457 878 2521 mortalitate
894 2465 999 2521 nostra
1014 2480 1177 2543 rerumque
1191 2457 1357 2542 fragilitate
1372 2480 1459 2542 prae·

437 2574 520 2639 clara
544 2575 626 2661 apud
651 2576 822 2640 Homerum
847 2584 1007 2662 praecepta
1030 2583 1121 2652 sunt,
1145 2576 1231 2640 velut
1252 2575 1332 2640 illud
1355 2575 1460 2640 claris·

438 2715 565 2757 simum:

575 2808 629 2885 Οἴη
653 2836 706 2892 περ
729 2812 852 2893 <adnutu
875 2815 978 2889 γενεὴ,
1002 2813 1095 2889 τοιήδε
1117 2812 1167 2878 aa}
1191 2813 1304 2894 ἀνδρῶν·

492 2932 578 3016 quate
592 2931 742 3016 foliorum
761 2953 852 3011 penus
874 2939 931 3009 est,
956 2933 1016 2995 tale
1035 2932 1123 2995 etium
1143 2939 1186 2996 ert
1200 2932 1401 3015 hominumfi)

436 3054 467 3111 ct
495 3048 533 3111 de
563 3048 662 3143 officio
693 3070 765 3132 erga
794 3048 894 3111 Deos:
927 3048 1186 3133 quemadmodum
1217 3050 1283 3133 ipse
1310 3048 1454 3112 Minerva

435 3165 551 3230 Achilli
574 3168 738 3251 praecipit:

536 3282 566 3356 de
589 3310 623 3349 κε
646 3286 716 3357 θεοῖς
740 3285 940 3360 ἐπιπείθηται,
965 3284 1054 3364 μάλα
1077 3287 1103 3350 r‘
1125 3284 1226 3350 ἔκλυον
1249 3286 1350 3349 αὐτοῦ·

501 3404 551 3488 qui
566 3404 637 3466 Diis
652 3404 779 3479 obediat,
797 3405 873 3467 hunc
888 3404 976 3467 etiam
992 3402 1117 3467 manime
1131 3403 1258 3468 audiunt
1272 3402 1341 3485 quei.
1356 3403 1381 3485 5)

433 3522 537 3607 Atque
568 3544 637 3585 cum
668 3544 703 3585 eo
733 3528 819 3585 metu
851 3521 986 3585 Deorum
1007 3521 1175 3585 multarum
1197 3521 1347 3584 virtutum
1371 3541 1451 3583 com·

432 3640 587 3704 mendatio
611 3642 774 3726 conjuncta
795 3641 871 3718 fuit,
892 3641 992 3724 posita
1007 3642 1041 3704 in
1057 3640 1244 3704 Graecorum
1258 3638 1450 3703 humanitate

433 3764 465 3820 et
497 3758 621 3843 ingenio
655 3759 814 3844 ipsiusque
848 3760 997 3823 suavitate
1031 3758 1168 3823 Homeri.
1222 3755 1333 3842 Neque
1368 3756 1450 3819 enim

433 3875 603 3960 supplices,
627 3882 663 3940 ut
685 3877 744 3940 hoc
766 3883 851 3956 utar,
877 3877 1037 3961 repudiare
1059 3877 1148 3954 licet,
1174 3873 1422 3961 quandoquidem

587 3996 660 4067 Ζεὺς
684 3995 709 4059 δ’
720 3997 897 4076 ἐπιτιμήτωρ
922 3984 1045 4060 iurrdul
1068 4020 1102 4061 τε
1126 3993 1222 4071 ξείνων
1245 4014 1289 4057 τε·

431 4193 604 4204 ——.-

464 4325 488 4388 1)
510 4327 577 4376 Duc.
598 4328 621 4376 I.
638 4342 658 4375 c.
676 4326 716 4375 26.
833 4327 859 4388 2)
877 4326 949 4376 (tons.
966 4328 993 4376 P.
1010 4342 1055 4375 aaa
1073 4324 1183 4389 Hmburq
1201 4324 1328 4380 Brouwer,
1345 4335 1400 4370 ouer
1416 4320 1447 4369 de

429 4418 542 4483 udelijke
557 4419 698 4470 acuam
713 4421 757 4471 der
773 4422 853 4485 raray
866 4438 912 4470 van
928 4422 1060 4479 Homerus,
1075 4436 1146 4485 μμ).
1164 4417 1271 4471 37-50,

463 4514 488 4577 3)
506 4516 581 4565 Iliad.
599 4517 639 4566 II.
659 4517 716 4566 118.
830 4519 855 4578 4)
874 4517 949 4565 Iliad.
971 4517 1012 4566 VI.
1032 4516 1089 4565 lto.
1209 4515 1234 4575 ὅ)
1252 4511 1326 4562 Iliad.
1345 4510 1368 4560 I.
1387 4508 1445 4558 als.
