3767 5534
990 718 1054 777 368

479 887 481 891 Ι
514 919 647 984 fuerunt.
694 919 734 982 Et
764 917 846 1003 apud
878 918 1072 982 Athenaeum
1099 919 1130 981 in
1154 918 1214 982 elio
1238 941 1360 1004 quoque
1383 920 1522 985 Telestae

514 1039 682 1123 fragmento
713 1039 780 1123 ipse
808 1037 942 1122 Phrygia
969 1049 999 1101 et
1013 1036 1120 1122 'Lydia
1143 1039 1267 1102 numine
1290 1040 1381 1104 etiem
1406 1042 1521 1104 arctius
1568 1087 1572 1095 -
1646 1018 1650 1028 Ι

512 1158 697 1243 copulantur
718 1159 751 1221 in
774 1158 868 1221 tibiae
891 1167 955 1221 arte
979 1158 1258 1236 commemorande,
1284 1158 1361 1222 XIV
1386 1182 1414 1244 p.
1434 1162 1518 1224 617:

596 1273 638 1341 Ἢ
661 1276 764 1357 Φρύγα
787 1271 969 1341 καλλιπνόων
993 1279 1089 1342 αὐλῶν
1113 1279 1190 1356 ἱερῶν
1212 1278 1348 1355 βασιλῆα

601 1395 692 1460 Λυδὸν
715 1393 744 1467 ὃς
768 1394 872 1474 ἥρμοσε
896 1401 1005 1475 πρῶτος

600 1515 720 1595 Δωρίδος
741 1514 902 1579 οὶντίοιαλοο
925 1516 1034 1593 μούσης
1057 1515 1221 1613 οομοαίολοο
1243 1518 1331 1599 ὀροφρῖ

600 1634 765 1711 πνεύματος
787 1634 921 1723 εὔπτερον
945 1634 1035 1715 αὔραν
1057 1636 1253 1715 ἀμφιπλέκων
1276 1634 1433 1711 καλάμοις.

512 1753 604 1816 Duris
620 1762 737 1830 autem,
758 1752 840 1837 apud
856 1753 970 1817 Athen.
986 1752 1117 1817 Iu-XIV
1133 1777 1163 1838 p.
1182 1756 1262 1833 618,
1280 1754 1370 1818 tibias
1386 1752 1519 1837 Libycas

511 1894 529 1935 s
552 1870 648 1956 puetis
671 1871 818 1957 appellari
841 1871 931 1949 dicit,
956 1879 1080 1957 propter
1095 1873 1169 1936 artis
1187 1873 1252 1957 ejus
1268 1873 1458 1937 inventorem
1474 1870 1520 1935 Si·

510 1991 604 2068 ritem,
629 1992 683 2077 qui
704 1991 813 2055 fuisset
828 2014 864 2055 ex
879 1991 986 2077 Libya.
1010 1994 1201 2076 Argumento
1218 1992 1342 2077 quidem
1358 1990 1521 2069 dissimili,

511 2110 564 2174 sed
594 2110 710 2180 ratione
741 2110 912 2187 simillime,
937 2118 973 2174 ut
996 2133 1106 2174 nomen
1131 2110 1244 2195 gentile
1267 2111 1434 2174 inventoris
1458 2111 1518 2195 ipsi

509 2230 553 2293 rei
576 2197 800 2313 adjungeretur.
835 2228 994 2313 Legautur
1016 2230 1107 2294 etiem
1131 2229 1225 2293 schol.
1251 2237 1310 2293 vet.
1335 2229 1373 2292 ar]
1397 2228 1428 2293 h.
1454 2229 1477 2294 l.

554 2352 607 2415 44.
643 2350 754 2420 Λυδίοις
783 2350 884 2414 enlm
914 2353 943 2415 ἕο
973 2352 1083 2422 αὐλοῖς.
1120 2347 1221 2413 Facile
1252 2349 1362 2426 eredo,
1391 2348 1519 2412 Portam

510 2467 601 2551 liujus
625 2468 766 2553 carminis
790 2469 957 2532 cantationi
974 2469 1110 2532 accinere
1125 2468 1216 2533 tibias
1234 2436 1374 2532 voluisse.
1403 2468 1519 2532 Tamen

511 2585 585 2648 haec
609 2584 703 2650 dictio
726 2587 846 2671 poetice
869 2597 932 2664 est,
956 2588 1041 2651 velut
1064 2586 1113 2651 Ol.
1139 2586 1155 2650 I
1180 2590 1232 2665 27,
1257 2586 1306 2649 Ol.
1331 2586 1365 2650 II
1391 2587 1449 2664 85,
1467 2585 1517 2649 Ol.
1579 2638 1582 2644 .

514 2704 578 2768 VII
602 2708 662 2784 21,
687 2708 740 2770 23.

555 2827 607 2887 46.
643 2826 768 2900 αἰτήσαι
798 2825 981 2901 δαιδάλλειν,
1012 2824 1045 2889 σε’
1071 2850 1105 2889 τε
1127 2824 1233 2908 Φέρειο.
1268 2822 1425 2887 Orationis
1449 2844 1520 2886 eon-

511 2945 638 3008 structio
668 2952 822 3009 mutatur:
846 2946 954 3009 Jovem
979 2952 1120 3030 precetur
1143 2944 1254 3021 Poeta,
1278 2951 1314 3007 ut
1337 2942 1445 3007 urbem
1468 2943 1520 3007 de

439 3051 447 3063 ¹
509 3071 609 3128 curet:
635 3063 672 3128 ab
695 3064 800 3128 eodem
822 3065 899 3129 Jove
922 3072 1081 3149 precatur,
1107 3071 1142 3127 ut
1161 3063 1302 3127 Pssumis
1318 3062 1400 3128 felici
1417 3086 1524 3145 senen-¹

509 3191 576 3247 tute
598 3184 727 3247 fruetur.

553 3304 607 3368 47.
641 3302 818 3383 εὐανορίαισι.
854 3301 989 3365 Omnino
1020 3302 1148 3365 virtutes
1172 3301 1337 3385 significari
1361 3300 1517 3365 videntur.

510 3421 601 3506 Apud
624 3421 731 3507 Eurip.
756 3421 845 3486 Here.
870 3421 929 3485 fur.
955 3424 1017 3486 tut
1044 3421 1157 3485 dieitur
1177 3420 1344 3498 Hercules,
1362 3442 1460 3503 quum
1476 3419 1516 3483 sd

509 3540 664 3604 Atlantem
688 3540 835 3617 venisset,
859 3540 979 3603 coelum
996 3539 1192 3625 Deorumque
1208 3539 1313 3603 domos
1331 3538 1516 3602 sustinuisse

507 3660 651 3743 εὖαιορίρ,
676 3660 758 3733 virili
779 3658 896 3723 robore.
973 3749 974 3753 Ἰ

552 3779 605 3842 48.
624 3778 673 3846 ,σέ
701 3803 734 3844 σε
763 3778 859 3860 Φέρειο
891 3786 985 3859 γῆρας
1017 3777 1147 3854 εὔθυμοι.
1183 3776 1323 3861 Heynius
1353 3776 1398 3840 ita
1425 3776 1518 3840 inter·

507 3903 659 3982 pretatur:
694 3904 741 3975 te,
778 3919 796 3960 ο
828 3896 970 3974 Psaumi‚
1003 3902 1144 3961 senectus
1176 3894 1342 3979 tranquilla
1372 3894 1515 3959 deducet.

507 4014 566 4081 Sed
589 4016 691 4081 locum
714 4015 803 4080 aliter
825 4016 1022 4101 interpretor:
1047 4015 1167 4093 εὔθυμον
1182 4012 1433 4099 conjungendum
1450 4035 1516 4077 esse

507 4158 646 4213 eum-ur,
671 4142 702 4199 et
723 4160 757 4199 σε
780 4156 844 4199 esse
866 4135 1055 4219 subjeetum:
1079 4135 1174 4215 Φέρειι
1198 4142 1298 4197 autem
1315 4130 1434 4196 ferendi
1450 4132 1517 4216 qui·

507 4255 593 4332 dem,
625 4254 678 4318 sed
708 4276 770 4318 uon
802 4254 956 4338 patiendi,
988 4275 1093 4317 verum
1119 4251 1302 4338 peragendi,
1326 4250 1516 4335 perducendi

506 4352 728 4458 significatione
758 4374 892 4458 positum
922 4396 1004 4437 esse:
1036 4394 1222 4458 quemquem
1248 4372 1358 4450 fateor,
1384 4371 1512 4435 alterum

506 4492 545 4556 ab
568 4492 663 4555 altero
686 4491 805 4556 differre
819 4514 947 4576 parum.
972 4491 1067 4577 Apud¹
1080 4491 1253 4567 Plutonem,
1270 4473 1309 4554 ‹le
1324 4489 1399 4573 Rep.
1417 4488 1510 4553 1329
