3767 5534
984 771 1048 838 sle

514 974 687 1059 templatio,
719 976 762 1038 ita
789 976 841 1039 hie
871 976 953 1060 apud
984 976 1150 1041 Pindarum
1175 977 1290 1061 aliquid
1315 1001 1379 1041 esse
1403 978 1536 1056 simile,

515 1116 608 1178 quum
634 1095 733 1178 justas
756 1093 960 1159 Radamanthi
984 1096 1148 1159 sententias
1172 1096 1310 1160 celebret.
1359 1094 1426 1160 Neo
1449 1084 1522 1159 sane

515 1213 552 1276 ab
577 1235 680 1277 eorum
704 1212 838 1298 gaudiiS,
867 1214 919 1297 qui
943 1238 996 1300 per
1019 1215 1076 1278 tria
1099 1216 1228 1279 vitarum
1254 1215 1351 1300 spatia
1376 1214 1413 1279 ab
1437 1214 1523 1278 omni

515 1332 666 1417 injustitia
697 1332 931 1410 abstinuissent,
960 1334 1099 1418 justitiae
1126 1334 1244 1397 fructus
1268 1333 1372 1397 abesse
1396 1332 1520 1411 debuit,

517 1474 615 1535 neque
638 1450 722 1514 illius
742 1451 853 1536 judicis
877 1452 1075 1536 praesidium,
1101 1454 1153 1537 qui
1176 1452 1246 1516 talis
1269 1453 1362 1517 inisse
1385 1452 1525 1516 tradeba-

518 1578 585 1652 tur,
618 1577 653 1633 ut
684 1576 713 1632 et
745 1569 924 1634 mortalibus
955 1570 1100 1656 inclytam
1123 1579 1360 1656 perpetuamque
1382 1570 1523 1656 justitiae

518 1689 693 1754 memoriam
716 1689 914 1775 relinqueret,
940 1698 970 1754 et
993 1692 1093 1775 ipsum
1117 1698 1222 1776 postea
1246 1689 1379 1754 Crouum
1401 1688 1524 1775 adjuva-

516 1818 563 1873 ret
585 1809 617 1872 in
641 1807 798 1872 beatorum
821 1809 966 1873 beatitate
989 1810 1112 1875 tuenda.

564 1930 634 1992 142.
669 1927 783 2001 Πηλεύς
807 1952 841 1991 τε
863 1928 911 1992 καὶ
936 1927 1062 2005 Κάδμος.
1098 1928 1237 1991 Fortasse
1261 1927 1292 1990 hi
1316 1925 1378 1990 duo
1402 1926 1518 1991 idcirco

517 2046 677 2131 praecipue
701 2054 921 2124 memorantur,
948 2046 1028 2131 quod
1052 2046 1128 2111 alter
1150 2046 1240 2110 fuerit
1263 2045 1377 2131 patriae
1393 2045 1522 2108 Pindari

517 2164 673 2248 conditor,
706 2164 830 2228 alterius
859 2187 929 2230 vero
950 2166 1093 2229 memoria
1107 2166 1236 2230 manime
1252 2165 1415 2249 conjuncta
1430 2164 1525 2228 fuerit

518 2306 588 2348 cum
619 2285 753 2368 Aegina,
785 2308 876 2368 quam
908 2284 1060 2349 Pindarus
1084 2285 1190 2349 dilexit
1214 2284 1331 2349 eximie.
1378 2282 1468 2347 Certe
1489 2284 1525 2347 in

518 2403 649 2467 carmine
672 2403 784 2488 Pythio
807 2401 859 2467 ΙΙΙ
882 2403 1015 2469 Cadmus
1040 2413 1070 2468 et
1093 2404 1200 2468 Peleus
1225 2426 1395 2488 supremam
1419 2402 1526 2466 dicun·

518 2530 569 2587 tur
592 2522 732 2587 habuisse
755 2524 927 2588 mortalium
951 2524 1143 2602 felicitatem,
1160 2524 1278 2609 ipsique
1296 2523 1347 2587 Dii
1363 2523 1401 2587 ad
1418 2544 1524 2587 eorum

518 2644 633 2706 venisse
656 2643 803 2707 convivia.
854 2645 925 2707 156.

565 2764 636 2825 143.
672 2761 833 2843 Ἀχιλλέα.
868 2761 948 2827 Sunt
979 2763 1033 2848 qui
1055 2763 1124 2827 ideo
1142 2770 1251 2847 putent
1265 2737 1404 2826 Thetidis
1421 2783 1526 2847 preces

518 2882 763 2968 commemorari,
800 2881 882 2966 quod
918 2882 983 2945 sine
1018 2882 1055 2945 iis
1085 2881 1207 2968 Jupiter
1235 2880 1386 2945 Achillem
1415 2878 1527 2944 insulis

518 2979 674 3065 beatorum
706 3000 899 3079 exclusisset,
932 3008 1055 3086 propter
1086 3000 1249 3064 Hectorem
1279 2999 1470 3064 interfectum
1495 3006 1529 3062 et

518 3120 672 3184 crudelius
696 3127 875 3184 tractatum:
900 3121 997 3205 possis
1022 3120 1147 3199 addere,
1171 3142 1232 3184 non
1256 3119 1346 3184 modo
1363 3119 1528 3183 Hectorem

518 3239 611 3303 fnisse
635 3261 737 3303 carum
760 3238 846 3319 Jovi,
870 3262 975 3304 verum
994 3248 1149 3325 praeterea
1165 3238 1300 3323 Cycnum
1317 3238 1411 3301 fuisse
1427 3225 1528 3301 filium

519 3358 672 3445 Neptuni,
704 3365 735 3423 et
762 3359 958 3423 Memnonem
985 3358 1167 3443 Aethiopem
1191 3358 1283 3422 luisse
1307 3357 1404 3422 filium
1428 3359 1530 3421 Auro-

518 3500 584 3540 rae:
610 3500 681 3562 ergo
707 3477 857 3541 Achillem
882 3479 913 3542 in
937 3502 972 3542 ea
987 3478 1053 3543 loca
1070 3501 1133 3542 esse
1149 3484 1322 3562 receptum,
1340 3498 1527 3562 quamquam

518 3602 642 3680 propter
672 3596 777 3660 caedes
809 3595 878 3659 illas
905 3604 935 3661 et
957 3596 1045 3676 Jovi,
1071 3604 1101 3660 et
1123 3595 1288 3682 Neptuu0,
1313 3603 1344 3659 et
1367 3597 1528 3674 Aurorae,

518 3714 550 3777 id
585 3721 631 3778 est
666 3715 764 3779 tribus
799 3715 882 3793 Diis,
919 3716 1133 3801 displicuisset.
1180 3715 1286 3800 Longe
1322 3722 1427 3780 contra
1461 3688 1533 3778 esse

519 3835 667 3898 existimo.
694 3833 824 3898 Hectore
840 3835 964 3919 quidem
980 3842 1101 3900 mortuo
1116 3835 1252 3900 vexando
1267 3836 1342 3921 ipsis
1355 3834 1422 3898 Diis
1437 3833 1527 3899 illum

521 3952 713 4039 displicuisse
738 3952 889 4017 Homerus
913 3953 1064 4039 prodidit:
1089 3961 1243 4018 ettamen
1266 3952 1530 4018 illamcrudelita

521 4080 583 4137 tem
613 4065 676 4137 hon
708 4072 918 4137 crudelitatem
950 4073 1052 4157 potius
1084 4072 1293 4158 appellandam
1325 4071 1376 4135 Dii
1399 4077 1528 4158 putant,

522 4192 575 4256 sed
606 4191 704 4255 luctui
736 4191 823 4277 quasi
854 4192 1051 4257 immoderato
1083 4199 1206 4279 propter
1234 4192 1364 4256 amioum
1387 4199 1530 4276 suscepto

522 4309 732 4383 tribuendam:
756 4309 795 4373 Il.
819 4309 928 4374 XXIV
953 4313 1004 4375 33.
1046 4313 1146 4396 Atque
1167 4311 1262 4395 ipsius
1279 4311 1344 4395 ejus
1361 4310 1529 4374 vexationis

523 4428 605 4512 apud
628 4427 794 4493 Pindarum
818 4430 931 4493 mentio
955 4430 1039 4499 nulla
1063 4438 1117 4495 est.
1165 4428 1305 4493 Hectoris
1329 4436 1359 4492 et
1382 4427 1478 4512 Cycni
1498 4435 1529 4492 et

525 4546 696 4612 Memnonis
728 4548 833 4613 caedes
864 4549 895 4614 iu
919 4548 1062 4614 laudibus
1087 4548 1215 4613 Achillis
1239 4555 1395 4633 ponuntur
1417 4568 1436 4610 a
1458 4544 1529 4609 Pin·
