3767 5534
909 719 972 778 asa
1023 676 1037 694 ’

434 938 552 1001 semper
575 940 671 1003 reges
711 916 795 981 Olim
815 917 879 981 dux
899 917 1062 1005 Olympius
1083 921 1177 985 filiam
1196 920 1332 1007 Opuntis
1352 943 1451 1006 quum

432 1037 584 1121 rapuisset
608 1059 624 1100 e
647 1044 727 1100 terra
750 1036 922 1122 Epeorum‚
949 1039 1087 1124 placidus
1113 1042 1186 1105 coiit
1203 1064 1272 1106 cum
1289 1065 1325 1107 ea
1340 1043 1372 1106 in
1391 1042 1452 1107 ccl·

355 1159 396 1220 90
432 1156 514 1221 libus
543 1156 705 1220 Maenaliis
733 1157 868 1241 tulitque
898 1180 964 1221 eam
988 1157 1105 1237 Locro,
1130 1184 1168 1225 ne
1192 1170 1356 1246 occuparet
1381 1184 1452 1226 eum

433 1298 558 1354 aevum,
588 1286 717 1340 mortem
748 1277 905 1361 infligens,
931 1278 1033 1343 orbem
1059 1280 1153 1364 prole.
1202 1280 1322 1345 Habuit
1346 1304 1451 1347 semen

433 1397 598 1460 maximum
631 1419 726 1474 uxor,
759 1397 952 1483 laetatusque
985 1406 1032 1462 est
1054 1399 1144 1463 heros
1168 1401 1275 1465 videns
1299 1402 1450 1466 infantem

432 1538 487 1601 pro
518 1517 582 1581 filio
614 1517 738 1595 datum,
772 1526 802 1582 et
833 1520 955 1583 vocavit
979 1542 1049 1584 eum
1073 1521 1284 1605 cognominem
1309 1544 1365 1585 avo
1389 1544 1452 1585 ma·

432 1645 534 1715 terno,
560 1638 759 1702 excellentem
786 1640 886 1703 virum
909 1639 1008 1704 forma
1031 1648 1060 1704 et
1084 1641 1190 1705 factis:
1224 1641 1393 1727 urbemque
1422 1642 1451 1705 ei

334 1758 396 1819 100
434 1763 464 1820 11
495 1757 645 1843 populum
675 1757 843 1841 regendum
875 1759 1014 1824 tradidit.
1063 1759 1278 1825 Adveniebent
1310 1760 1350 1825 ad
1379 1783 1452 1826 eum

433 1873 569 1957 hospites
601 1874 692 1957 Argis
724 1873 917 1957 Thebisque,
951 1874 1085 1939 Arcades
1117 1882 1148 1939 et
1174 1875 1314 1940 Pisatae:
1350 1874 1450 1941 lilium

434 2015 504 2056 vero
528 1993 650 2056 Actoris
675 1999 705 2057 et
729 1994 865 2076 Aeginae
887 1993 1079 2059 Menoetium
1096 2017 1190 2080 supra
1205 1994 1340 2080 reliquos
1355 1995 1452 2059 hono·

433 2114 513 2177 ravit
542 2112 682 2177 colonos:
716 2114 803 2199 cujus
835 2112 917 2178 filius
947 2136 1017 2178 cum
1051 2114 1167 2179 Atridis
1191 2114 1224 2178 in
1248 2114 1452 2179 Teuthrantis

335 2234 406 2296 110.
433 2239 544 2295 terram
568 2231 669 2307 venit,
697 2230 844 2313 stetitque
868 2252 938 2294 cum
964 2229 1085 2294 Achille
1109 2229 1211 2307 solus,
1237 2251 1333 2314 quum
1356 2228 1452 2292 fortes

433 2350 556 2413 Danaos
579 2349 701 2433 fugaret
716 2348 872 2434 Telephus
888 2357 919 2412 et
934 2350 967 2413 in
983 2350 1115 2414 marinas
1132 2371 1253 2436 puppes
1271 2348 1450 2433 conjiceret,

432 2477 468 2532 ut
491 2469 622 2554 sapienti
645 2468 893 2553 cognoscendum
915 2468 1075 2553 praeberet
1098 2467 1233 2532 Patrocli
1256 2467 1366 2531 fortem
1388 2466 1452 2530 ani·

432 2611 527 2652 mum.
574 2587 600 2650 11
631 2610 693 2673 quo
724 2595 861 2672 tempore
894 2610 965 2651 eum
987 2587 1136 2652 Thadidis
1160 2588 1243 2651 filius
1268 2586 1449 2661 admonuit,

433 2729 472 2770 ne
494 2707 526 2770 in
550 2727 639 2769 saevo
663 2704 763 2768 Marte
787 2726 925 2789 unquam
949 2704 1075 2768 seorsim
1100 2727 1117 2766 a
1140 2725 1195 2766 sua
1215 2702 1303 2765 hasta
1325 2699 1451 2765 victrice

335 2830 397 2891 120
434 2827 622 2890 consisteret.
678 2824 802 2889 Possem
837 2823 974 2887 invenire
1007 2845 1147 2899 carmen,
1184 2830 1219 2884 ut
1254 2819 1452 2905 procederem

433 2952 524 3030 aptus
547 2944 579 3007 in
603 2966 694 3007 curru
721 2942 897 3007 Musarum:
930 2948 961 3006 et
985 2940 1112 3005 audacia
1136 2949 1167 3004 et
1190 2938 1291 3024 ampla
1314 2945 1451 3023 potestas

434 3077 622 3149 sequeretur.
658 3061 718 3125 Sed
744 3069 867 3146 propter
891 3059 1043 3145 hospitale
1059 3058 1244 3144 praesidium
1262 3057 1451 3143 laudemque

432 3181 666 3267 Lampromachi
697 3182 766 3244 veni
798 3180 922 3264 adjutor
951 3179 1092 3242 Isthmiis
1124 3179 1190 3262 ejus
1221 3178 1325 3254 vittis,
1350 3199 1450 3262 quum

432 3324 495 3365 uno
527 3300 577 3365 die
608 3299 697 3364 ambo
727 3300 884 3362 vincerent
915 3297 1090 3361 certamine.
1138 3296 1289 3379 Aliaeque
1313 3295 1451 3359 ducein

335 3423 396 3484 130
433 3420 576 3484 Corinthi
598 3420 695 3503 portis
716 3425 823 3503 postea
838 3418 923 3480 fuere
940 3416 1167 3498 contentiones,
1193 3422 1224 3477 et
1239 3414 1315 3478 aliae
1331 3414 1451 3500 11111111-

432 3545 531 3602 musto
547 3538 580 3601 in
596 3538 666 3600 sinu
681 3535 829 3600 Nemeae:
855 3536 1009 3619 Argisque
1025 3533 1133 3598 habuit
1151 3534 1279 3618 gloriam
1297 3532 1449 3611 virorum,

433 3681 569 3745 puerque
593 3658 735 3722 Athenis,
782 3656 882 3736 Quale
905 3654 1107 3733 Marathone,
1133 3660 1255 3738 ereptus
1279 3675 1316 3716 111
1339 3652 1451 3717 imber·

434 3777 542 3855 bibus,
568 3776 717 3841 sustinuit
740 3782 894 3839 certamen
917 3771 1142 3860 provectiorum
1159 3771 1197 3835 de
1215 3771 1327 3857 pateris
1345 3794 1451 3856 argen-

335 3901 395 3962 140
431 3898 504 3975 teis,
525 3897 669 3980 virosque
685 3918 780 3981 quum
799 3893 890 3958 celeri
906 3893 978 3957 dolo
994 3893 1082 3957 firmo
1099 3893 1236 3970 vicisset,
1258 3891 1450 3976 percucurrit

432 4038 575 4080 coronam
606 4014 812 4101 spectantium
843 4021 960 4097 quanto
991 4034 1097 4077 eorum
1128 4011 1274 4094 clamore,
1306 4020 1449 4074 maturus

431 4145 462 4201 et
485 4136 592 4222 pulcer
614 4105 869 4221 pulcerrimisque
893 4134 1080 4199 facinoribus
1100 4132 1205 4198 factis!
1246 4131 1350 4196 Etiam
1377 4128 1450 4194 Par·

431 4255 534 4320 rhasio
568 4255 683 4341 populo
715 4254 875 4318 mirandus
907 4253 1051 4339 apparuit
1081 4253 1115 4346 in
1144 4252 1221 4316 festo
1245 4260 1337 4315 coetu
1360 4248 1449 4314 doris

435 4374 565 4460 Lycaei,
598 4382 628 4439 et
658 4398 754 4459 quum
785 4373 968 4460 frigidorum
995 4378 1157 4437 ventorum
1181 4372 1254 4435 mite
1276 4368 1447 4435 remedium

337 4497 399 4559 150
436 4502 603 4580 reportaret
618 4494 777 4559 Pellenae:
796 4495 942 4577 testisque
959 4494 985 4555 ei
1002 4491 1128 4556 laudum
1146 4498 1191 4555 cst
1205 4491 1288 4554 Jolai
1304 4488 1446 4553 tumulus
