3767 5534
1016 741 1081 802 446

541 944 558 1009 Ι
588 948 630 1009 48
659 955 690 1010 et
716 947 789 1008 145.
825 941 903 1007 Vide
928 964 1006 1026 quae
1030 942 1305 1012 annotavimusad
1328 941 1379 1007 Ol.
1407 942 1453 1007 VI
1480 946 1557 1008 145.

540 1065 642 1149 Igitur
671 1065 704 1128 in
727 1066 864 1127 ἀσκεῖτιιι
888 1062 978 1126 credo
1003 1084 1068 1126 esse
1091 1061 1346 1145 significationem
1370 1061 1559 1127 exercendae

541 1182 638 1267 ipsius
658 1182 813 1267 justitiae:
838 1181 923 1243 velut
948 1170 1036 1243 Nem.
1062 1179 1110 1243 XI
1135 1182 1153 1242 9

740 1299 829 1375 ξενίου
853 1298 923 1368 Διὸς
946 1297 1026 1374 θέμις
1050 1298 1187 1363 ἀοκεῖσιιι
1210 1298 1339 1369 ἀεννάοις

746 1419 775 1481 ἓν
797 1415 964 1497 τριιιιέζιιις.

539 1534 633 1620 Soph.
661 1533 740 1599 Oed.
764 1533 831 1598 Col.
856 1537 920 1597 913
946 1534 1031 1598 δίκαι’
1055 1534 1203 1598 ἀσκοῦσαν
1218 1533 1311 1597 πόλιν.
1346 1531 1436 1594 Plato
1458 1532 1556 1615 Gorg.

545 1656 606 1719 527
640 1677 656 1717 e
685 1656 738 1729 σὺν
767 1653 943 1728 δικαιοσύνην
972 1653 1022 1716 nal
1053 1654 1105 1727 τὴν
1134 1654 1230 1727 ἀλλην
1252 1653 1356 1731 ἀρετὴν
1379 1652 1555 1723 ἀσκοῦντας.

545 1773 667 1837 Dicitur
688 1780 792 1835 autem
814 1770 937 1834 Themis
959 1771 1088 1850 Σάσιιοιι
1104 1770 1223 1834 solenni
1240 1769 1364 1855 quidem
1380 1791 1437 1834 nec
1453 1779 1554 1833 tamen
1589 1815 1592 1822 -

542 1892 666 1976 proprio
702 1889 902 1973 cognomine:
940 1888 1045 1951 eodem
1083 1889 1163 1952 enim
1198 1888 1365 1973 insignitur
1396 1889 1462 1973 ejus
1491 1887 1557 1951 filia

541 2008 695 2072 Eunomia
717 2007 770 2071 Ol.
794 2007 841 2071 IX
867 2009 919 2071 25.

586 2129 638 2190 30.
674 2124 738 2191 ὅτι
762 2132 829 2206 adp.
865 2125 1176 2189 Pulticula-causalis
1196 2125 1228 2189 in
1246 2125 1359 2209 protasi
1376 2123 1477 2209 posita
1492 2132 1553 2201 est,

542 2268 628 2310 versu
662 2249 702 2309 33
734 2247 763 2311 δὲ
794 2247 827 2310 in
859 2245 996 2329 apodosi.
1042 2243 1191 2309 Similiter
1213 2242 1264 2307 Ol.
1289 2243 1337 2307 IX
1365 2246 1444 2320 158,
1473 2244 1550 2319 139,

541 2366 600 2429 ἐντὶ
621 2367 681 2445 nole
703 2402 748 2413 -
771 2370 856 2429 τοῦτο
880 2364 919 2429 δέ.

587 2486 639 2546 31.
675 2484 750 2548 πολὺ
773 2482 823 2547 nat
847 2489 957 2566 πολλᾷ.
992 2484 1072 2548 Πολὺ
1093 2489 1138 2545 cst
1154 2502 1265 2545 nomen
1281 2479 1483 2566 adjectivum,
1501 2478 1553 2543 sed

543 2600 656 2684 pariter
686 2622 721 2663 nc
744 2608 844 2684 πολλᾷ
868 2600 1059 2664 referendum
1086 2608 1132 2662 est
1154 2598 1193 2662 ad
1216 2598 1302 2679 ῥέπει.
1349 2596 1552 2673 Plutarchus,

542 2718 616 2783 Feb.
632 2722 663 2794 9,
675 2718 793 2784 ἐνέκειτο
805 2721 845 2799 τῷ
858 2718 937 2796 δήμῳ
950 2718 1051 2791 πολύς.
1075 2717 1197 2802 Philop.
1214 2720 1264 2795 17,
1279 2720 1295 2793 ἦ
1312 2716 1335 2779 δ’
1352 2717 1441 2797 ἰσχὺς
1457 2716 1552 2789 πολλὴ

541 2837 651 2917 ἐχώρει.
698 2839 778 2901 Πολὺ
809 2836 971 2920 εἰςιιίΐιοιιϊ4
990 2836 1221 2900 multitudinem
1244 2857 1363 2913 rerum,
1389 2857 1467 2920 quae
1490 2856 1551 2898 ver-

541 2964 636 3038 gunt,
661 2962 761 3039 ιιολλά
785 2954 1027 3039 magnitudinem
1052 2955 1291 3032 inconstantiae,
1316 2976 1379 3039 qna
1400 2954 1434 3017 in
1454 2953 1551 3016 varias

542 3081 642 3159 partes
673 3082 813 3157 vergunt.
860 3071 958 3137 Notat
985 3072 1081 3136 Poeta
1103 3073 1262 3136 commoda
1285 3080 1315 3136 et
1335 3073 1421 3157 jura,
1446 3093 1550 3135 causas

541 3199 572 3256 et
601 3192 725 3276 negotia
757 3191 985 3275 peregrinorum
1016 3197 1047 3254 et
1076 3198 1296 3268 mercatorum,
1329 3211 1460 3275 quorum
1489 3197 1551 3252 erat

542 3311 678 3395 Aeginae
709 3310 817 3393 ingens
849 3309 1026 3373 multitudo.
1073 3309 1206 3373 Mutatio
1230 3308 1376 3372 mercium
1399 3307 1443 3372 ibi
1468 3315 1549 3371 tanta

541 3429 617 3506 fuit,
641 3436 677 3491 ut
700 3448 832 3505 merces,
857 3449 936 3511 quae
960 3428 1027 3491 aliis
1050 3427 1203 3492 mercibus
1225 3428 1329 3512 potins
1345 3434 1551 3513 permutaren-

414 3611 418 3618 ,
540 3556 592 3611 tur
622 3570 715 3633 quam
741 3546 871 3631 pecunia
895 3546 1113 3624 venderentur,
1138 3547 1262 3611 omnino
1282 3545 1405 3610 nomine
1421 3545 1552 3630 appella-

540 3666 604 3729 tivo
638 3686 753 3728 merces
787 3664 983 3748 Aegineticae
1017 3663 1115 3747 dictae
1149 3664 1280 3740 fuerint,
1314 3670 1345 3727 ct
1372 3670 1550 3727 cunctarum

540 3805 642 3846 rernm
665 3788 845 3845 mercatores
862 3780 1081 3865 Aeginopolae.
1118 3780 1207 3844 Certe
1222 3780 1284 3844 tale
1300 3781 1471 3865 emporium
1487 3780 1551 3844 sine

541 3921 660 3965 summa
676 3899 829 3983 aequitate
853 3906 884 3962 et
912 3899 1034 3983 justitia
1058 3898 1164 3962 llorere
1179 3919 1242 3962 non
1259 3899 1370 3982 potuit.
1406 3898 1551 3983 Disputat

542 4019 579 4084 de
599 4020 669 4103 jure
693 4020 859 4104 peregrinis
882 4018 1017 4083 dicundo
1040 4018 1145 4095 Plato,
1166 4018 1213 4081 De
1228 4017 1323 4102 Legg.
1341 4017 1407 4081 XII
1423 4041 1453 4103 p.
1470 4019 1549 4094 953,

543 4138 623 4214 953,
648 4136 740 4202 etde
764 4139 829 4222 ejus
852 4138 896 4202 rei
920 4136 1118 4213 difficultate,
1142 4136 1189 4200 IV
1208 4139 1282 4202 705.
1317 4135 1359 4199 Ilt
1374 4136 1419 4200 ita
1434 4136 1551 4221 Aegina

541 4254 664 4333 floruit,
689 4263 725 4319 ut
747 4256 791 4321 ibi
814 4257 929 4320 fuerint
954 4255 1177 4340 quadringenta
1201 4263 1231 4318 et
1246 4255 1442 4339 septuaginta
1456 4254 1551 4319 millia

542 4395 716 4452 servorum,
741 4374 907 4438 secundum
931 4374 1139 4437 testimonium
1156 4373 1340 4436 Aristotelis.
1373 4372 1453 4437 Vide
1469 4372 1552 4436 scho·
1609 4445 1612 4452 .

540 4490 581 4554 lia
612 4501 642 4554 et
673 4492 884 4570 Athenaeum,
916 4491 953 4555 Ιι.
985 4491 1032 4554 VI
1067 4515 1096 4576 p.
1130 4494 1204 4557 973.
1253 4490 1355 4555 Etiam
1385 4490 1476 4555 Nem.
1500 4489 1550 4553 Ill
