3767 5534
883 770 885 773 ,
907 709 967 771 131

429 918 481 982 καὶ
519 914 658 994 γυμνικὸν
692 914 839 978 ἐπιστᾶσι.
886 908 1004 974 Herod.
1036 908 1083 973 VI
1117 910 1169 973 38.
1217 908 1257 972 Ilt
1287 907 1446 972 Bmsidam

433 1031 678 1119 Amphipolitani
701 1040 884 1095 servatorem
909 1051 1001 1093 suum
1020 1028 1193 1114 judicatum
1210 1027 1377 1091 conditoris
1392 1048 1448 1090 uu-

432 1173 516 1216 mero
539 1151 637 1216 colem
660 1150 885 1225 instituerunt,
910 1157 940 1211 et
965 1147 1011 1210 illi
1034 1148 1125 1224 τιμὰς
1154 1146 1306 1211 δεδώκασιν
1329 1148 1446 1223 ἀγῶνας

433 1270 483 1335 καὶ
501 1268 633 1345 ἐτησίους
652 1270 759 1338 Ouolas.
805 1264 903 1329 Thac.
928 1263 956 1324 V
985 1268 1035 1328 ll.
1072 1263 1161 1328 Conf.
1186 1286 1265 1348 quae
1289 1283 1357 1347 pag.
1383 1259 1447 1325 293

434 1389 474 1453 ad
497 1387 548 1452 Ol.
572 1387 608 1452 ΙΙ
633 1386 870 1451 memoravimus
898 1384 936 1449 de
964 1382 1104 1447 Therone
1125 1404 1162 1446 111
1178 1382 1314 1446 Diodoro
1331 1381 1378 1445 XI
1396 1385 1448 1445 53.

479 1505 669 1570 Memoratur
691 1506 725 1568 iu
749 1503 874 1567 scholiis
898 1501 1051 1566 veteribus
1075 1502 1187 1565 festum
1207 1499 1385 1585 Tlepolemo
1406 1500 1450 1564 in·

434 1626 599 1702 stitutum,
623 1625 703 1700 ἀγὼν
726 1620 960 1699 Τληπολέμειος,
985 1630 1016 1684 11
1038 1620 1072 1683 in
1097 1619 1192 1683 altero
1217 1619 1449 1697 Τληπολέμειαι,

435 1745 488 1809 cui
510 1742 636 1828 quidem
658 1741 819 1827 adjicitur:
843 1741 868 1804 οἱ
892 1740 922 1803 δὲ
943 1739 1112 1818 Ἡράκλεια.
1148 1737 1262 1802 Verum
1280 1739 1311 1802 iu
1328 1738 1451 1803 duobus

435 1861 603 1927 laudantur
626 1860 703 1924 fasta
725 1858 822 1935 solis,
847 1858 982 1933 Ἡλίεια,
1007 1866 1038 1920 11
1060 1858 1093 1920 in
1117 1856 1226 1921 horum
1247 1856 1343 1921 altero
1358 1858 1449 1920 etiam

436 1987 544 2045 auctor
572 1980 638 2064 ejus
669 1976 965 2042 commemorationis
1001 1975 1173 2060 appellatur
1190 1973 1284 2039 ¹Ister
1316 1976 1347 2039 in
1371 1975 1450 2040 libro

436 2100 499 2176 περὶ
523 2104 579 2164 τῶν
602 2097 699 2161 Ἠλίου
722 2095 860 2173 dyctaeos:
886 2095 918 2158 in
934 2094 1030 2157 altero
1047 2094 1145 2178 ipsius
1162 2094 1228 2179 ejus
1244 2093 1314 2158 festi
1330 2101 1451 2178 tempus

436 2216 602 2292 definitur,
627 2213 773 2299 Gorpiaei
795 2213 909 2277 mensis
934 2211 999 2275 dies
1016 2212 1177 2276 vicesimus
1194 2219 1343 2295 quartus:
1360 2212 1452 2276 etiam

438 2334 521 2420 apud
545 2334 738 2398 Athenaeum
762 2332 799 2397 L.
823 2332 891 2395 XII
917 2334 980 2395 561
1005 2330 1196 2395 Rhodiorum
1217 2330 1328 2395 Helico
1342 2352 1454 2395 memo·

437 2461 555 2519 rantur.
593 2446 667 2517 'Nec
699 2451 764 2516 ulla
786 2473 879 2516 causa
902 2459 966 2529 est,
992 2466 1045 2514 1111
1067 2450 1122 2514 illa
1144 2451 1240 2514 fuisse
1264 2450 1452 2515 dubitemus.

436 2570 533 2651 Quod
564 2589 635 2634 vcro
668 2570 700 2633 iu
731 2569 793 2633 illis
823 2568 946 2633 duobus
978 2569 1101 2633 scholiis
1134 2576 1288 2654 praeterea
1318 2568 1452 2646 dicitur,

438 2688 606 2753 Pindarum
639 2709 729 2752 usum
761 2710 826 2751 esse
856 2688 1015 2751 mendacio
1048 2689 1184 2772 poetico,
1217 2697 1247 2751 11
1275 2689 1453 2752 memoriam

438 2806 619 2871 Helieorum
649 2805 845 2870 transtulisse
876 2805 915 2868 ad
947 2804 1178 2890 Tlepolemum,
1210 2827 1246 2869 en
1270 2825 1306 2870 e'o
1330 2806 1453 2889 quidem

439 2925 518 2989 effici
548 2933 666 3010 potest,
699 2924 882 3009 scripturam
914 2946 998 3001 eam,
1033 2946 1124 3008 quam
1157 2925 1346 3002 memoravI,
1378 2925 1402 2989 ol
1425 2925 1455 2989 δὲ

368 3099 373 3109 .
439 3043 615 3126 Ἡράκλεια,
639 3043 767 3108 fortasse
791 3061 892 3108 errore
915 3043 1050 3127 quodam
1074 3052 1171 3107 ortam
1196 3066 1260 3108 csse
1278 3066 1316 3107 ex
1331 3044 1455 3108 nomine

442 3161 637 3227 Helieorum:
660 3185 765 3226 verum
780 3163 812 3227 id
827 3162 931 3248 ipsum
947 3163 1088 3247 quidem,
1106 3162 1274 3227 Pindarum
1289 3164 1455 3227 mentitum

443 3300 508 3345 esse
537 3282 570 3345 in
599 3304 635 3345 ea
664 3304 714 3359 re,
752 3303 855 3345 verum
887 3303 1039 3345 essenon
1063 3288 1172 3367 potest.
1220 3281 1339 3361 Quodsi
1361 3281 1401 3345 de
1423 3303 1456 3344 11

441 3410 559 3465 remota
589 3407 747 3484 ageretur,
780 3399 970 3463 dubitationi
999 3422 1033 3463 ac
1056 3399 1259 3484 disputationi
1281 3399 1367 3463 locus
1389 3415 1456 3463 1111

444 3526 580 3604 poterat:
606 3541 710 3582 verum
735 3518 888 3603 quomodo
911 3518 1055 3619 deinceps
1078 3518 1174 3582 Poeta
1196 3519 1318 3582 mentiri
1336 3528 1454 3603 posset,

443 3636 535 3700 duas,
555 3635 706 3720 Diagorae
741 3637 835 3700 luisse
869 3637 1012 3700 victorias
1044 3637 1077 3700 in
1107 3636 1328 3722 Tlepolemeis,
1361 3660 1455 3722 quum

443 3728 508 3819 nou·
520 3729 625 3819 esseut
639 3754 846 3839 Tlepolemea,
864 3755 1006 3841 equidem
1023 3771 1086 3819 non
1101 3756 1250 3841 intelligo.
1278 3755 1345 3820 Neo
1360 3756 1454 3820 ullam

444 3873 633 3958 probabilem
655 3888 778 3937 causam
803 3874 911 3952 video,
933 3895 990 3938 cur
1013 3872 1189 3938 Boeclihius
1213 3874 1389 3960 Tlepolemo
1405 3874 1458 3937 ho·

443 4011 548 4056 111111
580 3991 773 4055 deminutum
798 4000 829 4056 et
851 3991 941 4055 ludos
958 3992 997 4056 ad
1013 3991 1115 4057 Solem
1130 3993 1313 4071 translatos,
1331 3991 1474 4057 Pindari

443 4117 546 4173 tamen
569 4117 668 4174 aetate
691 4109 793 4174 denuo
817 4110 995 4195 Tlepolemo
1017 4119 1101 4174 actos
1126 4112 1289 4175 existimet.

493 4230 565 4292 148.
600 4236 700 4311 κλεινᾷ
715 4231 742 4292 τ’
760 4230 788 4292 ἐν
804 4227 918 4310 Ἰσθμῷ.
955 4228 1107 4293 Isthmum
1121 4228 1316 4294 Corinthium
1329 4247 1457 4314 semper,

445 4353 594 4430 quantum
616 4346 757 4423 memini,
782 4346 934 4409 Pindarus
958 4348 1047 4431 ponii
1067 4369 1176 4431 genere
1194 4348 1355 4411 feminiuo:
1373 4348 1458 4411 velut

445 4463 496 4529 Ol.
520 4462 603 4527 VIII
627 4466 669 4526 64
693 4462 739 4528 ἐπ’
762 4465 874 4541 Ἰσθμὸν
897 4466 1032 4548 ποντίαν,
1058 4464 1148 4530 Nem.
1172 4464 1201 4527 V
1222 4465 1457 4544 11111141.
