3767 5534
920 700 985 760 204

447 902 576 988 gratiam
601 900 805 986 Agesidamus
829 908 866 966 ut
889 901 1005 965 Achilli
1026 901 1198 967 Patroclus.
1236 905 1358 968 Acuens
1375 925 1464 981 eum,

447 1024 501 1109 qui
521 1022 559 1086 ad
580 1022 725 1086 virtutem
749 1028 839 1085 natus
864 1023 918 1098 sit,
943 1021 982 1085 ad
1007 1022 1164 1107 ingentem
1187 1023 1299 1107 aliquis
1323 1023 1466 1109 impellat

446 1143 572 1228 gloriam
598 1165 669 1206 cum
692 1141 751 1206 Dei
767 1164 838 1226 ope:
864 1142 929 1206 sine
946 1142 1049 1207 labore
1066 1144 1155 1228 pauci
1172 1144 1297 1228 quidam
1313 1144 1464 1229 gaudium

444 1262 527 1325 nacti
551 1268 633 1325 sunt.
672 1260 787 1324 Lucem
813 1262 892 1325 vitae
916 1284 1009 1346 supra
1026 1284 1118 1347 opera
1133 1264 1236 1326 omnia
1253 1263 1464 1347 eximiumque

443 1389 595 1445 certamen
629 1388 663 1444 ut
694 1403 800 1444 canam
831 1403 879 1444 me
906 1382 979 1465 jura
1002 1381 1217 1466 compulerunt
1239 1381 1344 1460 Jovis,
1378 1381 1463 1466 quod

367 1504 407 1563 30
443 1500 481 1564 ad
513 1507 668 1564 vetustum
699 1499 854 1563 tumulum
886 1498 1009 1585 Pelopis
1045 1500 1090 1563 vis
1126 1500 1271 1565 Herculis
1306 1501 1462 1579 instituit,

445 1626 609 1705 postquam
627 1618 823 1704 Neptunium
844 1618 957 1683 occidit
973 1618 1117 1683 Gteatum
1134 1620 1259 1697 fortem,
1284 1619 1462 1705 occiditque

443 1739 613 1823 Eurytum,
649 1748 684 1802 ut
720 1739 757 1804 ab
793 1741 901 1823 Augea
931 1739 1101 1803 mercedem
1131 1740 1271 1803 meritam
1302 1740 1462 1826 ingentem

444 1859 541 1922 invito
572 1858 676 1922 volens
708 1860 851 1943 exigeret.
899 1858 937 1922 In
962 1858 1154 1923 convallibus
1178 1858 1342 1923 insidiatus
1365 1882 1462 1945 prope

444 1977 574 2041 Cleonas
599 1978 711 2042 occidit
734 1980 827 2043 etiam
843 1978 899 2040 bos
915 1977 1066 2041 Hercules
1082 1978 1114 2041 in
1131 1979 1255 2057 itinere,
1281 1979 1355 2063 quia
1371 1986 1463 2043 antea

366 2102 407 2159 tu
444 2097 609 2181 aliquando
632 2097 829 2182 Tirynthium
855 2098 882 2161 ei
901 2097 1077 2161 deleverant
1093 2099 1259 2162 exereitum
1276 2098 1462 2162 insidentem

443 2216 475 2280 in
505 2216 626 2301 angulis
658 2215 756 2281 Elidis
786 2216 939 2280 Moliones
964 2216 1098 2301 superbi.
1145 2216 1186 2280 Bt
1209 2239 1280 2280 vero
1304 2216 1459 2302 Epeorum

444 2358 495 2399 rer
520 2334 665 2419 deceptor
688 2334 819 2420 hospitis
843 2357 906 2399 non
929 2335 1029 2398 multo
1054 2341 1124 2420 post
1147 2334 1224 2399 vidit
1248 2357 1335 2399 suam
1350 2335 1461 2400 urbem

444 2455 573 2539 patriam
598 2455 777 2539 opulentam
802 2453 860 2518 sub
884 2454 957 2517 forti
981 2455 1052 2538 igue
1076 2453 1236 2539 plagisque
1257 2454 1328 2518 ferri
1345 2454 1379 2518 iu
1396 2454 1461 2518 alto

443 2573 566 2658 gurgite
589 2572 773 2637 calamitatis
798 2572 1018 2637 considentem.
1036 2571 1128 2636 1Νοη
1145 2572 1237 2636 datur
1253 2594 1355 2637 arcere
1371 2573 1460 2637 litem

444 2693 663 2777 potentiorum.
710 2692 815 2755 Etiam
843 2692 896 2755 ille
921 2691 1131 2776 imprudentia
1154 2698 1328 2777 postremus
1352 2699 1461 2777 captus
1541 2749 1545 2758 ,

368 2816 407 2874 50
444 2821 490 2876 est
513 2835 570 2877 nec
593 2819 720 2877 mortem
747 2812 886 2876 acerbam
908 2811 1026 2895 effugit.
1062 2811 1120 2875 Ille
1137 2833 1207 2875 vero
1224 2810 1328 2890 Pisae,
1353 2817 1460 2875 coacto

444 2938 511 2995 toto
528 2932 665 2995 exercitu
680 2931 827 3014 omnique
843 2930 972 3015 praeda,
996 2928 1083 2993 Jovis
1100 2930 1187 2993 fortis
1204 2929 1285 2994 filius
1302 2928 1462 2993 dimensus

444 3059 489 3115 est
512 3052 618 3115 fanum
641 3051 721 3135 patri
744 3051 897 3114 maximo:
923 3049 1124 3133 terminisque
1149 3049 1353 3134 circapositis
1370 3048 1460 3113 Altiu

441 3170 473 3233 in
498 3169 565 3233 loco
589 3168 674 3232 nudo
698 3168 821 3245 divisit,
846 3169 1113 3253 circumjacentem
1137 3180 1371 3252 vero'campum
1388 3166 1462 3230 fecit

442 3309 552 3351 coenae
583 3286 808 3363 deversorium,
841 3286 995 3350 honorans
1028 3285 1158 3349 fiuvium
1189 3284 1303 3370 Alphei
1327 3285 1359 3348 in
1384 3284 1461 3348 duo·

351 3409 405 3474 ,60
443 3405 542 3470 decim
573 3406 651 3469 Diis.
699 3404 741 3468 Et
771 3405 880 3469 collem
913 3404 1008 3468 Croni
1040 3404 1223 3490 appellavit:
1257 3410 1348 3468 autea
1375 3404 1458 3468 enim

443 3526 508 3589 sine
523 3526 664 3602 nomine,
689 3523 787 3588 donec
803 3523 978 3589 Oenomaus
995 3523 1159 3609 regnabat,
1180 3523 1343 3608 tegebatur
1357 3520 1459 3587 multa

442 3646 521 3709 nive.
574 3645 678 3730 Atque
709 3646 741 3708 in
772 3645 826 3709 illo
859 3645 1062 3731 primogenito
1094 3667 1178 3708 sacro
1210 3643 1397 3707 adstiterunt
1428 3642 1456 3706 ei

443 3787 536 3850 prope
559 3764 690 3852 Parcae,
715 3771 762 3842 et,
787 3765 842 3849 qui
867 3787 947 3828 unus
970 3771 1102 3829 testatur
1125 3763 1281 3828 veritatem
1299 3763 1458 3847 incorrup-

441 3890 520 3961 tam,
552 3883 698 3969 Tempus.
746 3883 917 3948 Veritatem
948 3883 1147 3969 progrediens
1171 3882 1348 3959 nunciavit,
1381 3902 1457 3966 quo·

365 4008 405 4069 70
441 4002 533 4068 modo
564 4002 638 4067 belli
669 4002 766 4080 dona,
799 4002 905 4067 divisis
932 4002 1126 4088 primordiis,
1160 4000 1392 4079 sacrificaverit,
1424 4008 1456 4064 et

441 4121 670 4206 quinquennale
686 4120 947 4205 quemadmodum
959 4121 1130 4186 instituerit
1142 4121 1252 4184 festum
1268 4142 1338 4183 cum
1350 4117 1456 4204 Olym·

440 4241 529 4327 piade
564 4240 663 4325 prima
696 4240 903 4324 victoriaeque
938 4239 1211 4325 reportationibus.
1267 4235 1346 4319 Quis
1382 4259 1455 4323 ergo

440 4367 594 4425 recentem
628 4366 738 4423 naotus
773 4381 916 4423 coronam
948 4367 995 4423 est
1025 4360 1168 4425 manibus
1199 4357 1393 4444 pedibusque
1424 4362 1456 4421 et

442 4503 553 4557 curru,
591 4478 745 4561 decusque
780 4480 955 4543 certaminis
991 4482 1021 4543 in
1054 4478 1144 4542 laude
1176 4478 1281 4564 posuit
1313 4486 1344 4541 et
1373 4476 1455 4562 oepit
