3767 5534
914 724 974 787 188

820 934 856 988 Σ.
884 923 927 1001 β.
974 935 1007 989 Κ.
1031 926 1067 998 η’.

653 1041 778 1105 ’Άσιονον
801 1038 825 1103 δ’
848 1040 958 1117 ἔλαβον
980 1041 1090 1120 χάρμαι
1112 1039 1218 1120 ratpot
1237 1065 1319 1112 τινες,

653 1158 769 1237 Ἔργον
793 1159 986 1253 προσάντων
1007 1158 1098 1238 βίοτον
1119 1158 1195 1240 <peior

657 1278 776 1352 Ἀγῶνοο
802 1274 825 1339 δ’
850 1274 992 1355 ἐξαίρετον
1015 1278 1113 1341 atatem

658 1393 784 1471 Θέμιτος
804 1387 896 1473 ὦρσοιν
919 1396 1003 1470 Διὸς,
1028 1391 1058 1459 ὃν
1079 1395 1188 1474 dcxci-

702 1536 724 1587 ῳ
746 1510 862 1589 roipert
884 1512 945 1592 σοὶρ
967 1511 1098 1584 Πέλοπος

657 1627 707 1703 Βίη
731 1629 886 1709 Ἡροικλέος

466 1833 507 1882 26.
531 1835 617 1901 ratpot
633 1854 697 1890 τινες.
732 1833 785 1882 Pal.
802 1832 822 1881 C
838 1834 896 1889 τινἰς
912 1836 1005 1902 παῦροι.

464 1927 504 1979 27.
532 1933 609 1997 ἔργων.
645 1928 683 1977 stc
701 1929 752 1977 Pal.
770 1929 804 1987 (l,
824 1928 893 1978 Urat.
911 1931 933 1978 A
951 1931 975 1977 et
991 1928 1012 1976 B
1030 1928 1147 1991 multique
1164 1928 1215 1978 alii.
1249 1928 1359 1992 Heynius
1374 1933 1446 1997 ἱργυν,

435 2022 507 2071 etiam
525 2038 553 2072 ex
572 2022 649 2072 libris.
759 2080 761 2084 ¹

468 2118 507 2166 al.
534 2119 576 2183 βθη
599 2116 730 2185 Ἡρακλέος.
766 2118 804 2167 lta
828 2117 889 2166 Urat
912 2118 978 2166 Aet
994 2117 1028 2176 B,
1047 2121 1072 2166 et
1088 2117 1195 2182 plurimi.
1230 2118 1259 2165 ln
1278 2118 1354 2167 Mosa.
1373 2117 1394 2165 B
1410 2118 1452 2167 ad·

434 2213 552 2277 seriptum
574 2217 610 2263 est
633 2214 762 2263 scholium:
787 2216 857 2270 οὕτως
880 2220 973 2278 ἄμεινον
993 2217 1134 2283 γράφεσθαι,
1152 2218 1195 2279 {dia
1210 2210 1347 2282 Ἦρακλθος·
1366 2218 1387 2265 ol
1403 2219 1451 2282 γὰρ

433 2315 557 2377 γράφοντες
580 2312 658 2377 θτιρον
681 2311 719 2358 oda
742 2313 812 2376 ὀρθῶς
836 2315 969 2376 γράρυυυιν.
1002 2309 1035 2357 nt
1058 2308 1121 2358 idem
1138 2308 1188 2357 fere
1205 2307 1352 2371 adscriptum
1369 2311 1407 2358 eat
1423 2308 1450 2356 in

433 2404 502 2453 Urat.
519 2405 549 2453 A.
584 2404 614 2452 In
637 2403 689 2452 Pal.
714 2404 734 2452 C
751 2407 801 2452 eat:
824 2409 904 2469 βωμὸν
920 2407 1045 2471 ἑξάριθμον
1060 2401 1198 2471 Ἠρακλέης,
1215 2404 1326 2468 idemque
1343 2404 1370 2452 iu
1386 2404 1450 2468 Aug.

434 2498 469 2557 B,
488 2498 542 2547 Par.
560 2500 596 2557 A,
621 2498 675 2547 Ald.
700 2499 728 2545 ln
753 2499 820 2547 Gott.
842 2497 935 2556 eadem,
960 2499 1002 2547 sed
1021 2506 1111 2565 βωμῷ,
1134 2502 1159 2547 et
1175 2500 1200 2549 in
1218 2498 1347 2557 Vaticano,
1366 2513 1451 2547 verum

433 2597 568 2663 ἑξώριθμον.
602 2593 749 2642 scholiastae
767 2598 859 2642 veteres
876 2609 928 2643 eam
945 2594 1089 2659 scripturam
1105 2594 1231 2643 manifesto
1249 2597 1397 2658 agnoscunt:
1409 2609 1451 2643 sex

432 2704 485 2738 aras
502 2688 627 2738 duodecim
652 2688 705 2737 Diis
729 2693 878 2738 consecratus
901 2704 953 2737 esse
976 2692 1148 2747 memorantes,
1165 2693 1189 2737 et
1206 2687 1307 2737 similia:
1326 2688 1391 2737 coni.
1409 2687 1449 2737 01.

433 2783 513 2836 vlo.
548 2783 641 2833 Contra
665 2799 722 2833 vero
744 2786 889 2833 recentiores
915 2784 982 2833 illam
1005 2783 1105 2833 alteram
1122 2784 1226 2833 habent:
1243 2784 1267 2832 in
1287 2782 1355 2833 Uret.
1373 2784 1396 2833 Δ
1412 2783 1452 2833 ad·

433 2878 550 2943 scriptum
568 2884 617 2927 ert:
635 2890 820 2948 περιρραστικῶς
837 2884 887 2929 ἀντὶ
903 2885 943 2930 τοῦ
961 2882 973 2929 ο
990 2877 1103 2948 Ἐρακλῆς
1144 2878 1179 2926 lit
1194 2878 1220 2926 in
1237 2876 1368 2941 prolixiore
1379 2876 1448 2927 scho-

432 2972 479 3021 lio:
499 2975 535 3037 tr,
560 2979 626 3036 ἤγουν
647 2978 685 3024 τὸν
702 2980 790 3037 ἀγῶνα,
809 2980 823 3030 ἡ
841 2976 904 3039 ἰσχὺς
921 2980 961 3024 τοῦ
977 2973 1127 3043 Ἡρακλέους,
1144 2982 1330 3042 περιφραστινιῶς
1347 2974 1359 3023 ὁ
1375 2969 1450 3041 Ἠρα-

433 3049 500 3132 κλῆξ,
519 3074 640 3131 θκτθσατο,
658 3073 708 3119 ἀντὶ
725 3077 766 3120 τοῦ
782 3073 873 3133 ἔκτισε,
888 3076 1054 3131 κατέσκευσσε,
1066 3069 1160 3125 πλησίον
1170 3072 1211 3118 τοῦ
1220 3072 1322 3136 ἀρχαίου
1331 3076 1453 3132 μνήματος

432 3170 473 3214 τοῦ
494 3167 605 3220 Πέλοπος.
640 3163 725 3212 Potest
747 3164 809 3213 forte
833 3164 920 3227 aliquis
936 3163 1088 3222 existimare,
1106 3164 1135 3213 ab
1152 3163 1199 3212 hoo
1215 3162 1345 3212 scholiasta
1361 3161 1452 3212 lectum

436 3258 509 3307 fuisse
527 3261 602 3325 ἰσχὺς,
620 3263 645 3306 et
662 3274 690 3307 eo
708 3261 815 3322 spectare
832 3258 955 3307 monitum
972 3258 1072 3307 alterius
1088 3257 1187 3317 acholii,
1205 3261 1226 3309 ot
1239 3263 1363 3327 γράφοντος
1376 3260 1453 3326 ἕτερον

432 3357 470 3404 οὐκ
498 3358 568 3420 ὀρθῶς
593 3358 726 3422 γράρουσινι
753 3353 892 3416 praesertim
917 3368 990 3417 quum
1017 3356 1123 3427 ζκτίσατσ
1148 3353 1228 3418 ipsum
1254 3356 1403 3402 memoretur
1425 3355 1450 3400 ot

433 3448 566 3513 explicetur
582 3454 716 3513 pertarum
734 3450 901 3501 xanctonicae:
919 3464 1004 3499 verum
1022 3450 1103 3514 potius
1120 3448 1204 3507 cred03
1222 3448 1268 3498 hoc
1283 3448 1309 3497 iu
1320 3447 1365 3497 illo
1378 3446 1451 3497 verbo

434 3545 524 3594 factum
541 3559 592 3593 esse
611 3548 710 3609 propter
727 3544 829 3593 formum
846 3542 949 3593 mediam
966 3557 1009 3607 pro
1027 3542 1104 3592 activa
1124 3542 1242 3608 positam,
1259 3545 1285 3591 et
1302 3543 1366 3608 θσχθς
1382 3542 1417 3591 in
1436 3557 1452 3591 a

435 3640 563 3689 scholiasta
586 3639 703 3703 scriptum
729 3655 779 3687 esse
803 3654 847 3702 pro
871 3642 927 3705 βίη,
952 3640 981 3687 nt
1003 3641 1095 3696 cinctos
1118 3653 1162 3701 pro
1185 3642 1252 3706 παρὰ
1267 3640 1291 3686 et
1308 3646 1390 3701 μνῆμα
1406 3652 1451 3701 pro

433 3744 513 3799 σᾶμαι
538 3750 614 3799 neque
638 3734 713 3798 igitur
738 3734 795 3782 satis
813 3749 863 3782 erae
880 3749 978 3792 musae,
995 3748 1037 3781 cur
1054 3735 1119 3799 ισχθς
1135 3732 1159 3781 in
1178 3735 1246 3781 textu
1262 3731 1362 3780 Pindari
1378 3732 1452 3781 fnisse

434 3830 565 3879 videretur.
599 3828 689 3878 'l'aruen
714 3827 822 3877 scholion
847 3829 923 3877 More.
948 3828 1145 3892 Bsuspicionem
1163 3828 1274 3891 praebet,
1293 3825 1449 3889 scripturam,

432 3940 504 3989 qnam
523 3923 643 3982 dedimus,
661 3939 675 3972 a
694 3922 868 3972 recentioribus
887 3922 1056 3972 Grammaticis
1075 3922 1198 3971 inductam
1216 3936 1274 3971 ease.
1303 3920 1453 3994 Hartungius

431 4019 506 4068 edidit
532 4020 597 4084 ἰσχὺς
619 4018 748 4087 Ἠρακλθος.
783 4017 829 4067 Sed
855 4033 969 4081 perquam
992 4016 1113 4080 ingeniosa
1130 4020 1155 4065 et
1172 4015 1293 4065 mentione
1311 4014 1452 4079 dignissima

430 4117 467 4163 eal
489 4114 628 4178 conjectura
650 4112 767 4177 Kayseri,
791 4113 832 4176 qui
856 4112 921 4175 ejicit
939 4115 1059 4165 ἐκτίσσατο
1076 4116 1100 4161 et
1118 4111 1270 4162 scribendum
1287 4114 1368 4176 putat:
1386 4109 1450 4175 ἔθηχ’

432 4210 557 4277 ἑξάριθμον
582 4206 724 4276 Ἠρακλέηςι
748 4210 772 4255 et
797 4210 921 4277 ἑξάριθμον
943 4208 1018 4257 refert
1044 4206 1073 4256 ad
1096 4212 1186 4270 ἀγῶνα,
1212 4206 1254 4269 qui
1279 4221 1320 4255 sex
1342 4204 1452 4269 pnrtlbm

434 4303 557 4361 constitit,
581 4303 713 4353 secundum
739 4304 818 4367 iprum
843 4302 975 4353 Pindarum
994 4318 1029 4351 vs.
1046 4302 1158 4354 75-882
1176 4302 1268 4359 stadio,
1287 4301 1365 4361 lucta,
1383 4299 1451 4365 pugi·

438 4398 502 4456 latn,
527 4398 660 4462 quadrigis,
682 4397 745 4457 telo,
768 4413 833 4446 saxo.
867 4396 940 4461 Quod
966 4397 995 4446 ad
1016 4396 1079 4462 ἔθηχ’
1095 4397 1195 4457 attinet,
1215 4399 1279 4445 recta
1296 4395 1391 4445 contat
1407 4394 1449 4445 01.

436 4493 479 4542 Ill
498 4492 544 4551 39,
562 4495 588 4541 et
604 4492 699 4557 Fragm.
718 4492 767 4542 252
784 4492 821 4541 ed.
837 4491 943 4541 Boecklr.
961 4497 1082 4556 τιθιριθνονν
1097 4497 1194 4555 ἀγώνων.
