3767 5534
865 717 904 778 13

364 920 450 1005 regis
481 921 565 986 filisa
599 920 685 985 Haec
716 927 817 986 autem
848 942 910 984 non
933 919 1095 985 muliebria
1119 943 1213 1008 opera
1235 927 1266 985 et
1290 918 1391 984 oblec-

367 1047 509 1104 tamenta
532 1040 661 1117 amavit,
686 1038 739 1102 scd
763 1039 833 1103 telis
856 1038 958 1102 aeneis
982 1047 1013 1102 et
1035 1039 1138 1125 gladio
1163 1060 1306 1125 pugnans
1323 1059 1393 1102 ven·

368 1161 436 1223 avit
466 1159 543 1222 feras
574 1158 704 1236 bestias,
736 1158 865 1223 multam
896 1181 969 1222 sane
1001 1166 1031 1222 ct
1062 1159 1262 1244 tranquillam
1293 1156 1394 1221 bobus

371 1279 508 1364 paternis
532 1301 636 1363 pacem
661 1277 824 1363 praebens,
849 1298 992 1342 somnum
1015 1279 1048 1343 in
1072 1279 1151 1343 ciliis
1178 1299 1304 1365 parcum
1324 1298 1395 1341 con·

370 1419 497 1460 sumens
525 1395 582 1460 sub
607 1396 773 1460 adventum
798 1397 945 1460 Aurorae.
993 1394 1113 1461 Nactus
1137 1419 1203 1460 cam
1228 1394 1394 1480 aliqnando

371 1522 420 1578 cst
450 1537 520 1578 cum
550 1514 621 1578 lorti
644 1514 732 1578 leone
755 1513 850 1578 solam
875 1514 940 1578 sine
966 1514 1052 1579 hasta
1075 1515 1245 1579 luctantem
1269 1513 1393 1599 Apollo.

372 1632 531 1696 Continuo
558 1632 722 1697 Chironem
746 1634 882 1696 vocavit:
907 1633 1047 1717 relinque
1071 1641 1211 1711 antrum,
1236 1656 1255 1696 o
1278 1631 1394 1716 Philly-

371 1752 459 1829 rida‚
495 1759 526 1815 et
560 1752 697 1815 animum
732 1751 861 1833 feminae
895 1774 1099 1836 magnamque
1132 1753 1193 1815 vim
1225 1751 1393 1828 admirare,

374 1871 467 1956 quale
498 1878 649 1935 certamen
678 1878 747 1956 agat
771 1871 924 1955 intrepido
948 1872 1065 1956 capite,
1089 1871 1193 1936 labore
1217 1871 1315 1955 majus
1339 1891 1391 1933 cor

374 1991 493 2054 habens
520 1990 659 2076 juvenis,
692 2011 748 2052 nec
778 2012 864 2052 mens
888 1996 1004 2053 terrore
1026 1999 1175 2054 movetur.
1222 1988 1302 2070 Quis
1327 2010 1393 2052 earn

377 2110 538 2173 bominum
565 2107 705 2193 peperit?
750 2107 878 2173 Licetne
902 2110 929 2171 ei
953 2108 1116 2193 gloriosam
1141 2130 1266 2172 manum
1290 2106 1396 2170 afferre

376 2251 412 2292 ac
437 2228 476 2291 de
498 2227 576 2291 lecto
601 2249 722 2311 carpere
742 2225 950 2290 dulcissimam
970 2226 1114 2290 herbam?
1148 2226 1201 2289 Illi
1221 2226 1395 2290 Centaurus

376 2347 593 2431 magnanimus
627 2345 786 2431 respondit
820 2347 983 2410 continuo:
1020 2346 1158 2411 occultae
1193 2347 1291 2411 claves
1322 2353 1396 2409 sunt

377 2466 527 2551 sapientis
550 2465 670 2528 Suadae
694 2474 870 2529 sanctorum
889 2487 1045 2544 amorum,
1066 2464 1205 2543 Phoebe,
1226 2475 1256 2528 et
1275 2466 1306 2528 in
1328 2464 1395 2526 Diis

377 2588 440 2650 hoc
467 2594 498 2650 et
524 2586 556 2649 in
579 2583 756 2649 hominibus
779 2592 921 2648 verentur
945 2586 1076 2669 pariter,
1101 2592 1203 2669 aperte
1227 2583 1311 2648 dulci
1334 2583 1396 2645 frui

377 2706 515 2792 primum
542 2703 706 2767 connubio.
723 2704 745 2788 ¹)
790 2703 914 2768 Etenim
950 2711 998 2781 te,
1023 2725 1115 2787 quem
1137 2702 1222 2765 nefas
1246 2702 1396 2786 attingere
1467 2754 1468 2757 ,

378 2824 592 2902 mendacium,
617 2823 767 2887 convertit
789 2822 888 2886 dulcis
911 2823 1024 2906 cupido
1048 2830 1084 2886 ut
1107 2823 1167 2886 ista
1190 2821 1281 2885 verba
1304 2821 1397 2905 finge·

377 2968 439 3009 ree.
453 2945 478 3028 2)
522 2942 648 3006 Puellae
671 2942 805 3020 natales,
831 2942 913 3006 unde
936 2943 994 3020 sit,
1018 2964 1106 3026 rogas
1131 2940 1263 3027 Apollo?
1284 2941 1398 3026 perfec-

377 3073 449 3128 tum
481 3063 535 3147 qui
564 3062 701 3126 omnium
730 3084 831 3125 rerum
855 3062 947 3126 firrem
971 3062 1110 3146 cognosti
1133 3069 1164 3124 et
1187 3084 1292 3125 omnes
1315 3061 1397 3136 vias,

379 3190 496 3268 quotve
526 3190 608 3245 terra
639 3203 746 3245 vernos
777 3182 866 3245 fiores
895 3181 1034 3260 emittat,
1059 3189 1090 3245 et
1113 3188 1190 3265 quot
1211 3181 1244 3244 in
1268 3180 1345 3244 mari
1368 3186 1399 3243 et

379 3301 485 3366 fluviis
516 3323 625 3365 arenae
655 3300 819 3364 volvantur
846 3300 992 3364 fluctibus
1020 3307 1051 3363 ct
1078 3306 1238 3364 ventorum
1261 3299 1398 3384 impetu,

379 3429 414 3485 et
437 3420 513 3505 quid
535 3421 674 3484 futurum
698 3425 730 3482 et
751 3419 835 3483 unde
857 3419 998 3483 futurum
1022 3420 1062 3483 sit
1084 3418 1161 3483 bene
1184 3418 1279 3482 vides.
1293 3418 1319 3501 8)
1366 3417 1399 3480 Si

381 3550 486 3605 tamen
518 3562 588 3605 cum
619 3539 757 3624 sapiente
789 3546 904 3603 certare
927 3545 1067 3625 oportet,
1092 3537 1201 3602 dicam.
1248 3536 1330 3601 Huic
1352 3559 1401 3600 ve-

418 3741 442 3803 l)
460 3742 553 3799 Sum,
578 3740 667 3789 Graece
688 3742 775 3804 πιιθὼ,
800 3738 868 3803 qnasi
892 3738 981 3787 amoris
1003 3738 1055 3787 Dea
1078 3741 1128 3818 est,
1151 3741 1180 3787 ut
1200 3737 1274 3786 etiarn
1296 3737 1337 3802 Pp.
1355 3735 1402 3786 17.

382 3837 448 3895 390,
466 3840 491 3886 et
508 3835 571 3899 apud
588 3833 746 3899 Sophoclem,
767 3834 850 3884 Μελ.
868 3834 924 3884 ool.

417 3933 442 3993 2)
460 3933 513 3981 Ista
536 3931 606 3980 verba
631 3930 767 3995 significant
792 3929 950 3995 posteriorem
978 3928 1124 3993 quaestionis
1149 3925 1270 3991 Apollinis
1293 3927 1401 3989 partem,

378 4028 498 4078 liceretne
515 4026 634 4090 virginem
650 4028 759 4090 tangere.
792 4025 830 4075 nd
847 4024 953 4088 priorem
970 4024 1117 4089 quaestionis
1134 4025 1242 4088 partem,
1260 4036 1321 4085 quae
1338 4021 1402 4068 essct

380 4124 468 4187 virgo,
485 4122 598 4187 deinceps
614 4122 745 4187 respondet
762 4120 846 4170 Chiro.

419 4220 444 4282 8)
463 4218 524 4267 Cum
547 4218 593 4267 hoc
617 4217 824 4281 praestantissimo
848 4216 902 4265 loco
925 4215 1029 4266 conferri
1055 4217 1162 4265 rueretur
1184 4213 1260 4278 ipsius
1283 4209 1404 4276 Apollinis

385 4316 511 4365 oraculum
528 4314 592 4379 apud
608 4314 774 4373 Herodotum,
792 4314 819 4363 t.
838 4314 860 4362 I.
878 4329 899 4361 c.
916 4312 958 4365 47.

551 4412 602 4463 οἶδα
619 4408 639 4461 δ’
654 4416 699 4475 aa
715 4416 813 4476 pappam
828 4407 850 4462 τ’
865 4414 963 4480 ἀριθμῶ
979 4412 1017 4462 καὶ
1033 4414 1111 4477 μίτρα
1128 4410 1241 4465 θαλάσσης

552 4511 590 4559 aul
607 4512 679 4575 κωφοῦ
696 4508 784 4572 ewinus
801 4509 839 4559 aul
856 4508 881 4557 οὐ
897 4511 1015 4573 penteres
1031 4504 1112 4555 daubo.
