3767 5534
1362 749 1381 790 V

364 931 481 1009 ciliari,
508 932 638 996 Heusdii
660 932 847 1016 discipulum
864 932 1117 997 amantissimum.
1142 931 1276 996 Omnino
1293 931 1381 994 illum

366 1063 485 1140 amavi,
513 1071 544 1127 ct
567 1063 620 1127 ille
643 1063 790 1127 dilectum
814 1086 981 1148 carumque
1004 1087 1051 1127 me
1076 1063 1193 1127 habuit.
1240 1062 1288 1126 Tu
1312 1085 1381 1126 vero

368 1196 463 1259 semel
486 1204 641 1281 gustatam
665 1197 861 1279 antiquarum
885 1196 1042 1284 literarum
1064 1195 1102 1259 ad
1122 1195 1199 1259 bane
1218 1194 1379 1258 vivendum

369 1328 541 1393 ubertatem
582 1329 747 1393 retinuisti.
793 1328 962 1412 Quumque
1002 1333 1073 1391 ante
1112 1329 1170 1391 hoc
1204 1326 1382 1391 sexennium

370 1459 509 1544 Philippi
547 1459 776 1538 Melanthonis,
814 1483 904 1545 quem
939 1460 1169 1545 Praeceptorem
1202 1458 1383 1522 Germaniae

370 1600 444 1655 tuae
474 1592 665 1676 appellabas,
689 1593 833 1657 memoria
856 1592 938 1677 apud
963 1615 1014 1655 vos
1038 1614 1152 1677 perque
1176 1598 1284 1675 gentes
1309 1589 1384 1653 cele·

371 1724 529 1800 braretur,
560 1723 651 1786 multi
681 1723 783 1788 denuo
813 1724 846 1787 in
878 1723 1005 1808 reliquis
1036 1724 1120 1787 illius
1152 1722 1208 1786 viri
1238 1721 1383 1785 laudibus

372 1834 560 1940 exponendis
583 1856 724 1941 occupati
747 1856 889 1919 fuerunt:
923 1864 958 1919 tu
982 1879 1051 1920 vero
1076 1856 1154 1919 libro
1178 1854 1327 1938 singulari
1350 1852 1383 1916 id

372 1988 566 2072 potissimum
590 1989 774 2072 exposuisti,
800 1988 954 2071 quomodo
979 1989 1030 2053 ille
1054 1986 1299 2051 adolescentibus
1317 1985 1384 2069 plu·

371 2120 458 2184 rimis
484 2121 647 2204 profuisset
669 2121 807 2205 linguam
831 2122 979 2184 Graecam
996 2120 1201 2205 Latinumque
1217 2118 1384 2182 tradendo:

371 2260 403 2316 et
436 2252 590 2336 quomodo
621 2253 706 2317 illius
738 2254 842 2318 schola
874 2255 918 2318 ita
941 2253 981 2317 ad
1005 2276 1104 2318 veram
1129 2253 1159 2316 in
1186 2252 1307 2315 homine
1331 2250 1387 2315 hu·

371 2385 552 2449 manitatem
576 2386 771 2450 excolendam
796 2388 1011 2471 pertinuisset,
1037 2393 1073 2449 ut
1094 2387 1227 2470 ingenua
1242 2391 1383 2468 pectora,

374 2539 413 2581 ex
444 2519 529 2581 fonte
561 2519 695 2603 pereuni·
718 2518 853 2582 Graecae
876 2519 1067 2602 antiquitatis
1091 2518 1306 2600 Romanaeque
1328 2538 1384 2579 nu·

371 2651 463 2727 trita,
487 2637 678 2733 adspicerent
694 2658 724 2713 et
740 2650 996 2735 amplecterentur
1011 2650 1105 2714 Illum
1123 2651 1252 2714 Divinae
1268 2620 1388 2733 sapien-

371 2783 436 2847 tiae
466 2783 681 2866 interpretem,
714 2783 769 2867 qui
801 2790 831 2847 et
861 2782 1036 2847 viventibus
1063 2783 1151 2847 nobis
1176 2791 1206 2846 et
1229 2781 1385 2846 morituris

374 2916 547 2999 exemplum
572 2914 751 2998 reliquerit,
776 2922 812 2980 ut
834 2891 1050 2980 insisteremus
1069 2918 1133 3000 ejus
1150 2916 1295 2999 vestigiis.
1319 2914 1387 2977 Tali

373 3055 429 3125 tu,
461 3048 507 3111 vir
534 3049 666 3133 optime,
691 3049 843 3112 sententia
866 3048 941 3125 hoc,
966 3048 1048 3131 quod
1071 3048 1128 3111 tibi
1152 3047 1249 3124 dono,
1274 3069 1388 3111 munus

374 3203 479 3244 meum
511 3181 641 3266 accipies
673 3204 736 3245 uon
767 3188 888 3246 tantum
919 3181 951 3245 in
983 3181 1093 3245 bonam
1123 3188 1255 3265 partem,
1281 3202 1385 3243 verum

375 3314 470 3377 etiam
493 3321 630 3377 amanter
652 3314 798 3399 accipies:
823 3337 933 3398 meque
957 3314 1057 3399 ipsum
1081 3336 1116 3378 eo
1140 3314 1237 3397 magis
1253 3313 1389 3389 amabis,

376 3448 450 3531 quia
473 3447 599 3528 videbor
622 3447 679 3511 tibi
703 3470 739 3534 ca
762 3446 881 3525 studia,
907 3471 1040 3533 quorum
1065 3470 1120 3510 nos
1140 3447 1295 3531 copulavit
1312 3468 1391 3509 com-

375 3579 502 3656 munio,
527 3580 665 3643 noudum
689 3602 742 3664 per
765 3580 917 3663 ignaviam
942 3580 1122 3644 deseruisse.

423 3710 513 3775 Gerte
535 3712 626 3775 etiam
650 3712 802 3775 contraria
825 3714 969 3797 cognovit
992 3713 1171 3795 antiquitas.
1206 3687 1273 3774 Nec
1289 3709 1391 3794 probi·

279 3846 290 3909 ,’
375 3852 425 3908 tas
449 3844 547 3908 multo
572 3844 727 3929 antiquior
750 3845 843 3909 fuisse
867 3845 1004 3929 putanda
1027 3853 1074 3909 est
1096 3844 1308 3929 improbitate,
1332 3864 1387 3905 neo

376 3976 536 4041 mendacio
568 3977 695 4040 veritas:
724 4000 821 4061 quum
841 3980 903 4063 jam
927 3978 1070 4043 Callicles
1093 3979 1125 4041 in
1149 3976 1287 4040 Platonis
1311 3975 1389 4038 Gor·

376 4110 428 4193 gia
460 4131 523 4172 eam
552 4108 673 4171 demum
698 4109 754 4171 viri
777 4110 871 4173 vitam
895 4132 965 4173 vere
989 4108 1205 4173 nominandam
1231 4129 1295 4170 esse
1319 4129 1391 4170 con-

376 4241 528 4319 tenderit,
552 4243 578 4306 si
601 4242 671 4325 quis
695 4250 798 4327 posset
815 4243 942 4327 impune
962 4265 1055 4326 quam
1070 4242 1290 4327 injustissimus
1308 4262 1390 4315 esse,

377 4375 533 4440 Socratem
563 4382 663 4440 autem
689 4383 796 4440 contra
818 4399 854 4440 ea
876 4376 1086 4461 disputantem
1111 4376 1229 4459 nugari.
1277 4372 1393 4436 Conve-

378 4508 483 4573 niebat
506 4508 643 4572 Socrates
667 4509 801 4573 Pindaro
826 4518 930 4573 nostro
953 4509 1151 4594 praecipienti
