3767 5534
910 760 974 820 419

433 966 501 1030 fuae
530 964 622 1029 nimia
653 968 684 1027 et
706 982 816 1046 parum
838 959 1029 1023 considerate
1052 967 1189 1023 versatur
1212 960 1243 1023 in
1267 959 1450 1044 explicando

432 1084 557 1150 nomine
580 1082 765 1167 Argivorum
789 1087 820 1144 et
843 1079 1087 1144 Heraclidamm.
1123 1077 1202 1143 Nam
1227 1087 1263 1143 ut
1281 1079 1365 1144 illam
1384 1100 1452 1164 poe-

433 1204 576 1269 teriorem
607 1200 799 1265 Rhodiorum
826 1199 976 1283 originem
999 1198 1088 1263 unice
1111 1220 1213 1262 veram
1236 1220 1320 1275 esse,
1344 1196 1453 1283 ’11555-

434 1322 507 1388 lemi
538 1339 610 1385 vero
641 1319 807 1383 adventum
837 1316 1036 1402 rejiciendum
1064 1338 1128 1381 esse
1151 1317 1322 1396 confirmet,
1353 1318 1453 1381 utitur

436 1422 528 1505 etiam
551 1438 644 1523 hujus
666 1435 794 1500 Pindari
817 1434 960 1499 carminis
983 1456 1017 1497 νε
1041 1437 1101 1512 85,
1126 1433 1250 1517 Ἀργείᾳ
1266 1435 1451 1518 51155154μᾷ,

435 1580 497 1644 qno
528 1555 690 1620 manifesto
719 1551 889 1639 Tlepolemi
918 1552 1040 1617 colonia
1071 1552 1276 1637 significatur,
1309 1573 1372 1617 non
1396 1552 1451 1617 illa

435 1675 594 1763 posterior.
641 1672 746 1754 Quum
778 1679 880 1736 autem
903 1669 1052 1756 Tirynthe
1075 1672 1230 1756 profectus
1253 1672 1294 1736 sit
1316 1671 1455 1757 Tlepole-

435 1815 523 1872 mus,
547 1811 609 1857 non
633 1791 743 1855 idonea
766 1810 858 1854 causa
881 1797 944 1868 est,
969 1811 1025 1853 cur
1047 1790 1232 1873 Argivorum
1255 1812 1367 1855 nomen
1391 1780 1460 1854 non

435 1912 531 1977 latius
555 1932 647 1997 quam
671 1909 709 1973 ad
732 1910 830 1994 ipsam
853 1908 960 1973 urbem
986 1909 1085 1993 Argos
1109 1909 1293 1993 pertinuisse
1309 1916 1454 1994 putemus

439 2038 471 2096 et
509 2028 658 2115 ’1115111115
689 2047 830 2113 quoque,
862 2027 999 2113 proxime
1031 2028 1138 2106 sitam,
1170 2027 1453 2112 comprehendisse:

440 2166 536 2233 quum
569 2148 661 2211 etism
692 2146 776 2231 apud
808 2144 978 2210 Homerum
1002 2166 1054 2209 eae
1077 2144 1168 2209 urbes
1191 2146 1391 2229 copulentur,
1416 2144 1454 2209 Il.

439 2266 564 2330 11559

561 2380 588 2448 oi
609 2382 755 2460 rusae
778 2385 806 2449 τ’
829 2378 909 2462 εἶχον
931 2382 1057 2463 Τίρυνθά
1080 2407 1114 2448 τε
1137 2382 1340 2463 τειχιόεσσαν,
1481 2475 1483 2479 ¹

442 2511 474 2567 et
498 2502 595 2568 eidem
620 2502 692 2567 duci
708 2501 741 2565 111
757 2501 839 2566 bello
854 2502 1030 2586 paruerint,
1047 2501 1191 2567 Diomedi
1203 2501 1335 2586 Argivo:
1349 2523 1458 2587 quum·

441 2644 501 2707 que
523 2620 703 2706 Licymnii‚v
716 2619 883 2705 Tirynthe,
899 2621 1069 2686 secundum
1086 2620 1271 2699 Pindarum,
1287 2620 1456 2699 interfecti,

440 2739 615 2824 sepulcrum
638 2732 730 2823 Argis
753 2739 847 2802 fuisse
869 2747 998 2803 testetur
1012 2739 1196 2818 Pausanias,
1213 2738 1249 2803 L.
1263 2735 1345 2803 110.
1359 2738 1457 2803 XXII

442 2860 473 2921 8.
516 2861 618 2941 Atque
648 2857 714 2942 ipse
744 2855 896 2920 Pindarus
927 2858 971 2920 ita
1001 2858 1126 2921 nomina
1157 2859 1457 2935 11111151,111νε52

441 2974 608 3060 Tiryntha,
641 2996 674 3037 νε
705 2977 746 3037 60
778 2974 853 3038 111115
884 2973 1073 3053 Lernaeum,
1098 2997 1131 3038 νε
1156 2978 1196 3040 35
1222 2976 1305 3060 ipsos
1329 2975 1458 3058 Argivos

441 3093 598 3171 nominet,
629 3113 685 3156 nec
708 3091 842 3156 diversas
867 3093 1075 3177 profectiones
1094 3094 1142 3157 his
1165 3093 1342 3158 nominibus
1366 3093 1460 3177 signi·

443 3211 531 3275 licat:
561 3218 644 3274 certe
675 3210 858 3295 Argivorum
890 3232 1002 3275 nomen
1032 3210 1208 3296 Tirynthius
1232 3212 1320 3296 qussi
1344 3218 1461 3296 partem

443 3319 637 3412 complexum
669 3334 724 3391 est.
766 3326 955 3393 scholiastae
980 3350 1103 3413 quoque
1127 3329 1167 3392 ad
1189 3351 1222 3392 νε
1248 3332 1288 3392 52
1311 3327 1461 3415 Tiryntha

444 3445 600 3531 appellant
621 3445 729 3509 urbem
753 3445 908 3529 Argiuam.
946 3445 1179 3511 Heraclidarum
1192 3468 1262 3511 vero
1278 3469 1390 3511 nomen
1406 3468 1462 3510 cur

445 3562 484 3627 ad
508 3562 635 3626 seriores
658 3568 780 3626 tantum
805 3562 985 3626 Heraclidas
1008 3563 1199 3628 referendum
1223 3564 1291 3627 est?
1318 3563 1462 3628 5111115-

445 3681 584 3765 polemus
614 3680 759 3744 Herculis
792 3680 875 3743 filius
901 3703 965 3745 non
988 3680 1174 3745 Heraclida?
1198 3682 1310 3767 quodsi
1332 3682 1407 3746 velis
1429 3682 1463 3746 id

445 3819 556 3862 nomen
579 3799 644 3861 sine
668 3820 761 3861 causa
785 3798 822 3862 ab
851 3798 906 3862 illo
930 3821 1087 3884 separare,
1111 3822 1151 3864 an
1172 3822 1236 3864 non
1259 3802 1325 3885 ejus
1349 3802 1463 3885 posteri

445 3918 478 3980 iu
501 3914 611 3979 Rhodo
633 3915 837 3980 manserunt?
882 3914 923 3980 Et
951 3915 1079 3996 Strabo,
1105 3926 1139 3982 ut
1159 3920 1223 4003 jam
1246 3920 1369 3997 monui,
1397 3916 1464 3981 Tle-

448 4034 560 4119 polemi
576 4034 726 4098 coloniam
742 4034 877 4120 appellat
893 4032 1137 4100 Heraclidamm.
1163 4037 1229 4121 Age
1245 4057 1316 4100 vero
1333 4045 1362 4101 et
1376 4036 1462 4115 vide,

449 4150 603 4237 quomodo
626 4151 796 4216 Muellerus
819 4152 972 4238 disputet:
997 4153 1160 4219 Dorienses
1179 4154 1329 4241 Epidauri
1344 4154 1462 4219 cultum

453 4268 631 4355 Aesculapii
667 4268 877 4334 adsciverunt:
909 4272 982 4336 inde
1011 4271 1156 4336 Rhodum
1187 4274 1273 4337 etin
1297 4273 1466 4358 adjacentia

452 4378 520 4452 loca
546 4384 712 4451 venerunt:
737 4387 812 4453 haec
834 4390 924 4453 unice
947 4389 1137 4454 Rhodiorum
1161 4392 1276 4455 Graeca
1300 4397 1331 4455 et
1354 4390 1467 4455 Dorice

453 4503 539 4588 origo
562 4512 625 4569 est:
650 4505 721 4569 hinc
743 4505 789 4570 ibi
811 4514 916 4591 gentes
940 4506 1174 4571 Heraclidarum
1201 4516 1232 4572 et
1255 4506 1467 4593 Aesclepiedc

1287 4630 1342 4691 27*
