3767 5534
852 727 890 785 15

356 924 543 1011 Neptunum
574 928 691 992 videret
720 926 915 1012 adjuvantem
938 926 971 989 in
996 925 1112 1010 proelio
1136 925 1271 989 Achivos
1278 974 1288 1003 ,
1319 947 1381 989 me·

354 1051 461 1108 tuerat
489 1053 590 1111 autem
614 1069 653 1110 ne
677 1046 707 1110 id
731 1045 798 1109 fieri
820 1044 946 1129 Jupiter
968 1052 1101 1121 vetaret,
1126 1044 1180 1129 qui
1204 1044 1236 1107 in
1259 1066 1379 1108 summo

355 1164 474 1227 montis
504 1164 578 1229 Idae
605 1166 718 1229 vertice
742 1162 912 1228 residebat:
938 1162 1103 1227 consilium
1127 1162 1294 1227 meditatur
1318 1185 1379 1246 quo

354 1281 448 1345 illum
480 1282 633 1368 deciperet
664 1292 695 1347 et
727 1304 829 1346 amore
861 1305 918 1346 suo
951 1282 1097 1366 coituque
1128 1282 1380 1355 fruentem,con-

355 1400 483 1484 sopiret.
530 1398 650 1486 Corpus
684 1423 775 1465 suum
807 1401 898 1484 ungit
929 1399 1023 1463 odore
1050 1398 1220 1477 ambrosio,
1245 1399 1299 1483 qui
1323 1398 1380 1463 lra-

356 1540 451 1601 grans
482 1527 592 1584 terram
617 1519 797 1604 coelumque
821 1519 992 1602 contingit:
1018 1526 1111 1603 caput
1134 1518 1307 1582 immortale
1330 1518 1380 1582 dc·

358 1646 447 1701 corat
469 1638 703 1723 splendentibus
726 1641 816 1725 spiris
840 1640 990 1704 crinium:
1017 1646 1130 1702 vestem
1154 1640 1266 1716 sumit,
1282 1639 1380 1723 ipsius

358 1756 518 1821 Minervae
540 1759 647 1823 textile
669 1782 765 1845 opus,
789 1782 897 1823 zonam
918 1759 1026 1844 quavis
1051 1758 1152 1843 gratia
1167 1759 1378 1844 praelustrem.

355 1876 440 1941 Tum
469 1901 540 1942 vero
564 1879 660 1943 altero
684 1880 755 1944 dolo
779 1902 836 1944 usa
859 1878 1011 1945 Venerem
1036 1878 1190 1964 appellat,
1216 1886 1267 1956 et,
1292 1878 1382 1963 quasi

357 1995 476 2061 Oceani
506 2005 536 2061 et
566 1998 711 2083 Tethyis,
745 1999 799 2083 qui
829 2000 927 2083 ipsam
961 1997 1160 2075 educassent,
1193 1978 1379 2060 discordiam

357 2116 582 2200 compositura,
619 2118 696 2202 petit
731 2117 769 2181 ab
805 2140 840 2181 ea
874 2126 905 2181 et
935 2117 1079 2202 impetrat
1101 2123 1236 2194 costum,
1261 2115 1380 2180 blandi·

356 2242 463 2299 menta
485 2235 666 2313 habentem,
691 2236 763 2300 deos
787 2236 989 2320 hominesque
1019 2235 1186 2300 domantia.
1233 2235 1273 2299 In
1298 2236 1383 2299 auxi·

359 2354 441 2417 lium
469 2375 580 2420 vocans
611 2353 777 2431 Somnum,
807 2355 922 2419 trustra
946 2376 1073 2419 aureum
1097 2354 1125 2418 ei
1148 2354 1294 2417 thronum
1312 2376 1380 2439 pro-

360 2474 476 2537 mittit:
506 2481 631 2537 atvero
655 2474 684 2537 ei
706 2474 845 2559 pollicita
869 2473 1048 2537 Gratiarum
1072 2474 1166 2537 unius
1190 2472 1381 2537 connubium

363 2614 436 2656 eum
470 2600 634 2677 permovet.
681 2592 762 2657 Tum
796 2592 882 2656 illam
918 2592 957 2656 ad
992 2615 1023 2656 se
1058 2592 1230 2657 venientem
1260 2592 1383 2677 Jupiter

361 2710 497 2795 adspicit
512 2719 543 2775 et
557 2734 659 2776 amore
675 2719 762 2777 tanto
778 2712 966 2790 involvitur,
984 2719 1100 2795 quanto
1117 2733 1276 2796 nunquam
1293 2719 1383 2776 antea

362 2838 523 2914 correptus
554 2831 670 2894 luerat:
703 2829 788 2894 illam
820 2830 910 2915 quasi
940 2830 1058 2915 pudore
1087 2830 1289 2895 reluctantem
1322 2854 1383 2894 am·

363 2946 531 3031 plectitur,
568 2948 703 3012 obducta
732 2947 864 3025 nebula,
896 2970 951 3032 per
982 2970 1073 3032 quam
1106 2972 1144 3012 ne
1175 2947 1227 3012 Sol
1259 2948 1383 3032 quidem

363 3074 523 3153 penetret:
556 3068 614 3132 sub
645 3068 708 3132 illis
735 3068 806 3132 diva
829 3068 923 3132 tellus
947 3068 1092 3153 producit
1114 3067 1224 3131 florida
1246 3069 1385 3151 gramina

361 3186 526 3271 lutumque
557 3194 587 3250 et
618 3209 740 3251 crocum
765 3195 795 3251 et
817 3186 1040 3272 hyacinthum,
1064 3194 1100 3250 ut
1123 3187 1155 3249 in
1178 3186 1280 3251 herbis
1303 3187 1384 3250 flori·

361 3305 487 3388 busque
520 3305 647 3390 repositi
680 3305 781 3389 iisque
816 3305 907 3369 levati
943 3305 1042 3368 solum
1078 3312 1176 3368 terrae
1206 3327 1269 3368 non
1294 3306 1385 3369 attin·

361 3430 455 3509 gant:
481 3424 571 3488 etde
594 3423 729 3488 obducta
751 3423 866 3488 nebula
889 3446 981 3487 aurea
1004 3423 1152 3508 fulgentis
1176 3424 1253 3487 roris
1277 3432 1386 3509 guttae

364 3544 518 3612 defluunt.
537 3544 562 3628 1)
608 3543 679 3624 Qua
717 3544 892 3608 narratione
931 3543 1009 3627 quid
1049 3543 1228 3622 candidius,
1265 3544 1385 3629 elegan-

363 3664 447 3741 tius,
471 3662 630 3727 venustius
654 3685 720 3727 esse
735 3662 860 3747 potest?
894 3662 1072 3740 attamen,
1089 3662 1192 3727 nescio
1209 3664 1384 3746 quomodo,

364 3782 533 3868 perfectam
546 3776 710 3866 'quandam
733 3781 766 3844 in
788 3780 924 3845 Homero
941 3781 1183 3859 humanitatem,
1200 3782 1232 3844 in
1249 3781 1384 3846 Pindaro

364 3900 559 3965 divinitatem
583 3900 661 3964 mihi
683 3899 789 3964 videor
812 3900 965 3964 admirari.
1013 3897 1107 3979 Quod
1129 3921 1193 3964 non
1209 3899 1277 3963 dico
1294 3922 1384 3979 sane,

364 4042 430 4105 quo
454 4019 585 4084 alterum
609 4025 729 4105 politam
755 4018 843 4083 alteri
871 4026 1026 4104 praestare
1046 4018 1198 4104 judicem:
1224 4020 1276 4083 sed
1301 4018 1385 4105 apud

365 4137 539 4203 Homerum
571 4137 696 4202 omnino
727 4136 863 4203 Deorum
895 4143 1008 4201 natura
1039 4138 1165 4222 propius
1201 4137 1318 4202 accedit
1349 4138 1387 4201 ad

366 4258 527 4323 homines:
561 4258 647 4323 velut
677 4259 710 4321 in
742 4258 799 4321 hac
822 4257 892 4341 ipsa
911 4278 945 4320 re
969 4263 1016 4320 est
1038 4256 1260 4340 δολοφρονέουσα
1283 4256 1388 4321 atrata

407 4520 431 4580 1)
450 4519 518 4568 Iliad
543 4520 612 4569 XIV.
629 4518 769 4567 292—353.
