3767 5534
1016 706 1078 761 :itt

544 903 624 968 Nam
648 903 840 989 hospitalitas
864 911 945 966 certe
969 911 999 972 et
1023 925 1105 966 amor
1129 905 1244 989 patriae
1265 903 1465 987 studiumque
1484 924 1555 966 con·

545 1023 664 1087 cordiae
688 1022 813 1086 Graecis
828 1023 965 1085 ¹virtutes
989 1022 1073 1086 fuere
1095 1022 1185 1107 longe
1201 1022 1446 1085 laudatissimae:
1466 1022 1554 1105 equis

545 1151 646 1206 autem
671 1142 786 1205 alendis
810 1141 892 1223 quod
916 1141 1036 1204 dicatur
1059 1140 1197 1218 deditus,
1222 1141 1254 1204 id
1271 1141 1309 1203 ad
1326 1141 1471 1225 pietatem
1487 1141 1554 1224 ejus

543 1260 728 1324 laudandam
759 1260 906 1344 pertinet,
938 1261 970 1323 in
1003 1259 1218 1325 certaminibus
1249 1259 1392 1343 ludisque
1416 1259 1554 1323 Deorum

543 1380 628 1443 festis
651 1378 905 1464 conspiciendam.
940 1377 1061 1457 Quodsi
1085 1378 1154 1462 quis
1178 1377 1351 1441 offendatur
1374 1378 1407 1441 in
1431 1378 1554 1441 nomine

542 1496 654 1575 ἵππων,
679 1520 775 1582 quum
798 1498 954 1560 victoriam
980 1497 1073 1560 fuisse
1097 1498 1303 1561 existimemus
1327 1495 1441 1561 rhedae
1458 1495 1555 1561 mula·

542 1618 600 1694 ris,
633 1617 664 1680 id
689 1616 811 1700 quidem
835 1616 914 1679 foret
937 1616 1093 1699 argutius:
1119 1617 1166 1679 uti
1190 1624 1293 1679 autern
1318 1637 1500 1701 possumus,
1526 1616 1553 1678 si

512 1757 515 1761 ’
544 1737 686 1813 velimus,
711 1725 886 1821 hujusmodi
910 1734 1127 1821 explicatione,
1146 1746 1181 1799 ut
1198 1735 1351 1812 dicamus,
1368 1735 1468 1799 mulas
1484 1756 1552 1819 pro·

544 1856 638 1919 creari
669 1878 729 1919 nou
762 1876 849 1940 posse
880 1856 940 1919 nisi
964 1857 1034 1939 equi
1058 1855 1196 1932 alantur,
1221 1854 1345 1919 haberet
1369 1854 1494 1939 quidem
1519 1877 1554 1918 ea

544 1974 705 2058 explicatio
728 1973 901 2052 veritatem,
927 1982 1082 2037 ettamen
1106 1982 1185 2038 esset
1208 1972 1434 2058 quodammodo
1459 1973 1554 2057 speci-

544 2115 612 2156 osa:
644 2094 787 2156 universo
819 2094 941 2156 nomine
973 2092 1078 2173 τροφαὶ
1109 2089 1203 2157 ἵππων
1227 2093 1350 2176 quaevis
1374 2089 1554 2175 hujusmodi

543 2211 646 2275 studia
668 2220 749 2274 certe
772 2212 955 2295 significant.

589 2332 640 2393 28.
676 2330 826 2415 Erginus,
851 2329 992 2415 Clymeni
1016 2330 1114 2407 filius,
1140 2331 1232 2393 etiam
1248 2352 1266 2392 a
1281 2328 1469 2393 Callimacho
1489 2328 1554 2392 lau·

544 2439 633 2513 datus
658 2458 720 2532 est,
745 2458 780 2513 ut
803 2455 951 2512 memorat
973 2448 1138 2511 scholiasta
1163 2456 1266 2524 vetus,
1293 2448 1351 2511 hoc
1374 2469 1480 2511 versu:

722 2563 848 2644 Ἐργῑνός
872 2566 1021 2645 Κλυμένου
1046 2564 1145 2647 ἔξοχος
1169 2569 1197 2630 ἐν
1220 2567 1335 2645 σταδίῳ.
1400 2590 1403 2597 ’

544 2686 616 2749 Fuit
650 2694 751 2749 autem
785 2685 837 2749 ille
872 2686 903 2748 in
933 2686 1129 2784 Argonautis.
1176 2684 1239 2764 Qui
1271 2706 1365 2768 quum
1396 2682 1550 2747 Lemnum

544 2806 713 2881 venissent,
738 2814 888 2869 certamen
908 2804 952 2868 ibi
968 2804 1138 2890 Hypsipyle
1154 2804 1290 2868 instituit
1307 2811 1342 2867 ut
1360 2803 1455 2889 patris
1471 2802 1551 2866 rho

543 2924 623 3015 antis
653 2923 792 2988 funebria
818 2923 1000 2988 celebraret:
1026 2924 1154 2987 certavit
1176 2931 1278 2987 autem
1301 2923 1435 3007 Erginus
1458 2944 1551 2985 cursu

459 3034 464 3040 ’
543 3044 575 3107 in
606 3042 705 3106 armis.
752 3041 867 3107 Verum
899 3064 995 3126 quum
1027 3063 1121 3105 canus
1152 3048 1232 3105 esset
1256 3041 1420 3126 adspectu,
1445 3040 1552 3105 irrisus

543 3170 589 3228 est
618 3171 649 3227 et
678 3169 849 3228 contemtus
877 3186 895 3226 a
923 3162 1103 3227 mulieribus
1134 3161 1287 3226 Lemniis:
1318 3182 1422 3225 verum
1455 3159 1552 3223 victor

543 3282 675 3359 exstitit,
703 3304 799 3366 quum
822 3281 986 3345 adversarii
1011 3281 1140 3345 fuissent
1163 3281 1222 3365 ipsi
1246 3280 1362 3343 Boreae
1385 3278 1442 3343 filii
1464 3277 1551 3342 Zetes

544 3409 573 3464 et
597 3400 706 3464 Calais.
755 3400 823 3465 Hac
846 3408 932 3464 tauta
954 3399 1045 3464 laude
1068 3408 1154 3485 parta
1178 3408 1367 3463 contemtum
1389 3406 1419 3462 et
1439 3397 1552 3461 irrisio-

542 3541 612 3583 nem
646 3519 733 3583 facile
768 3520 874 3604 fregit:
911 3541 1004 3602 quum
1041 3519 1232 3583 coronandus
1263 3517 1436 3593 accederet,
1472 3516 1551 3579 dixit

544 3638 748 3724 Hypsipylae,
770 3639 834 3723 jam
857 3638 970 3722 pedum
994 3661 1079 3701 suam
1104 3638 1288 3701 celeritatem
1310 3659 1374 3700 esse
1390 3635 1550 3720 probatam

543 3759 721 3822 certamine:
747 3756 829 3821 haud
852 3758 954 3822 minus
979 3764 1081 3820 autem
1105 3779 1137 3819 se
1160 3756 1258 3820 valere
1282 3752 1464 3818 fortitudine
1481 3775 1550 3838 pee-

543 3878 617 3940 toris
652 3885 682 3940 et
716 3898 862 3940 manuum
894 3875 1011 3941 robore.
1058 3877 1161 3959 Atque
1191 3896 1225 3938 eo
1257 3872 1395 3957 exemplo
1426 3872 1549 3958 probari

544 3995 618 4059 dicit
640 3994 751 4071 Poeta,
777 4015 864 4079 posse
887 3994 1029 4058 canitiem
1054 4016 1118 4056 esse
1141 3994 1174 4057 iu
1198 4015 1249 4070 eo,
1275 3993 1329 4076 qui
1352 3999 1382 4055 et
1405 3998 1505 4055 aetate
1520 3996 1551 4054 et

543 4116 645 4200 vigore
669 4122 761 4197 atque
785 4115 896 4177 virtute
920 4112 1095 4177 adolescens
1119 4114 1168 4176 sit.
1215 4111 1257 4175 Et
1280 4110 1461 4175 scholiastae
1485 4109 1552 4194 qui·

443 4277 452 4293 .
543 4234 612 4298 dem
634 4234 693 4298 hoe
715 4232 852 4317 exemplo
875 4231 1039 4296 Pindarum
1065 4254 1155 4295 usum
1179 4254 1243 4294 esse
1267 4230 1442 4293 existimant
1458 4250 1550 4314 prop·

543 4362 625 4418 terea
653 4352 736 4437 quod
766 4350 905 4415 Pssumis
937 4353 1027 4416 etiam
1059 4373 1153 4415 canus
1184 4350 1293 4414 fuerit:
1327 4350 1410 4424 δῆλον
1439 4351 1477 4420 ὡς
1500 4347 1549 4413 καὶ

544 4473 632 4544 αὐτὸς
663 4473 676 4536 ὂ
705 4476 825 4547 *Padum
856 4470 906 4547 ἤδη
938 4471 1036 4543 πολιὸς
1061 4471 1097 4535 ὢν
1119 4473 1258 4544 ἕνίκησενε
1283 4506 1327 4516 -
1350 4466 1477 4543 δηλονότι
1500 4466 1549 4531 καὶ
