3767 5534
817 759 878 822 105

523 963 607 1029 Σέθεν
629 964 795 1030 διεδάσαντο
817 964 866 1028 καί
888 964 999 1044 Φάγον.

667 1089 711 1152 Ἐ.
735 1085 777 1163 β’.
824 1093 859 1150 Κ.
883 1084 933 1161 ιγ’.

523 1208 604 1287 Ἐμοὶ
627 1207 651 1270 δ’
673 1206 792 1285 άπορον,
814 1201 1036 1283 γαστρίμαργον

521 1327 670 1406 Μακάρων
691 1326 744 1390 τιν’
767 1326 868 1389 εἰπεῖν.

522 1447 721 1523 ἈΦίσταμαι.
743 1443 875 1522 άκέρδεια
896 1442 1044 1521 λέλογχεν

522 1563 642 1642 Θαμινά
665 1560 844 1642 κακαγόρος.
879 1560 914 1625 Ei
939 1558 968 1622 δὲ
991 1558 1022 1623 δ’
1047 1560 1098 1622 τιν’
1118 1553 1168 1620 άν-
1309 1551 1349 1611 85

566 1683 617 1762 θρα
639 1681 739 1746 θνατὸν
762 1677 917 1756 Ὀλύμπου
939 1678 1038 1743 σκοποὶ
1062 1675 1165 1751 ἐτίμα-

566 1826 631 1876 σαν,
652 1796 684 1875 ἦν
703 1799 860 1871 Τάνταλος
880 1797 974 1868 οὗτος.
994 1795 1079 1861 άλλά
1098 1793 1157 1873 γάρ
1175 1813 1269 1855 κατα-

568 1918 661 2002 πέψαι
686 1920 784 1999 μέγαν
807 1918 893 1997 θλβον
915 1920 965 1983 οὐκ
987 1916 1045 1981 ε’θν·

570 2041 671 2117 νάσθη·
695 2041 765 2123 κάρῳ
787 2039 811 2104 θ’
827 2037 890 2106 ἕλεν

519 2162 617 2228 ’Άταν
640 2159 811 2243 ὑπέροπλον,

523 2280 589 2347 Τάν
610 2282 634 2346 οἱ
659 2282 756 2361 πατὴρ
779 2279 957 2361 ὑπερκρέμα-

567 2424 601 2463 σε
624 2397 758 2478 καριερθν
780 2400 859 2479 αὐτῷ
881 2399 970 2479 λίθον,

525 2517 582 2582 Τὸν
606 2518 660 2582 nisi
684 2522 814 2595 μενοινῶν
838 2519 977 2599 κεφαλάς
1000 2514 1106 2592 βαλεῖν

524 2635 712 2719 Εθφροσθνας
734 2638 859 2701 άλάται.

677 2765 714 2821 Σ.
737 2755 780 2832 γ’.
825 2765 860 2822 Κ.
884 2753 929 2835 ιζ.

521 2876 611 2956 Ἔχει
634 2875 659 2939 δ’
674 2874 837 2951 άπάλαμον
858 2875 921 2952 βίον

523 3000 632 3059 Τοῦτον
654 2994 884 3075 ἐμπεδόμοχθον,

523 3115 614 3180 Μετά
635 3121 715 3193 τριῶν
737 3113 875 3193 τέταρτον

522 3232 622 3308 Πόνον,
645 3232 796 3298 άθανάτιιν
819 3231 862 3299 θτι
883 3236 999 3311 κλέψας

341 3435 389 3485 od.
408 3435 458 3483 XV.
483 3435 537 3485 506.
559 3439 705 3505 παραθείμην
725 3433 786 3487 δαῖτ’
809 3440 894 3500 ἀγαθὴν
917 3446 1007 3504 κρειῶν,
1030 3440 1054 3484 et
1074 3435 1159 3485 nosch.
1179 3438 1261 3501 Agnm.
1280 3435 1352 3484 1603.

341 3534 413 3584 δαῖτα
430 3533 536 3583 παιδείων
553 3543 629 3602 κριῶν.
664 3533 707 3582 Vel
724 3532 867 3598 Hartnngii‚
885 3533 925 3598 qni
943 3532 1019 3582 edidit
1037 3534 1128 3603 δαιτρά.

375 3628 417 3678 82.
445 3635 539 3698 ἄπορον.
561 3630 681 3694 ΙΗογιιίιιο
707 3637 731 3678 et
756 3629 891 3679 Boeolihins
917 3636 1009 3698 άποραι
1033 3630 1096 3693 qnod
1119 3634 1155 3678 est
1177 3629 1201 3677 in
1222 3628 1353 3695 ¹recentiore

340 3724 450 3784 scholio,
467 3731 492 3774 et
510 3726 609 3775 fortasse
626 3726 651 3774 in
669 3742 716 3774 nno
734 3732 759 3775 et
775 3725 850 3775 altero
867 3725 941 3784 libro,
960 3726 1019 3775 mihi
1037 3742 1084 3774 non
1102 3725 1205 3789 cognito.
1231 3724 1353 3789 Scriptura

342 3823 404 3871 hanc
421 3837 476 3870 nane
494 3827 571 3872 metro
591 3823 742 3879 conveniret,
760 3823 806 3871 nini
824 3839 877 3872 cnm
896 3824 1001 3887 Knyoero
1020 3840 1054 3872 vs.
1072 3824 1112 3871 35.
1129 3821 1193 3886 legno
1204 3824 1351 3891 Συρακοσίων,

340 3924 366 3967 et
387 3918 443 3967 129.
461 3923 486 3966 et
504 3918 558 3970 178.
583 3922 661 3967 mutes
681 3918 831 3982 conjecturis.
864 3919 953 3968 'famen
971 3919 1030 3968 mihi
1048 3919 1142 3967 videtur
1159 3934 1282 3983 apparere,
1301 3935 1353 3967 enm

340 4031 354 4064 n
372 4014 546 4078 posterioribus
569 4030 620 4063 enno
643 4014 743 4064 illatam.
777 4015 846 4079 Apud
870 4016 1034 4074 Athenaeum,
1052 4015 1111 4074 641,
1129 4018 1254 4078 utramque
1272 4015 1353 4064 lentio·

341 4126 399 4160 nem
417 4126 467 4159 osse
491 4111 549 4160 dicit
574 4111 780 4173 Schneidewinnn,
797 4127 931 4161 memorans
948 4111 1067 4160 Dindorfii
1084 4112 1276 4161 annotationem:
1294 4127 1354 4176 qnae

339 4206 402 4255 mihi
428 4222 474 4254 non
498 4208 528 4255 nd
551 4223 635 4256 mnnns
659 4212 708 4256 ent:
732 4208 773 4256 ned
792 4223 835 4257 noo
852 4207 877 4256 in
895 4208 1000 4257 editione
1018 4207 1125 4267 anderi,
1145 4225 1188 4258 neo
1206 4208 1353 4267 Casanboni,

340 4318 386 4351 neo
403 4302 633 4367 Schweighaeuseri,
650 4304 715 4353 alind
733 4304 770 4353 vel
787 4304 877 4365 legitur
893 4305 931 4353 vel
949 4309 1095 4354 memoratur
1113 4309 1206 4369 praeter
1223 4312 1315 4376 ἄπορον.

375 4400 416 4447 84.
441 4399 492 4448 Pal.
517 4399 544 4449 C.
567 4401 686 4471 ἀνιερὸείαν
708 4404 734 4449 et
757 4406 880 4469 κοαάγορος
896 4416 951 4450 cum
969 4401 1047 4465 glossa
1064 4406 1122 4470 κακά
1141 4405 1216 4466 λέγων.
1250 4402 1353 4468 Quidam

339 4493 398 4543 libri
416 4502 563 4564 κακαγόρους.

377 4590 418 4639 91.
435 4596 485 4644 τάν.
519 4590 645 4641 siclini:
664 4608 746 4642 verum
764 4593 915 4643 Hermnnnnn
932 4593 1005 4643 scribi
1019 4593 1091 4657 junnit
1109 4597 1143 4642 ἂν.
