3767 5534
857 698 919 757 239

379 896 601 961 immortalium
633 895 711 960 hauc
742 916 864 980 quoque
893 896 968 959 mari
1001 895 1143 960 vallatam
1169 905 1275 961 terrum
1301 897 1397 961 omni·

381 1016 470 1101 genis
493 1014 625 1101 subjecit
649 1014 823 1100 hospitibus
846 1014 1020 1079 columnam
1042 1015 1179 1080 fatalem:
1197 1055 1241 1064 -
1258 1024 1396 1101 tempus,

380 1134 464 1220 quod
489 1157 582 1221 porro
605 1135 721 1213 oritur,
746 1134 778 1198 id
801 1135 899 1199 fecere
918 1158 956 1199 ne
973 1145 1086 1200 cesset:
1104 1174 1148 1184 -—
1164 1136 1277 1200 Dorico
1294 1158 1399 1221 regna-

378 1262 444 1319 tam
467 1255 584 1341 populo
608 1255 679 1319 inde
703 1255 740 1320 ab
764 1257 883 1320 Aeaco:
909 1278 1001 1340 quem
1026 1255 1107 1319 filius
1130 1254 1266 1319 Latonae
1293 1264 1323 1319 et
1339 1254 1399 1319 late
1435 1257 1476 1317 40

379 1381 491 1460 potens
513 1372 699 1459 Neptunus,
724 1396 820 1459 quum
837 1373 897 1438 Ilio
913 1395 1056 1438 coronam
1074 1373 1263 1437 adstructuri
1280 1381 1396 1450 essent,

379 1500 533 1558 vocarunt
556 1493 712 1558 moenium
736 1492 944 1557 faciendorum
968 1493 1104 1569 socium,
1122 1493 1195 1578 quia
1210 1492 1303 1557 fatale
1320 1501 1399 1570 erat,

380 1612 475 1689 haec,
508 1634 605 1696 quum
637 1611 718 1676 bella
746 1614 916 1691 orirentur,
941 1614 975 1677 in
999 1612 1123 1697 proeliis
1147 1611 1261 1697 oppida
1285 1619 1403 1676 vastan-

379 1731 468 1797 tibus
491 1731 699 1796 vehementcm
718 1732 872 1817 exspirare
887 1732 1016 1796 sumum.
1057 1731 1143 1795 Flavi
1160 1754 1230 1796 vero
1248 1743 1404 1816 serpentes

380 1860 445 1915 tres
476 1850 516 1915 ud
546 1851 655 1915 turrim
689 1850 884 1929 adsilieutes,
908 1872 1006 1935 quum
1030 1859 1110 1915 esset
1133 1850 1257 1914 condita
1280 1873 1401 1926 recens,
1439 1853 1480 1913 50

380 1969 446 2035 duo
478 1970 603 2053 quidem
630 1969 811 2034 deciderunt
833 1976 864 2033 et
888 1970 993 2033 statim
1018 1969 1184 2055 stupefacti
1208 1969 1324 2033 animas
1349 1969 1403 2032 mi-

382 2095 508 2153 serunt:
536 2110 616 2153 unus
639 2110 710 2152 vcro
734 2089 891 2174 ingressus
915 2097 962 2155 est
986 2088 1131 2153 clemens.
1169 2087 1328 2173 Explicuit
1352 2088 1403 2152 ob·

383 2208 466 2272 viam
496 2207 664 2293 procedens
695 2207 843 2271 continuo
875 2215 1047 2271 monstrum
1079 2206 1211 2292 Apollo:
1236 2206 1403 2291 Pergamus

383 2327 418 2391 in
448 2334 523 2404 tua,
555 2326 663 2403 heros,
695 2348 804 2391 manus
836 2347 928 2412 opera
960 2327 1097 2411 capitur:
1131 2326 1175 2391 sic
1205 2326 1283 2390 mihi
1311 2325 1404 2403 dicit,

385 2444 470 2530 quod
494 2444 572 2509 mihi
594 2445 747 2524 mit-titur,
764 2453 935 2509 monstrum
952 2444 1104 2510 Cronidae
1120 2446 1254 2530 graviter
1269 2445 1406 2509 tonantis

384 2563 488 2628 Jovis:
524 2587 586 2629 non
609 2565 674 2629 sine
698 2565 803 2630 liberis
826 2567 906 2643 tuis,
931 2565 985 2630 sed
1009 2565 1101 2630 simul
1125 2588 1194 2630 cum
1219 2564 1323 2650 primis
1348 2564 1402 2628 illa
1439 2566 1481 2628 60

385 2684 502 2774 euersio
533 2684 676 2769 incipiet,
705 2692 736 2748 et
759 2708 777 2748 a
800 2686 918 2769 quartis
942 2685 1091 2771 capietur.
1139 2683 1189 2748 Sic
1213 2683 1297 2748 Deus
1321 2683 1402 2747 clare

386 2802 512 2867 locutus
533 2802 571 2867 ad
590 2803 750 2868 Xanthum
767 2804 942 2889 properavit
958 2826 1048 2867 cursu
1067 2812 1097 2867 et
1114 2805 1283 2866 Amazonas
1300 2825 1405 2887 eques-

387 2928 449 2985 tres
482 2928 512 2985 et
544 2920 582 2985 ad
608 2921 734 2988 Istrum.
782 2922 886 2987 Motor
909 2922 1051 2987 tridentis
1075 2921 1113 2986 ad
1137 2921 1290 2986 Isthmum
1319 2922 1407 2985 mari-

388 3062 463 3105 num
489 3040 622 3106 tetendit
653 3065 776 3106 currum
808 3042 953 3120 celerem,
985 3040 1148 3106 demittens
1184 3043 1320 3105 Aeacum
1344 3042 1404 3106 hnc

390 3181 482 3224 curru
510 3174 622 3239 aureo,
647 3168 677 3224 et
700 3160 739 3224 ad
763 3158 906 3225 Corinthi
929 3160 1062 3238 collum,
1088 3161 1209 3224 visurus
1233 3160 1339 3245 epulas
1364 3183 1408 3224 ce-

390 3276 498 3342 lebres.
546 3278 655 3342 Dulcis
686 3301 734 3343 res
769 3278 856 3344 nulle
891 3279 1029 3365 aequalis
1066 3279 1124 3342 1111
1158 3280 1190 3344 in
1220 3278 1408 3343 hominibus.
1447 3280 1485 3342 70

392 3394 513 3477 Quodsi
546 3420 603 3482 ego
633 3397 779 3462 Melesiae
803 3421 840 3463 ex
864 3398 1054 3463 imberbibus
1078 3398 1206 3483 gloriam
1230 3407 1409 3484 persecutus

393 3537 459 3579 sum
490 3517 637 3594 carmine,
671 3540 709 3581 ne
741 3517 830 3581 feriat
859 3540 907 3581 me
939 3539 1012 3582 saxo
1045 3539 1152 3603 aspero
1183 3516 1315 3581 invidis:
1340 3540 1410 3582 nam

394 3634 486 3698 etism
509 3632 643 3699 Nemeae
668 3635 807 3700 dicturus
832 3658 901 3700 sum
923 3634 1005 3699 idem
1031 3634 1143 3715 decus,
1168 3642 1199 3698 et
1223 3646 1328 3720 postea
1351 3658 1412 3700 cer·

383 3762 496 3818 «tamen
528 3754 680 3831 virorum,
713 3777 728 3817 e
759 3755 924 3839 pancratio.
973 3754 1136 3818 Enimvero
1161 3753 1276 3818 discere
1300 3755 1409 3819 scienti

394 3871 514 3937 facilius
537 3884 600 3936 est:
625 3872 835 3937 inconsultum
852 3881 976 3937 estnon
994 3878 1083 3936 autea
1099 3872 1204 3936 fecisse
1221 3872 1407 3956 periculum:
1445 3877 1485 3939 80

396 3990 489 4055 levior
520 3992 601 4055 enim
632 3991 861 4077 inexpertorum
892 4014 978 4056 mens
1011 3998 1066 4055 111.
1113 3990 1155 4053 Et
1187 4011 1223 4054 ee
1245 4013 1337 4076 opera
1359 3992 1411 4057 ille

397 4108 546 4175 efficacius
570 4110 669 4175 dicere
692 4112 791 4196 possit
813 4132 905 4195 quam
929 4110 999 4189 alii,
1025 4110 1078 4195 qui
1102 4106 1210 4173 modus
1232 4110 1413 4196 1111111111-

397 4235 540 4293 vecturus
571 4230 629 4306 sit,
663 4252 679 4293 e
711 4230 822 4293 sanctis
855 4228 1073 4294 certaminibus
1101 4229 1237 4292 laturum
1261 4230 1413 4314 optatissi-

398 4369 477 4412 mam
509 4348 648 4434 gloriam.
695 4347 788 4413 Nunc
820 4349 943 4433 quidem
973 4350 1000 4413 ei
1024 4348 1117 4412 decus
1141 4356 1188 4411 111
1211 4346 1410 4428 Alcimedon,

400 4468 556 4532 victoriam
587 4470 709 4553 capiens
739 4469 939 4533 tricesimam:
968 4470 1022 4553 qui
1045 4468 1127 4532 felici
1152 4474 1232 4531 sorte
1255 4465 1332 4545 Dei,
1356 4492 1412 4533 nec
