3767 5534
919 737 958 798 67

419 998 423 1004 .
463 927 641 1019 obtemperant
672 957 707 999 ea
738 935 883 999 citharae.
930 935 1072 999 Fulmine
1104 934 1188 998 Jovis
1217 933 1291 1018 quid
1316 933 1449 997 fortius?

461 1046 517 1129 quid
543 1052 574 1116 et
602 1053 723 1137 aquild,
749 1054 882 1136 quaein
907 1061 1027 1138 sceptro
1051 1052 1135 1116 Jovis
1160 1054 1244 1137 regio
1268 1052 1336 1115 cst?
1360 1053 1447 1135 atqui

459 1164 548 1234 fulmen
569 1171 792 1255 exstinguitur,
818 1172 921 1255 aquila
940 1172 1128 1256 consopitur.
1165 1170 1214 1233 Sic
1235 1170 1359 1254 quidem
1379 1172 1386 1232 i
1392 1194 1444 1254 pse

458 1282 553 1370 Jupiter
583 1289 716 1353 laetatur
750 1290 868 1366 Musis,
905 1296 941 1353 ut
972 1289 1134 1354 submittat
1165 1290 1202 1352 iis
1234 1290 1445 1372 incantarique

456 1402 516 1469 nnat
541 1407 628 1491 signa
657 1430 730 1472 suae
759 1408 861 1491 regiae
890 1408 1068 1492 potestatisz
1099 1414 1191 1491 atque
1219 1407 1326 1471 eodem
1350 1406 1441 1470 modo

454 1519 502 1605 ipae
526 1525 609 1589 Mars
641 1548 794 1590 armorum
825 1525 1026 1589 obliviscitur.
1076 1527 1177 1610 Atque
1210 1526 1267 1588 boc
1297 1524 1387 1588 dulce
1416 1533 1446 1588 et

451 1641 604 1708 volentibus
625 1644 789 1729 imperium
813 1652 868 1709 est.
915 1644 1004 1723 Quae
1029 1667 1099 1707 vero
1118 1644 1229 1707 infesta
1247 1642 1315 1706 Diis
1335 1652 1366 1706 et
1384 1642 1447 1706 odi·

447 1779 489 1823 osa
512 1768 601 1839 sunt,
629 1762 707 1841 ferre
734 1784 796 1826 uon
821 1770 950 1846 possunt
973 1761 1058 1825 illam
1082 1783 1186 1828 vocem
1210 1760 1263 1824 sed
1286 1761 1444 1845 fugantur.

477 1878 608 1944 Omnino
635 1881 661 1943 si
685 1880 833 1944 hocloco
856 1881 1051 1945 meminimus
1075 1880 1201 1944 Pindari
1225 1879 1263 1943 de
1286 1880 1354 1943 Diis
1379 1903 1445 1943 sen-

440 2000 570 2077 tentiam,
595 2009 710 2085 quanto
735 2022 785 2064 eos
806 2000 960 2084 putaverit
976 2022 1039 2063 non
1058 2007 1181 2062 tautum
1200 1999 1335 2061 bumana
1354 1998 1446 2061 imbe-

437 2118 556 2183 cillitate
576 2120 761 2203 superiores,
783 2118 836 2182 sed
858 2119 950 2182 etiam
970 2140 1063 2202 quam
1079 2118 1116 2181 ab
1133 2118 1285 2181 erroribus
1302 2118 1445 2200 vitiisque

435 2236 601 2315 immunes,
633 2245 809 2321 quantaque
836 2237 964 2301 veritate
987 2244 1019 2301 et
1038 2238 1173 2322 justitia,
1197 2258 1260 2299 non
1284 2258 1446 2320 possumus

433 2378 492 2419 non
521 2378 706 2441 magnopere
737 2356 881 2419 admirari
911 2364 1052 2421 sanctum
1081 2355 1224 2432 Poetam,
1250 2356 1303 2438 qui
1327 2361 1444 2418 tantam

432 2476 530 2539 voluit
561 2476 695 2539 musicae
726 2498 790 2540 esse
822 2498 892 2539 cum
922 2475 991 2538 Diis
1021 2475 1295 2551 necessitudinem,
1327 2481 1444 2538 tantam

431 2595 508 2671 vim,
539 2602 662 2658 tautum
691 2602 847 2658 terrorem.
890 2592 1023 2658 Videtur
1054 2593 1171 2677 aliquid
1201 2601 1304 2657 mente
1327 2615 1445 2677 praece·

431 2713 510 2796 pisse
541 2713 709 2796 ejusmodi,
741 2735 803 2797 quo
834 2713 1057 2798 significaretur
1087 2713 1186 2776 omnis
1211 2719 1240 2776 et
1263 2713 1391 2776 rationis
1415 2718 1446 2774 et

431 2831 576 2895 orationis
608 2831 647 2894 ad
676 2831 781 2895 lumen
813 2832 949 2895 veritatis
980 2832 1154 2908 conversio,
1187 2853 1243 2895 uec
1275 2830 1443 2915 quidquam

431 2959 509 3013 esset
533 2972 604 3013 cum
628 2951 693 3035 ipso
718 2950 783 3014 Deo
807 2952 1004 3035 conjunctius
1028 2973 1120 3034 quam
1144 2950 1254 3013 veritas
1277 2972 1334 3013 nec
1358 2949 1445 3033 quid-

431 3090 521 3151 quam
553 3068 613 3132 Dei
642 3068 784 3133 hostibus
815 3069 963 3133 odiosius.
1010 3068 1281 3149 Quemadmodum
1311 3068 1446 3132 Joannes

434 3186 602 3271 Apostolus
636 3188 775 3272 scripsit,
807 3187 908 3252 Deum
939 3211 1005 3252 esse
1035 3187 1157 3266 lumen,
1174 3189 1197 3273 ¹)
1229 3196 1259 3251 et
1289 3188 1448 3251 veritatem

434 3303 522 3367 nobis
556 3326 627 3368 cum
662 3305 729 3369 Deo
763 3328 956 3370 communem
993 3328 1057 3370 esse
1092 3313 1248 3390 oportere:
1263 3305 1285 3388 ²)
1321 3312 1351 3369 et
1382 3306 1448 3389 ipse

435 3421 576 3487 Christus
607 3423 703 3501 dixit,
736 3447 823 3488 suam
853 3447 956 3489 vocem
989 3425 1027 3488 ab
1054 3425 1091 3487 iis
1115 3425 1232 3501 audiri,
1257 3424 1311 3507 qui
1335 3446 1350 3486 e
1374 3423 1448 3486 veri·

433 3548 496 3605 tate
520 3542 592 3605 siut.
605 3545 629 3624 3)

476 3658 690 3723 Clarissimum
720 3684 791 3724 vero
822 3661 939 3724 donum
969 3660 1105 3725 Deorum
1134 3660 1171 3724 ad
1195 3661 1332 3746 ipsorum
1355 3659 1448 3722 etiam

434 3777 581 3841 bonorem
611 3778 898 3863 venerationemque
929 3779 1121 3843 referendum
1145 3788 1218 3843 erat.
1254 3777 1350 3841 Velut
1372 3776 1449 3841 Her-

434 3895 502 3959 cule
533 3897 566 3959 iu
595 3896 680 3960 Jovis
712 3898 858 3961 honorem
888 3898 1070 3962 instituente
1097 3898 1262 3961 certamina
1285 3895 1445 3981 Olympia,

434 4035 523 4077 omne
553 4014 659 4080 lanum
690 4015 877 4100 implebatur
908 4023 1019 4092 cautu,
1048 4039 1127 4101 quae
1150 4022 1274 4080 secutus
1297 4015 1448 4100 principia

433 4131 585 4197 Pindarus
620 4136 653 4198 in
687 4136 822 4199 victoriis
856 4135 965 4199 Jovem
1000 4136 1118 4199 cecinit.
1135 4137 1161 4219 4)
1207 4136 1312 4217 Atque
1342 4141 1378 4197 ut
1409 4133 1447 4197 ad

467 4421 490 4481 1)
507 4423 593 4471 Joaan.
611 4423 687 4486 Epist.
707 4426 729 4473 I.
749 4441 770 4474 c.
789 4426 811 4473 1.
829 4441 861 4474 vs.
879 4426 903 4473 t.
1003 4425 1026 4487 2)
1043 4423 1100 4473 ibid.
1118 4439 1138 4472 o.
1156 4423 1179 4474 2.
1197 4440 1228 4473 os.
1247 4423 1270 4473 8.

467 4516 493 4577 3)
510 4518 595 4568 Joann.
614 4521 702 4584 Evanp.
719 4536 740 4570 o.
758 4521 797 4570 18.
814 4537 846 4571 aa.
864 4520 905 4573 37.
997 4522 1023 4582 4)
1043 4522 1080 4569 Ol.
1096 4521 1127 4569 X.
1144 4519 1184 4569 92.

1288 4614 1323 4671 5*
