3767 5534
998 720 1062 779 396

523 938 586 980 esse
609 916 853 993 contenderunt,
882 922 990 979 contra
1013 937 1082 979 vero
1106 916 1244 981 Thebani
1268 939 1376 982 suum:
1403 918 1535 981 Pansan.

520 1033 556 1098 L.
582 1034 617 1099 Π
640 1034 674 1099 0.
699 1034 729 1087 V
753 1038 782 1098 2.

561 1151 634 1217 Iluit
657 1160 759 1217 autem
781 1150 895 1215 Thebis
918 1151 1065 1235 templum
1087 1150 1248 1229 Herculis,
1267 1153 1372 1237 ibique
1390 1175 1534 1239 expressa

518 1290 537 1332 a
570 1269 721 1335 Praxitele
756 1270 902 1354 pleraque
934 1292 971 1332 ex
1007 1269 1168 1334 duodecim
1201 1255 1344 1335 Herculis
1369 1271 1532 1355 operibus:

518 1409 623 1452 verum
653 1394 805 1452 certamen
837 1388 901 1471 ejus
934 1381 1079 1451 adversus
1108 1409 1176 1451 aves
1200 1387 1425 1473 Stymphalicas
1449 1412 1536 1474 prae·

517 1506 708 1569 termissum:
739 1505 870 1570 Pausan.
903 1503 940 1570 L.
973 1503 1022 1568 IX
1052 1503 1077 1567 Ο
1109 1504 1158 1568 XI
1189 1508 1219 1569 3.
1267 1507 1371 1590 Atque
1406 1507 1464 1571 hoc
1491 1507 1537 1571 ita

517 1625 634 1688 factum
657 1646 721 1687 esse
744 1625 776 1687 in
800 1623 952 1687 amicitiae
976 1630 1006 1687 et
1030 1624 1220 1708 cognationis
1243 1624 1366 1688 Thebae
1388 1633 1419 1689 et
1434 1623 1536 1709 Stym-

518 1741 603 1827 phali
634 1741 844 1805 testimonium
877 1764 939 1805 non
972 1741 1174 1819 affirmavero,
1209 1741 1263 1805 sad
1293 1750 1396 1807 tamen
1422 1764 1536 1807 memo·

520 1858 650 1922 randum
675 1880 740 1922 esse
760 1859 906 1944 judicavi.

567 1979 640 2039 144.
676 1978 802 2051 εὐανθὴς.
838 1976 1006 2061 Epitheton
1035 1975 1198 2061 Nymphae
1221 1984 1376 2042 venustae.

568 2096 641 2158 145.
677 2093 861 2169 Πλήξιππον.
897 2094 1067 2179 Epitheton
1103 2094 1234 2158 civitatis
1268 2101 1393 2179 propter
1420 2095 1535 2161 civium

520 2211 732 2277 fortItudinem
757 2210 917 2298 Nymphae
940 2213 1102 2277 tributum.
1149 2211 1206 2277 Ist.
1230 2211 1247 2275 I
1273 2215 1290 2276 1

776 2334 884 2411 Μᾶτερ
906 2331 968 2407 ἐμοὶ
990 2330 1143 2411 χρύσασπι
1167 2329 1268 2408 Θήβα.

522 2446 693 2513 Scholiasta
715 2449 753 2513 ad
777 2449 832 2533 Py.
856 2447 903 2512 IV
928 2452 989 2527 25,
1019 2449 1145 2513 afferens
1170 2449 1360 2534 exemplum:
1385 2449 1536 2531 εὐάρμκτε

523 2567 707 2648 χρυσοχίτων
738 2568 889 2646 ἱερώτκτον
920 2565 1056 2644 dacica
1088 2567 1195 2644 Θήβας
1228 2566 1364 2631 ostendit
1391 2568 1535 2645 omnino,

523 2685 659 2769 epitheta
681 2685 819 2749 locorum
842 2690 873 2749 at
895 2685 1058 2749 heroidum
1081 2685 1299 2749 communicari
1322 2686 1404 2750 inter
1427 2706 1469 2749 se.

570 2804 643 2866 146.
677 2807 735 2874 τῖες
759 2800 837 2882 ὕδωρ.
873 2802 911 2866 In
936 2802 1059 2866 scholiis
1083 2803 1235 2867 veteribus
1259 2806 1315 2874 τᾶς
1338 2803 1470 2867 refertur
1494 2801 1533 2867 ad

523 2918 684 3005 Metopon:
708 2906 765 2984 nec
788 2920 846 2984 hoc
869 2920 992 3005 proprie
1015 2921 1272 3005 interpretantur,
1289 2920 1342 2984 sed
1358 2922 1534 3006 gustatione

523 3059 619 3119 aquae
632 3038 799 3102 Arcadicos
811 3038 976 3122 significari
988 3037 1095 3101 laudes
1112 3045 1142 3102 et
1163 3039 1313 3116 carmina,
1332 3060 1410 3122 quae
1423 3037 1534 3102 Pinda-

523 3177 576 3218 rus
600 3155 694 3219 donat
717 3154 855 3239 Ageriae.
891 3154 965 3218 Non
976 3155 1021 3218 ita
1033 3178 1098 3219 esse
1110 3133 1187 3219 mihi
1200 3156 1329 3220 videtur.
1353 3158 1420 3227 Τῖις
1436 3155 1534 3219 refero

523 3273 562 3335 ad
593 3271 737 3336 Theben:
770 3273 851 3356 ejus,
882 3273 989 3336 matris
1021 3295 1111 3350 suae,
1136 3273 1278 3337 dilectam
1303 3294 1413 3356 aquam
1437 3293 1469 3335 so
1491 3272 1537 3337 bi·

522 3390 594 3455 bere
618 3390 717 3453 canit:
743 3390 805 3453 sive
829 3412 864 3453 ea
887 3412 968 3473 aqua
990 3390 1107 3454 Ismeni
1129 3390 1206 3468 fuit,
1233 3391 1285 3474 qui
1309 3396 1339 3453 et
1362 3389 1429 3474 ipse
1452 3389 1536 3453 fflius

523 3508 621 3592 Asopi
651 3508 727 3571 fuit:
760 3505 905 3592 Apollod.
937 3506 974 3571 L.
998 3506 1109 3572 1110.
1134 3507 1217 3571 XII:
1242 3508 1304 3572 sive
1327 3508 1451 3591 quaevis
1475 3507 1537 3571 alia

524 3625 589 3709 agri
613 3623 761 3689 Thebani.

572 3745 645 3807 147.
680 3745 876 3825 circumcisi.
914 3743 960 3808 of.
990 3745 1147 3808 annotatio
1175 3744 1214 3807 ad
1236 3766 1270 3808 vs
1297 3746 1348 3807 19.
1395 3742 1446 3808 Ad
1469 3764 1537 3806 sen·

523 3861 652 3925 tentiam
683 3860 730 3925 cf.
762 3860 814 3924 Ol.
838 3860 903 3925 VII
929 3863 980 3926 12.

572 3981 645 4042 149.
680 3979 780 4046 Alata.
808 3980 933 4043 Aenean
951 3978 1036 4043 chori
1051 3980 1231 4064 magistrum
1245 3978 1356 4057 fnisse,
1373 3978 1425 4042 oui
1439 3978 1536 4042 Poeta

524 4124 644 4167 ammon
668 4102 871 4180 commiserit,
896 4100 1023 4166 tradunt
1046 4101 1236 4165 scholiastae.

572 4222 644 4283 150.
665 4218 760 4300 “Hace
770 4218 938 4299 Παρθενίαν.
962 4219 1118 4283 Iunonem
1137 4242 1155 4283 a
1175 4217 1284 4281 Samiis
1301 4217 1333 4280 in
1346 4214 1452 4299 primis
1465 4213 1536 4277 ado

524 4345 621 4403 ratam
638 4338 732 4402 fuisse
752 4344 863 4403 notum
878 4346 925 4402 est
945 4337 1103 4402 omnihus:
1126 4343 1219 4420 atque
1231 4357 1297 4400 eam
1313 4340 1417 4398 natam
1439 4332 1534 4396 fuisse

525 4456 608 4542 apud
631 4478 664 4519 se
687 4456 724 4519 ad
749 4456 877 4520 fluvium
900 4455 1074 4520 Imbrasum
1101 4455 1203 4518 dixere
1226 4452 1337 4516 Samii:
1350 4448 1532 4515 Pausan.L.
