3767 5534
921 742 983 802 500

441 955 512 1025 net,
538 954 574 1010 ut
596 967 723 1030 magnos
748 967 765 1007 a
781 944 895 1007 victore
912 947 1071 1025 superatos
1088 963 1152 1005 esse
1168 940 1287 1006 labores
1303 948 1459 1027 appareat.

442 1066 482 1131 Et
513 1089 602 1152 saepe
633 1064 785 1128 Pindarus
818 1061 920 1126 labore
952 1061 1046 1124 decus
1069 1062 1168 1145 parari
1192 1063 1346 1140 ostendit,
1373 1062 1460 1126 velut

442 1186 492 1250 Ol.
517 1184 562 1249 VI
591 1188 647 1262 15,
672 1183 719 1246 XI
743 1186 775 1246 4.
821 1181 968 1245 Similiter
991 1180 1049 1243 hoo
1072 1180 1156 1244 loco:
1182 1178 1286 1246 droam
1307 1189 1367 1244 tam
1386 1204 1455 1246 cum

441 1300 550 1376 ἕλονβον
573 1321 665 1382 quam
689 1320 758 1361 cum
782 1296 892 1378 χάρμα
915 1298 1164 1381 conjungendum
1190 1306 1253 1362 est:
1271 1320 1375 1362 rarum
1391 1320 1457 1362 esse

441 1418 569 1482 affirmat
601 1417 709 1495 Poeta,
734 1423 769 1479 ut
793 1415 904 1499 aliquis
928 1414 1075 1499 gaudium
1101 1416 1253 1507 inveniat,
1280 1416 1364 1500 quod
1389 1417 1455 1481 sine

440 1535 543 1600 labore
573 1536 725 1599 inveniat:
758 1534 921 1619 respiciens
955 1532 993 1596 ad
1021 1533 1155 1597 laborem
1182 1535 1339 1618 ingentem
1362 1542 1458 1599 certa-

439 1653 531 1717 minis
554 1650 701 1737 Olympii.

485 1773 539 1835 27.
573 1770 666 1833 Hunc
695 1792 816 1834 versum
840 1769 941 1833 adhuc
965 1770 1003 1833 ad
1027 1769 1238 1854 praecedentia
1262 1770 1454 1835 retulerunt:

438 1910 494 1951 nec
519 1889 699 1973 cujusquam
724 1886 787 1951 vidi
811 1887 1065 1971 explicationem,
1091 1910 1169 1971 quae
1193 1889 1354 1953 commoda
1376 1890 1455 1954 vide-

437 1994 539 2084 retur,
564 2015 682 2092 praeter
704 2005 926 2084 Heimsoahii,
952 2008 1022 2090 qui,
1044 2030 1113 2091 pag.
1135 2010 1192 2084 17,
1210 2008 1362 2085 ostendit,
1381 2029 1453 2092 quo

437 2126 528 2189 modo
563 2126 637 2189 hacc
668 2134 747 2190 esset
778 2126 928 2210 appositio
961 2149 1022 2190 uon
1055 2126 1159 2191 addita
1189 2128 1316 2193 vocibus
1346 2126 1451 2195 ἄπονον

436 2243 563 2325 χάρμα,
595 2244 648 2307 sed
679 2250 802 2307 tantum
832 2244 899 2306 voci
930 2244 1057 2323 χοίρμοιι
1090 2267 1248 2329 quumque
1278 2246 1390 2325 χάρμα
1413 2247 1451 2311 de

434 2363 580 2426 victoriae
604 2362 718 2445 gaudio
742 2361 859 2425 dictum
883 2364 941 2439 sit,
966 2363 1073 2426 merito
1097 2362 1178 2426 illud
1202 2363 1262 2428 dici
1286 2362 1376 2444 ἔργον
1399 2368 1451 2445 πρὸ

434 2479 551 2543 πάντων
583 2479 671 2560 βιότῳ
698 2479 783 2561 endor.
820 2479 904 2544 Malo
935 2488 1036 2544 tamen
1062 2482 1252 2561 existimare,
1282 2481 1362 2546 hanc
1385 2505 1449 2547 esse

434 2597 655 2683 appositionem
688 2599 844 2683 sequentis
872 2599 954 2661 vocis
978 2601 1098 2675 οὶγῶνοοε
1125 2600 1268 2663 eximium
1293 2608 1445 2665 certamen

434 2714 594 2800 Olympiae
619 2715 752 2800 appellat
776 2714 880 2779 lumen
904 2718 984 2779 vitae
1013 2696 1247 2801 supra'reliqua
1270 2741 1364 2802 opera
1387 2741 1448 2783 om-

433 2834 501 2897 nia:
527 2835 641 2919 qnippe
664 2834 742 2897 nihil
766 2857 847 2910 esse,
873 2834 955 2918 qnod
979 2843 1042 2935 tam
1067 2836 1164 2919 possit
1187 2837 1280 2901 vitam
1296 2836 1448 2901 illustrem

434 2952 558 3016 efficere.
605 2951 655 3015 Ne
677 2974 748 3016 vero
773 2952 841 3035 quis
866 2952 963 3028 dicat,
988 2974 1051 3015 non
1074 2954 1194 3037 οὶγῶνον,
1219 2953 1271 3017 sed
1289 2956 1446 3019 victoriam

434 3094 498 3135 esse
514 3072 593 3134 vitae
610 3070 731 3135 lumen:
748 3071 844 3155 ipsam
861 3070 956 3133 Poeta
968 3072 1120 3154 significat
1133 3073 1309 3136 certaminis
1323 3073 1447 3137 maximi

433 3189 620 3266 claritatem,
653 3190 740 3273 cujus
772 3188 946 3252 certaminis
978 3189 1204 3253 institutionem
1229 3198 1260 3254 et
1283 3191 1448 3275 primordia

432 3316 533 3371 vetera
552 3309 616 3392 jam
639 3305 790 3370 celebrare
814 3306 1009 3390 aggreditur:
1035 3329 1128 3391 quum
1154 3309 1242 3372 etiarn
1261 3307 1300 3371 ad
1316 3309 1448 3372 victores

431 3425 618 3489 redundaret
641 3447 676 3488 ea
699 3423 837 3487 claritas:
863 3446 955 3506 quam
980 3424 1090 3490 cecinit
1114 3425 1204 3488 etiam
1227 3424 1277 3489 Ol.
1301 3425 1317 3488 I
1344 3426 1446 3504 initio,

432 3565 468 3607 ex
485 3542 590 3606 eadem
606 3540 757 3605 affirmans
774 3542 943 3605 carminum
962 3563 1085 3626 quoque
1102 3544 1260 3627 provenire
1277 3544 1443 3607 materiem.

478 3663 530 3722 00.
565 3661 690 3736 θέμιτες.
725 3658 798 3723 Non
828 3660 940 3723 frustra
973 3660 1120 3724 dicuntur
1148 3661 1218 3745 jura
1240 3661 1345 3740 doris,
1370 3684 1446 3747 quae

431 3777 559 3840 Poetam
581 3776 619 3839 ad
643 3785 793 3841 certamen
818 3777 989 3841 canendum
1013 3778 1209 3863 impulerint,
1235 3801 1333 3863 quum
1354 3780 1446 3844 fuerit

320 3948 324 3955 .
432 3896 497 3978 ejus
528 3895 683 3959 institutio
714 3894 785 3958 Jovi
817 3904 1010 3959 consecrata:
1040 3897 1120 3972 conf.
1144 3919 1193 3960 vss
1211 3900 1280 3988 04,
1305 3900 1366 3975 07,
1396 3896 1445 3962 Ol.

432 4009 528 4089 114,
554 4010 600 4075 IV
623 4014 653 4076 3.

477 4132 530 4193 30.
567 4131 682 4208 sanan
707 4129 848 4201 Πέλοπος.
885 4129 933 4194 Of.
958 4129 1009 4195 Ol.
1034 4130 1051 4194 I
1077 4135 1139 4194 149
1156 4132 1261 4216 ibique
1277 4134 1444 4197 annotatio.

477 4250 528 4311 33.
565 4248 659 4327 πέφνε
681 4247 819 4313 Κτὲοοπον.
857 4247 984 4312 Oteatus
1009 4256 1039 4312 et
1056 4248 1193 4334 Eurytus
1209 4251 1264 4315 filii
1280 4252 1364 4315 fuere
1382 4251 1446 4315 Mo

431 4363 527 4429 liones
551 4374 581 4429 et
604 4363 761 4451 Neptuni,
789 4367 885 4431 habiti
909 4390 980 4431 vero
1005 4368 1156 4432 Moliones
1181 4376 1212 4432 et
1235 4371 1367 4433 Actoris.
1407 4368 1445 4433 In

431 4482 554 4546 scholiis
586 4483 739 4548 veteribus
771 4487 905 4549 narratio
937 4496 999 4562 est,
1033 4486 1101 4550 illos
1125 4487 1212 4573 prius
1237 4488 1358 4573 Augiae
1381 4489 1447 4574 opi·
