3767 5534
898 767 965 829 ’313

436 966 520 1030 daro.
565 966 732 1051 Nunquam
755 991 816 1032 non
839 968 1140 1035 honorificentissime
1165 969 1314 1034 Pindarus
1330 968 1368 1031 de
1384 967 1437 1031 illo

435 1086 603 1150 existimat:
627 1086 753 1172 gloriam
777 1090 841 1174 ejus
865 1097 895 1152 et
914 1090 1066 1175 praeclara
1082 1090 1215 1154 facinora
1231 1089 1339 1153 bellica
1355 1088 1436 1152 canit

434 1205 565 1270 carmine
600 1204 750 1271 Nemeaeo
786 1208 892 1272 tertio:
928 1218 958 1273 et
989 1207 1120 1274 Isthmio
1151 1216 1257 1273 octavo
1287 1230 1321 1269 vs
1356 1208 1435 1270 124:

432 1324 553 1404 ‚‚hune,
577 1327 692 1411 inquit,
709 1350 747 1391 ne
762 1334 918 1393 mortuum
933 1329 1058 1412 quidem
1075 1328 1208 1393 carmina
1223 1327 1436 1402 deseruerunt,

433 1467 538 1510 verum
560 1445 598 1510 ad
623 1469 730 1531 rogum
753 1448 816 1534 ejus
832 1448 1045 1534 tumulumque
1062 1448 1240 1513 Heliconiae
1256 1453 1364 1510 stetere
1382 1445 1439 1508 vir·

433 1565 537 1649 gines,
561 1563 769 1650 celebremque
792 1566 895 1630 fletum
919 1567 1085 1631 carminum
1111 1542 1305 1631 inluderuute
1323 1564 1437 1650 quippe

434 1682 493 1746 hoc
525 1683 643 1769 placuit
676 1677 921 1763 Immortahbus,
957 1684 1085 1771 probum
1118 1685 1215 1750 virum
1247 1684 1337 1749 etiam
1370 1689 1438 1768 post

433 1802 593 1867 interitum
627 1802 698 1867 dare
731 1802 865 1869 Dearum
896 1805 1069 1871 cantibus.’'
1115 1806 1217 1891 Atque
1247 1803 1304 1868 bae
1335 1810 1437 1867 tautae

432 1919 538 1985 laudes
565 1921 598 1984 in
621 1944 656 1985 eo
679 1923 810 1987 carmine
833 1924 920 2009 quasi
943 1923 1111 1988 fundantur
1134 1924 1243 2008 stragis
1267 1923 1331 2007 ejus
1356 1943 1438 2006 prae·

432 2040 539 2122 conio,
576 2063 636 2125 qua
668 2040 836 2127 Telephum
865 2049 895 2107 et
926 2042 1120 2108 Memnonem
1152 2049 1183 2107 et
1213 2040 1377 2105 Hectorem
1408 2051 1438 2104 et

433 2157 549 2221 multos
584 2159 762 2224 fortissimos
796 2161 905 2246 dejecit
938 2162 971 2226 in
1006 2161 1126 2226 inferos.
1173 2161 1304 2224 Tantum
1337 2159 1437 2236 abest,

433 2285 473 2340 ut
495 2276 560 2341 ulla
590 2278 706 2344 bellicis
737 2280 920 2346 iecinoribus
952 2281 1082 2346 Achillis
1113 2281 1235 2346 subesse
1257 2280 1353 2367 possit
1377 2301 1439 2344 non

435 2398 696 2482 praestantissima
725 2401 877 2465 memoria.
924 2400 1043 2481 Quodsi
1071 2402 1146 2465 forte
1170 2402 1237 2484 quis
1261 2400 1300 2465 ad
1323 2406 1440 2464 senteu-

434 2515 511 2579 tiam
547 2516 670 2582 Pindari
704 2512 914 2583 declarandam
951 2541 1057 2606 parum
1093 2520 1190 2584 valere
1226 2528 1313 2605 putet
1344 2520 1440 2605 ipsius

435 2635 612 2701 testimonia
640 2637 780 2702 Pindari:
812 2647 928 2717 tamen,
954 2640 1106 2725 quomodo
1129 2662 1198 2703 cum
1221 2638 1353 2704 Pindaro
1376 2645 1441 2702 tota

436 2755 603 2841 antiquitas
631 2757 664 2820 in
686 2755 840 2822 laudando
865 2759 985 2824 Achille
1008 2760 1210 2837 consenserit,
1235 2766 1326 2823 testes
1349 2758 1440 2822 etiam

436 2873 530 2939 affero
553 2876 745 2960 gravissimos
768 2878 984 2963 philosophos,
1008 2877 1165 2942 Platonem
1182 2886 1212 2942 et
1228 2876 1439 2941 Aristotelem:

437 3015 570 3078 quorum
592 2994 644 3059 ille
667 3018 737 3059 eum
761 3019 778 3059 a
803 2996 869 3060 Diis
892 2996 1076 3061 honoratum
1100 2997 1184 3061 etin
1207 2996 1323 3061 insulas
1344 2995 1443 3060 beato·

436 3134 508 3175 rum
537 3111 662 3177 missum
693 3136 757 3178 esse
787 3114 879 3191 dicit,
912 3116 984 3199 quia
1012 3116 1109 3179 sciens
1132 3115 1242 3179 maluit
1262 3116 1326 3200 ipse
1350 3114 1451 3206 caede(

437 3230 579 3296 Hectoris
603 3233 785 3318 perficienda
808 3242 838 3298 et
858 3234 954 3298 amico
973 3234 1147 3299 ulciscendo
1163 3242 1293 3298 mortem
1308 3235 1443 3298 invenire

439 3374 531 3460 quam
564 3353 721 3438 negligens
758 3376 792 3418 ea
826 3354 864 3418 ad
903 3361 1091 3419 senectutem
1130 3355 1304 3440 pervenire:
1340 3353 1442 3438 Symp.

442 3473 504 3536 179
536 3471 579 3535 E:
615 3472 691 3536 alter
721 3495 790 3537 vero
823 3474 912 3560 quasi
943 3473 1025 3539 huuc
1056 3475 1156 3559 ipsum
1187 3473 1312 3538 Pindari
1343 3474 1443 3537 locum

391 3587 394 3593 ’
439 3591 619 3676 expressisse
650 3591 788 3669 videtur,
821 3592 961 3656 Hectoris
989 3600 1019 3656 et
1042 3591 1137 3677 Cycni
1161 3592 1282 3656 caedem
1301 3587 1444 3677 ¹propriae

430 3696 525 3789 'illius
553 3710 667 3795 gloriae
698 3710 868 3774 vindicans:
898 3709 1024 3774 Rhetor.
1048 3710 1082 3773 Π
1107 3713 1158 3775 22.
1194 3710 1308 3775 Verum
1332 3710 1444 3774 ideireo

437 3828 578 3893 Thetidis
616 3852 717 3914 preces
753 3837 1043 3908 commemorantur,
1079 3831 1151 3915 quia
1186 3854 1251 3894 eam
1286 3830 1445 3914 insiguiter
1550 3842 1552 3847 '

437 3948 560 4034 Jupiter
583 3949 711 4013 amavit:
736 3932 773 4013 ab
797 3949 901 4013 eadem
924 3950 1076 4014 Homerus
1099 3950 1183 4014 Jovis
1207 3950 1342 4014 animum
1365 3950 1446 4014 flecti

423 4068 577 4153 prodidit
601 4076 635 4132 ut
658 4069 738 4133 adsit
760 4069 832 4134 lorti
857 4071 920 4155 ejus
944 4069 1025 4146 filio,
1049 4069 1087 4134 H.
1112 4069 1129 4133 I
1153 4072 1234 4148 500,
1260 4068 1342 4133 ΧΙΠ
1366 4071 1444 4132 3501

440 4196 532 4272 atque
566 4188 632 4273 ipso
668 4210 703 4253 eo
738 4189 823 4266 loco,
859 4211 920 4274 quo
955 4190 1050 4253 iratus
1084 4188 1206 4273 Jupiter
1241 4187 1354 4252 Achilli
1382 4195 1444 4264 est,
1520 4190 1526 4204 “

440 4312 598 4392 propterea
628 4307 710 4393 quod
741 4308 904 4372 Hectorem
928 4331 989 4372 non
1013 4308 1169 4386 redderet,
1195 4309 1281 4371 sein
1304 4306 1445 4370 Hectoris

442 4448 567 4511 corpore
590 4427 736 4491 servando
760 4427 972 4491 consulturum
998 4451 1061 4492 esse
1085 4427 1214 4491 Achillis
1231 4427 1339 4491 honori
1355 4427 1446 4510 signi·

443 4546 530 4625 ficet,
562 4568 722 4611 memorem
755 4546 863 4610 auroris
894 4544 1048 4625 Thetidis,
1080 4545 1118 4610 Π.
1150 4544 1258 4609 XXIV
1272 4523 1355 4609 ι111.
1403 4546 1445 4611 At
1541 4584 1551 4601 ι
