3767 5534
1001 683 1019 741 6

499 877 561 942 illis
592 878 639 942 vel
655 878 808 943 'Isthmiis
838 880 1039 965 aequiparari.
1086 880 1135 945 Ibi
1166 904 1251 958 arae,
1276 881 1412 959 hostiae,
1438 882 1515 944 festa

500 996 636 1060 Deorum
668 1006 698 1060 et
729 997 848 1061 ludicra
879 975 1046 1063 certamina
1078 1000 1110 1062 in
1142 1000 1279 1063 Deorum
1307 1000 1453 1064 honorem
1478 999 1514 1063 ab

500 1116 644 1179 heroibus
675 1117 834 1181 instituta:
867 1118 911 1181 ibi
941 1118 1128 1204 populorum
1160 1141 1344 1195 concursuS,
1376 1120 1515 1203 gentium

501 1235 615 1312 honos,
648 1236 793 1299 Graeciae
823 1237 983 1300 vinculum
1010 1244 1041 1300 et
1065 1237 1191 1321 copula:
1217 1237 1260 1300 ibi
1283 1237 1391 1301 laudes
1415 1260 1432 1299 a
1455 1261 1516 1300 ma-

498 1353 617 1438 joribus
634 1362 738 1437 partae
754 1354 1005 1419 redundaverunt
1025 1355 1064 1418 ad
1079 1362 1233 1441 posteros:
1247 1355 1290 1419 ibi
1302 1364 1348 1419 est
1359 1355 1515 1419 excultum

500 1480 531 1537 et
554 1473 743 1557 expositum,
768 1473 920 1557 quidquid
943 1480 1126 1552 venustum,
1152 1475 1336 1559 gratiosum,
1357 1473 1512 1560 pulcrum,

499 1590 696 1677 splendidum
721 1591 849 1655 Graecia
871 1591 954 1655 tulit.
970 1592 1008 1674 ¹)¹
1040 1591 1090 1655 Ibi
1112 1593 1254 1655 victorias
1278 1591 1330 1655 ille
1355 1593 1515 1669 cecinerit,

498 1732 554 1774 uec
577 1710 684 1775 laudes
708 1711 844 1774 Deorum
868 1718 899 1775 et
922 1711 1050 1776 heroum
1075 1712 1125 1797 pie
1149 1711 1361 1788 celebraverit,
1385 1734 1440 1774 nec
1456 1734 1517 1773 ma·

494 1831 597 1915 jorum
628 1830 805 1914 patriaeque
836 1829 929 1894 decus
958 1829 1132 1893 ornaverit?
1167 1830 1226 1894 Ille
1249 1852 1350 1893 veram
1374 1829 1515 1907 laudem,

455 1925 457 1930 ,
498 1948 661 2026 virtutem,
686 1949 896 2012 aeternitatem
913 1948 1056 2012 siluerit?
1079 1948 1138 2012 Ille
1154 1970 1267 2034 cycnus
1284 1947 1382 2012 multa
1398 1948 1517 2012 levatus

411 2148 414 2156 Ι
500 2088 575 2129 aura
596 2088 660 2129 non
683 2064 760 2128 altos
783 2066 815 2128 in
839 2065 970 2129 nubium
994 2072 1110 2130 tractus
1134 2066 1323 2131 tetenderit?

544 2184 604 2248 Sed
634 2184 743 2249 merito
775 2207 846 2248 eum
877 2185 1016 2249 laudavit
1048 2186 1208 2251 Horatius.
1255 2184 1321 2250 Nos
1354 2193 1456 2249 autem
1480 2185 1517 2249 de

501 2305 566 2389 ejus
591 2305 742 2390 sapientia
765 2304 910 2389 scripturi
934 2328 1059 2383 sumna,
1083 2313 1119 2368 ut
1143 2328 1205 2389 qua
1228 2304 1265 2369 de
1281 2304 1349 2368 Diis
1366 2305 1518 2389 rebusque
1539 2312 1543 2320 '

502 2423 646 2487 humanis
671 2424 823 2487 sententia
845 2424 940 2487 suerit
963 2446 1167 2509 exponamur,
1185 2423 1317 2508 denique
1333 2433 1368 2487 ut
1385 2424 1518 2508 aliquam

502 2543 613 2607 mentis
643 2543 729 2606 illius
757 2543 885 2627 effigiem
910 2543 1092 2607 adumbrare
1117 2565 1279 2621 conemur,
1306 2565 1428 2627 quoquc
1450 2542 1519 2606 loeo

414 2645 416 2651 ¹
500 2662 565 2747 ejus
589 2662 738 2747 sapientia
761 2661 902 2727 habenda
925 2664 965 2725 sit
989 2661 1157 2726 ostendere.
1194 2661 1270 2725 Rem
1294 2662 1449 2726 difficilem
1470 2685 1519 2746 ag-

498 2779 672 2865 gradimur,
697 2780 750 2844 sed
774 2780 915 2845 lubenter
938 2779 1151 2865 aggredimur,
1177 2786 1337 2865 propterea
1357 2780 1441 2864 quod
1457 2802 1519 2844 non

499 2899 629 2964 facimus
662 2922 723 2983 quo
755 2921 811 2962 uos
842 2921 908 2962 eam
939 2906 1085 2983 putemus
1116 2900 1279 2983 perficere,
1313 2900 1366 2962 sed
1396 2906 1432 2962 ut
1455 2922 1521 2983 per·

500 3016 647 3081 ficiendae
668 3016 770 3081 studia
791 3017 993 3101 provehamur
1016 3024 1045 3081 et
1063 3018 1244 3081 incitemus:
1267 3016 1358 3081 simul
1379 3039 1466 3094 vero,
1484 3024 1520 3080 ut

500 3138 559 3200 hoc
573 3144 645 3200 tam
668 3136 822 3220 praeclaro
846 3158 880 3199 ac
905 3159 999 3221 prope
1022 3137 1127 3200 divino
1151 3137 1330 3201 Pindaricae
1354 3138 1519 3221 sapientiae

500 3254 639 3339 exemplo
671 3255 828 3340 proposito
855 3256 949 3318 unius
973 3278 1061 3319 verae
1085 3279 1119 3319 ac
1143 3256 1416 3320 solidae‘veritatis
1440 3278 1521 3320 amo·

499 3395 564 3436 rem
589 3380 619 3436 et
643 3372 877 3437 admirationem
901 3375 1160 3439 commendemus

534 3633 558 3693 1)
575 3633 611 3681 De
636 3632 747 3681 ludorum
771 3632 868 3681 illorum
892 3638 979 3682 natura
997 3632 1171 3696 elegantissime
1189 3648 1216 3681 ac
1234 3633 1371 3682 doctissime
1389 3632 1521 3697 disputavit

500 3727 525 3775 S.
543 3727 663 3775 Kaasrnn
680 3726 705 3775 in
726 3728 855 3790 specimine
873 3727 1016 3785 Pindarico,
1032 3744 1088 3791 paq.
1106 3729 1122 3775 t
1139 3743 1199 3791 seqq.
