3767 5534
913 722 977 784 311

439 921 543 986 eodem
566 923 709 1001 fortasse,
734 947 917 1009 quamquam
943 926 972 988 in
997 925 1056 988 alia
1080 925 1221 1010 regione,
1247 947 1357 991 nomen
1383 950 1445 1011 per·

439 1040 516 1104 tinet
545 1041 611 1125 ejus
639 1042 751 1105 montis
774 1043 805 1105 in
828 1042 1009 1107 occidentali
1039 1043 1158 1106 Africae
1181 1065 1251 1119 ora,
1277 1044 1329 1126 qui
1354 1044 1444 1109 hodie

437 1156 545 1243 Sagras
568 1159 753 1245 appellatur,
785 1184 883 1244 qnum-
903 1162 1075 1245 antiquitus
1105 1169 1182 1225 Θεῶν
1205 1161 1310 1242 ὅχημκ
1334 1162 1444 1226 dicere·

436 1283 504 1340 tur:
536 1276 697 1343 Hannonis
727 1279 837 1365 Peripl.
863 1279 897 1343 G.
924 1283 960 1343 8:
986 1279 1026 1343 Gt
1045 1280 1074 1343 J.
1099 1280 1139 1343 H.
1165 1279 1270 1343 Kroon
1294 1281 1326 1343 in
1354 1304 1445 1344 anno·

437 1396 551 1461 tatione
575 1397 613 1460 ad
636 1420 706 1462 cum
729 1398 838 1462 locum.
887 1402 990 1484 Atque
1013 1400 1045 1463 in
1070 1399 1200 1463 transitu
1224 1422 1441 1477 commemoro,

436 1522 515 1579 Θεῶν
548 1518 694 1597 ὀχήματα
728 1518 872 1602 appellari
907 1519 938 1582 in
963 1539 998 1582 eo
1026 1518 1151 1594 itinere,
1185 1540 1245 1601 qno
1268 1518 1374 1582 Jovem
1398 1520 1441 1583 dii

435 1644 608 1718 sequuntur
631 1638 888 1720 praestantissima
907 1637 1160 1722 contemplaturi,
1184 1637 1264 1721 apud
1285 1637 1442 1702 Platonem

435 1755 469 1818 iu
492 1754 645 1832 Phaedro,
672 1759 751 1834 247,
776 1757 805 1821 b.
852 1760 894 1820 At
917 1780 987 1821 vero
1012 1757 1099 1821 nobis
1118 1758 1182 1842 jam
1198 1765 1345 1820 terrarum
1362 1756 1442 1820 orbis

434 1874 479 1936 ita
503 1874 723 1959 pervestigatus
747 1883 792 1939 est
815 1884 846 1941 et
869 1876 1028 1961 cognitus,
1057 1885 1090 1940 ut
1113 1876 1251 1940 felicitati
1275 1898 1382 1939 aureae
1411 1877 1442 1939 in

435 2014 472 2055 eo
503 1992 607 2056 nullus
637 1994 721 2058 loeus
753 2017 817 2059 esse
849 1994 1001 2059 videatur:
1034 2017 1125 2078 quam
1150 2017 1260 2078 quum,
1285 1996 1371 2058 terris
1395 2018 1442 2058 ex.-

434 2111 565 2200 elnsam,
597 2122 697 2178 tamen
729 2114 849 2179 cuidam
878 2115 944 2178 loco
977 2114 1152 2178 adstrictam
1185 2115 1317 2198 cogitare
1341 2115 1442 2199 cupia-

434 2253 521 2308 mus,
542 2232 604 2316 jam
628 2255 689 2296 non
713 2234 816 2297 oceani
840 2234 974 2311 insulas,
998 2234 1051 2297 sed
1067 2243 1148 2297 astra
1163 2233 1239 2296 coeli
1256 2234 1441 2318 respicimus.

485 2355 555 2419 129.
590 2357 684 2423 νᾶσος.
720 2353 868 2437 Exempla
893 2353 1055 2417 attulimus
1072 2353 1104 2416 in
1120 2354 1200 2415 notis
1214 2343 1347 2416 criticis:
1373 2375 1443 2416 con·

432 2470 549 2533 feratur
582 2472 672 2534 etiam
707 2471 877 2549 Hesiodus,
913 2470 960 2535 Sc.
998 2469 1037 2535 H.
1075 2473 1138 2534 320
1175 2470 1216 2534 col
1248 2471 1272 2533 δ’
1295 2471 1442 2541 ὠκύποδας

433 2588 531 2665 λαγὸς
555 2588 644 2671 ᾕρευν.

486 2712 554 2773 134.
585 2707 653 2789 ὕδωρ
672 2709 697 2772 d’
716 2711 799 2773 ἄλλα
815 2710 927 2790 φέρβει.
961 2708 1032 2772 Non
1049 2710 1136 2772 flores
1154 2710 1261 2773 marini
1278 2709 1440 2793 significari

434 2826 594 2904 videntur,
619 2850 723 2890 verum
747 2828 778 2891 in
802 2828 875 2912 ipsis
900 2828 973 2911 ripis
997 2828 1148 2890 florentes.

485 2948 555 3009 136.
590 2947 755 3026 στεφάνοις.
787 2946 861 3010 Fere
884 2946 946 3023 illi,
972 2947 1022 3030 qui
1048 2947 1126 3010 hano
1150 2946 1330 3029 scripturam
1354 2951 1440 3008 tuen·

434 3073 503 3141 tur,
536 3065 574 3129 ad
604 3065 788 3129 vocabulum
815 3063 970 3147 στεφάνοις
993 3063 1227 3149 intelligendum
1250 3068 1362 3148 putant
1384 3065 1440 3134 adr

433 3183 582 3265 κεφαλάς.
629 3182 693 3247 Nec
725 3184 810 3247 valde
846 3207 960 3268 pugno.
1007 3183 1048 3247 nt
1079 3193 1179 3247 tamen
1211 3181 1317 3258 crede,
1350 3181 1440 3244 verbo

433 3303 611 3366 ἄνκπλέκειν
638 3302 695 3365 hoc
726 3301 793 3365 loco
816 3325 876 3365 non
902 3303 1064 3386 significari
1095 3302 1192 3386 ipsam
1218 3299 1362 3375 ornandi,
1388 3299 1439 3362 sed

436 3423 617 3487 redimiendi
640 3445 772 3509 operam.
808 3423 963 3500 Fortasse,
989 3423 1014 3485 si
1030 3427 1244 3504 στεφανοῦνται
1261 3421 1441 3505 significare·

434 3554 502 3619 tur,
532 3549 565 3604 ut
587 3541 654 3605 vult
677 3541 840 3605 scholiasta
861 3550 966 3618 vetus,
991 3541 1138 3626 scriptum
1162 3539 1239 3602 foret
1262 3540 1439 3603 domandaru-

434 3685 494 3725 ται.
526 3660 656 3724 Videtur
678 3661 773 3745 igitur
793 3660 973 3745 decerpendi
992 3661 1080 3724 flores
1100 3670 1129 3723 et
1150 3658 1349 3722 connectendi
1369 3681 1441 3741 gau-

435 3779 522 3843 dium
545 3780 717 3864 significari.

485 3901 556 3961 138.
593 3898 663 3962 Non
688 3923 723 3963 ea
745 3899 812 3962 loca
827 3899 976 3962 cernimus
993 3921 1103 3962 nomen
1122 3894 1330 3960 tantummodo
1347 3894 1440 3958 Croni

435 4018 594 4095 habuisse,
627 4041 681 4082 nec
713 4017 847 4081 Cronum
870 4017 913 4081 ibi
936 4016 1133 4093 dormivisse,
1158 4022 1194 4080 ut
1217 4014 1298 4098 apud
1317 4013 1440 4096 ,Plutar-

437 4136 530 4200 chum
559 4137 690 4202 traditur
718 4138 750 4200 in
774 4159 808 4201 ea
836 4137 1007 4213 mentione,
1040 4158 1131 4219 quam
1156 4134 1193 4197 ad
1218 4157 1250 4196 vs
1278 4135 1338 4194 126
1363 4155 1456 4196 com--

438 4258 616 4320 memoravi:
649 4257 699 4320 sed
732 4257 796 4340 ipse
828 4256 947 4319 Orouus
970 4263 1087 4340 praeest
1111 4254 1268 4318 beatorum
1293 4250 1439 4315 felicitati.

439 4376 504 4440 Neo
537 4377 791 4462 praetereundum
825 4390 887 4455 est,
924 4376 1076 4462 quomodo
1112 4375 1193 4460 apud
1226 4373 1385 4436 Platonem
1407 4371 1438 4433 in

439 4496 546 4559 itinere
577 4495 699 4559 coelesti
728 4496 792 4580 ipsa
818 4497 957 4581 justitiae
988 4504 1018 4559 et
1048 4494 1182 4559 veritatis
1205 4493 1349 4557 landatur
1373 4513 1441 4554 con·
