<?xml version="1.0" encoding="UTF-8"?>
<!DOCTYPE html PUBLIC "-//W3C//DTD XHTML 1.0 Transitional//EN"
    "http://www.w3.org/TR/xhtml1/DTD/xhtml1-transitional.dtd">
<html xmlns="http://www.w3.org/1999/xhtml" xml:lang="en" lang="en">
 <head>
  <title>
</title>
<meta http-equiv="Content-Type" content="text/html;charset=utf-8" />
  <meta name='ocr-system' content='tesseract 3.04.00' />
  <meta name='ocr-capabilities' content='ocr_page ocr_carea ocr_par ocr_line ocrx_word'/>
</head>
<body>
  <div class='ocr_page' id='page_1' title='image "./pindaricarminao00pindgoog_0497.png"; bbox 0 0 3767 5534; ppageno 0'>
   <div class='ocr_carea' id='block_1_1' title="bbox 912 698 978 757">
    <p class='ocr_par' dir='ltr' id='par_1_1' title="bbox 912 698 978 757">
     <span class='ocr_line' id='line_1_1' title="bbox 912 698 978 757; baseline 0 0"><span class='ocrx_word' id='word_1_1' title='bbox 912 698 978 757; x_wconf 81' lang='lat'><strong>416</strong></span> 
     </span>
    </p>
   </div>
   <div class='ocr_carea' id='block_1_2' title="bbox 359 895 1524 4404">
    <p class='ocr_par' dir='ltr' id='par_1_2' title="bbox 435 895 1466 1693">
     <span class='ocr_line' id='line_1_2' title="bbox 436 895 1457 982; baseline -0.002 -22"><span class='ocrx_word' id='word_1_2' title='bbox 436 897 552 962; x_wconf 82' lang='lat' dir='ltr'><strong>leretur</strong></span> <span class='ocrx_word' id='word_1_3' title='bbox 581 898 631 961; x_wconf 92' lang='lat' dir='ltr'><strong>hic</strong></span> <span class='ocrx_word' id='word_1_4' title='bbox 654 920 671 961; x_wconf 91' lang='lat' dir='ltr'><strong>a</strong></span> <span class='ocrx_word' id='word_1_5' title='bbox 694 897 837 961; x_wconf 85' lang='lat' dir='ltr'><strong>Pindaro.</strong></span> <span class='ocrx_word' id='word_1_6' title='bbox 885 896 1012 973; x_wconf 87' lang='lat' dir='ltr'><strong>Strabo,</strong></span> <span class='ocrx_word' id='word_1_7' title='bbox 1036 895 1073 959; x_wconf 89' lang='lat' dir='ltr'><strong>L.</strong></span> <span class='ocrx_word' id='word_1_8' title='bbox 1099 895 1177 960; x_wconf 88' lang='lat' dir='ltr'><strong>XIV</strong></span> <span class='ocrx_word' id='word_1_9' title='bbox 1201 920 1229 982; x_wconf 92' lang='lat' dir='ltr'><strong>p.</strong></span> <span class='ocrx_word' id='word_1_10' title='bbox 1256 899 1319 960; x_wconf 86' lang='grc'><strong>651</strong></span> <span class='ocrx_word' id='word_1_11' title='bbox 1344 918 1457 960; x_wconf 88' lang='lat' dir='ltr'><strong>memo·</strong></span> 
     </span>
     <span class='ocr_line' id='line_1_3' title="bbox 437 1014 1457 1099; baseline -0.002 -20"><span class='ocrx_word' id='word_1_12' title='bbox 437 1026 485 1079; x_wconf 87' lang='lat' dir='ltr'><strong>rat</strong></span> <span class='ocrx_word' id='word_1_13' title='bbox 518 1017 570 1088; x_wconf 68' lang='grc' dir='ltr'><strong>τὴν</strong></span> <span class='ocrx_word' id='word_1_14' title='bbox 604 1016 712 1079; x_wconf 74' lang='grc' dir='ltr'><em>Ῥοδίων</em></span> <span class='ocrx_word' id='word_1_15' title='bbox 746 1015 886 1093; x_wconf 81' lang='grc' dir='ltr'><em>περαίαν,</em></span> <span class='ocrx_word' id='word_1_16' title='bbox 916 1015 1004 1099; x_wconf 90' lang='lat' dir='ltr'><strong>cujus</strong></span> <span class='ocrx_word' id='word_1_17' title='bbox 1036 1014 1160 1078; x_wconf 89' lang='lat' dir='ltr'><strong>initium</strong></span> <span class='ocrx_word' id='word_1_18' title='bbox 1191 1014 1283 1077; x_wconf 81' lang='lat' dir='ltr'><strong>luerit</strong></span> <span class='ocrx_word' id='word_1_19' title='bbox 1315 1014 1347 1077; x_wconf 93' lang='lat' dir='ltr'><strong>in</strong></span> <span class='ocrx_word' id='word_1_20' title='bbox 1380 1014 1457 1078; x_wconf 90' lang='lat' dir='ltr'><strong>urbe</strong></span> 
     </span>
     <span class='ocr_line' id='line_1_4' title="bbox 438 1104 1456 1211; baseline -0.001 -14"><span class='ocrx_word' id='word_1_21' title='bbox 438 1134 597 1211; x_wconf 83' lang='lat' dir='ltr'><strong>Daedalis,</strong></span> <span class='ocrx_word' id='word_1_22' title='bbox 631 1135 699 1198; x_wconf 84' lang='lat' dir='ltr'><strong>linis</strong></span> <span class='ocrx_word' id='word_1_23' title='bbox 729 1134 762 1197; x_wconf 95' lang='lat' dir='ltr'><strong>in</strong></span> <span class='ocrx_word' id='word_1_24' title='bbox 793 1141 896 1197; x_wconf 87' lang='lat' dir='ltr'><strong>monta</strong></span> <span class='ocrx_word' id='word_1_25' title='bbox 929 1104 1100 1211; x_wconf 90' lang='lat' dir='ltr'><strong>Phoenice,</strong></span> <span class='ocrx_word' id='word_1_26' title='bbox 1132 1132 1261 1195; x_wconf 89' lang='lat' dir='ltr'><strong>circuitu</strong></span> <span class='ocrx_word' id='word_1_27' title='bbox 1286 1132 1456 1197; x_wconf 89' lang='lat' dir='ltr'><strong>stadiorum</strong></span> 
     </span>
     <span class='ocr_line' id='line_1_5' title="bbox 437 1252 1457 1339; baseline 0 -22"><span class='ocrx_word' id='word_1_28' title='bbox 437 1253 520 1317; x_wconf 88' lang='lat' dir='ltr'><strong>mille</strong></span> <span class='ocrx_word' id='word_1_29' title='bbox 552 1262 583 1318; x_wconf 90' lang='lat' dir='ltr'><strong>et</strong></span> <span class='ocrx_word' id='word_1_30' title='bbox 613 1255 862 1339; x_wconf 86' lang='lat' dir='ltr'><strong>quingentorum.</strong></span> <span class='ocrx_word' id='word_1_31' title='bbox 910 1252 1000 1316; x_wconf 88' lang='lat' dir='ltr'><strong>Hanc</strong></span> <span class='ocrx_word' id='word_1_32' title='bbox 1023 1252 1166 1317; x_wconf 80' lang='lat' dir='ltr'><strong>Peraeam</strong></span> <span class='ocrx_word' id='word_1_33' title='bbox 1191 1252 1248 1316; x_wconf 83' lang='lat' dir='ltr'><strong>boc</strong></span> <span class='ocrx_word' id='word_1_34' title='bbox 1271 1252 1340 1317; x_wconf 90' lang='lat' dir='ltr'><strong>loeo</strong></span> <span class='ocrx_word' id='word_1_35' title='bbox 1363 1254 1457 1338; x_wconf 89' lang='lat' dir='ltr'><strong>sigui·</strong></span> 
     </span>
     <span class='ocr_line' id='line_1_6' title="bbox 435 1362 1466 1436; baseline -0.001 0"><span class='ocrx_word' id='word_1_36' title='bbox 435 1373 518 1436; x_wconf 87' lang='lat' dir='ltr'><strong>ficari</strong></span> <span class='ocrx_word' id='word_1_37' title='bbox 534 1372 710 1436; x_wconf 82' lang='lat' dir='ltr'><strong>Boeclrhius</strong></span> <span class='ocrx_word' id='word_1_38' title='bbox 727 1371 902 1436; x_wconf 77' lang='lat' dir='ltr'><strong>arbitratur.</strong></span> <span class='ocrx_word' id='word_1_39' title='bbox 927 1370 1022 1435; x_wconf 89' lang='lat' dir='ltr'><strong>Haud</strong></span> <span class='ocrx_word' id='word_1_40' title='bbox 1039 1371 1241 1435; x_wconf 89' lang='lat' dir='ltr'><strong>incommoda.</strong></span> <span class='ocrx_word' id='word_1_41' title='bbox 1259 1370 1378 1435; x_wconf 81' lang='lat' dir='ltr'><strong>Varum</strong></span> <span class='ocrx_word' id='word_1_42' title='bbox 1388 1362 1466 1435; x_wconf 58' lang='lat' dir='ltr'><strong>uni?</strong></span> 
     </span>
     <span class='ocr_line' id='line_1_7' title="bbox 437 1488 1454 1574; baseline -0.001 -22"><span class='ocrx_word' id='word_1_43' title='bbox 437 1512 523 1553; x_wconf 89' lang='lat' dir='ltr'><strong>verse</strong></span> <span class='ocrx_word' id='word_1_44' title='bbox 546 1489 631 1553; x_wconf 93' lang='lat' dir='ltr'><strong>illam</strong></span> <span class='ocrx_word' id='word_1_45' title='bbox 652 1490 805 1573; x_wconf 90' lang='lat' dir='ltr'><strong>regionem</strong></span> <span class='ocrx_word' id='word_1_46' title='bbox 831 1490 1004 1554; x_wconf 85' lang='lat' dir='ltr'><strong>inferiorem</strong></span> <span class='ocrx_word' id='word_1_47' title='bbox 1017 1490 1109 1553; x_wconf 88' lang='lat' dir='ltr'><strong>Asiae</strong></span> <span class='ocrx_word' id='word_1_48' title='bbox 1121 1490 1285 1574; x_wconf 88' lang='lat' dir='ltr'><strong>significari</strong></span> <span class='ocrx_word' id='word_1_49' title='bbox 1298 1488 1454 1567; x_wconf 79' lang='lat' dir='ltr'><strong>existimo,</strong></span> 
     </span>
     <span class='ocr_line' id='line_1_8' title="bbox 435 1606 1198 1693; baseline 0 -21"><span class='ocrx_word' id='word_1_50' title='bbox 435 1630 513 1692; x_wconf 87' lang='lat' dir='ltr'><strong>quae</strong></span> <span class='ocrx_word' id='word_1_51' title='bbox 537 1606 657 1671; x_wconf 86' lang='lat' dir='ltr'><strong>Cariam</strong></span> <span class='ocrx_word' id='word_1_52' title='bbox 681 1614 712 1671; x_wconf 93' lang='lat' dir='ltr'><strong>et</strong></span> <span class='ocrx_word' id='word_1_53' title='bbox 734 1606 846 1692; x_wconf 84' lang='lat' dir='ltr'><strong>Lyciae</strong></span> <span class='ocrx_word' id='word_1_54' title='bbox 869 1616 987 1693; x_wconf 89' lang='lat' dir='ltr'><strong>partem</strong></span> <span class='ocrx_word' id='word_1_55' title='bbox 1011 1608 1198 1672; x_wconf 87' lang='lat' dir='ltr'><strong>continebat.</strong></span> 
     </span>
    </p>

    <p class='ocr_par' dir='ltr' id='par_1_3' title="bbox 431 1703 1524 2988">
     <span class='ocr_line' id='line_1_9' title="bbox 478 1724 1524 1811; baseline -0.002 -21"><span class='ocrx_word' id='word_1_56' title='bbox 478 1729 592 1811; x_wconf 76' lang='grc' dir='ltr'><em>αἰχμᾷ.</em></span> <span class='ocrx_word' id='word_1_57' title='bbox 626 1724 698 1790; x_wconf 93' lang='lat' dir='ltr'><strong>Non</strong></span> <span class='ocrx_word' id='word_1_58' title='bbox 715 1725 836 1790; x_wconf 92' lang='lat' dir='ltr'><strong>hostilis</strong></span> <span class='ocrx_word' id='word_1_59' title='bbox 853 1727 970 1790; x_wconf 85' lang='lat' dir='ltr'><strong>invasio</strong></span> <span class='ocrx_word' id='word_1_60' title='bbox 987 1727 1194 1811; x_wconf 86' lang='lat' dir='ltr'><strong>significatur,</strong></span> <span class='ocrx_word' id='word_1_61' title='bbox 1215 1726 1266 1789; x_wconf 90' lang='lat' dir='ltr'><strong>sed</strong></span> <span class='ocrx_word' id='word_1_62' title='bbox 1284 1725 1454 1790; x_wconf 87' lang='lat' dir='ltr'><strong>multitudo</strong></span> <span class='ocrx_word' id='word_1_63' title='bbox 1518 1747 1524 1762; x_wconf 84' lang='lat'><strong>·</strong></span> 
     </span>
     <span class='ocr_line' id='line_1_10' title="bbox 435 1844 1451 1930; baseline 0.001 -23"><span class='ocrx_word' id='word_1_64' title='bbox 435 1845 584 1922; x_wconf 85' lang='lat' dir='ltr'><strong>virorum,</strong></span> <span class='ocrx_word' id='word_1_65' title='bbox 610 1846 664 1928; x_wconf 91' lang='lat' dir='ltr'><strong>qui</strong></span> <span class='ocrx_word' id='word_1_66' title='bbox 686 1867 755 1907; x_wconf 90' lang='lat' dir='ltr'><strong>cum</strong></span> <span class='ocrx_word' id='word_1_67' title='bbox 771 1844 949 1929; x_wconf 83' lang='lat' dir='ltr'>Tlepolemo</span> <span class='ocrx_word' id='word_1_68' title='bbox 964 1844 1111 1929; x_wconf 88' lang='lat' dir='ltr'><strong>Tirynthe</strong></span> <span class='ocrx_word' id='word_1_69' title='bbox 1129 1845 1243 1930; x_wconf 85' lang='lat' dir='ltr'><strong>Argiva</strong></span> <span class='ocrx_word' id='word_1_70' title='bbox 1258 1846 1291 1909; x_wconf 93' lang='lat' dir='ltr'><strong>in</strong></span> <span class='ocrx_word' id='word_1_71' title='bbox 1307 1844 1451 1908; x_wconf 82' lang='lat' dir='ltr'><strong>Rhodum</strong></span> 
     </span>
     <span class='ocr_line' id='line_1_11' title="bbox 434 1962 1451 2070; baseline 0.001 -45"><span class='ocrx_word' id='word_1_72' title='bbox 434 1971 594 2070; x_wconf 59' lang='lat' dir='ltr'><strong>venerant&#39;:</strong></span> <span class='ocrx_word' id='word_1_73' title='bbox 627 1970 812 2027; x_wconf 89' lang='lat' dir='ltr'><strong>memoratur</strong></span> <span class='ocrx_word' id='word_1_74' title='bbox 843 1986 877 2027; x_wconf 86' lang='lat' dir='ltr'><strong>vs</strong></span> <span class='ocrx_word' id='word_1_75' title='bbox 910 1966 950 2025; x_wconf 81' lang='lat'><strong>59</strong></span> <span class='ocrx_word' id='word_1_76' title='bbox 982 1985 1044 2026; x_wconf 91' lang='lat' dir='ltr'><strong>non</strong></span> <span class='ocrx_word' id='word_1_77' title='bbox 1075 1963 1140 2035; x_wconf 83' lang='grc' dir='ltr'><em>ναὸς</em></span> <span class='ocrx_word' id='word_1_78' title='bbox 1172 1962 1225 2034; x_wconf 85' lang='lat' dir='ltr'><strong>sed</strong></span> <span class='ocrx_word' id='word_1_79' title='bbox 1256 1969 1329 2027; x_wconf 78' lang='grc' dir='ltr'><em>ναῶν</em></span> <span class='ocrx_word' id='word_1_80' title='bbox 1353 1965 1451 2033; x_wconf 72' lang='grc' dir='ltr'><em>πλόος.</em></span> 
     </span>
     <span class='ocr_line' id='line_1_12' title="bbox 432 2079 1452 2165; baseline 0.001 -23"><span class='ocrx_word' id='word_1_81' title='bbox 432 2079 573 2144; x_wconf 79' lang='lat' dir='ltr'><strong>Fortasse</strong></span> <span class='ocrx_word' id='word_1_82' title='bbox 597 2080 646 2144; x_wconf 91' lang='lat' dir='ltr'><strong>hic</strong></span> <span class='ocrx_word' id='word_1_83' title='bbox 669 2081 701 2143; x_wconf 92' lang='lat' dir='ltr'><strong>in</strong></span> <span class='ocrx_word' id='word_1_84' title='bbox 725 2103 862 2145; x_wconf 86' lang='lat' dir='ltr'><strong>sermone</strong></span> <span class='ocrx_word' id='word_1_85' title='bbox 886 2080 1003 2144; x_wconf 86' lang='lat' dir='ltr'><strong>Graeco</strong></span> <span class='ocrx_word' id='word_1_86' title='bbox 1027 2104 1102 2144; x_wconf 88' lang='lat' dir='ltr'><strong>usus</strong></span> <span class='ocrx_word' id='word_1_87' title='bbox 1118 2082 1248 2158; x_wconf 87' lang='lat' dir='ltr'><strong>mansit,</strong></span> <span class='ocrx_word' id='word_1_88' title='bbox 1265 2088 1301 2144; x_wconf 91' lang='lat' dir='ltr'><strong>ut</strong></span> <span class='ocrx_word' id='word_1_89' title='bbox 1316 2080 1452 2165; x_wconf 93' lang='lat' dir='ltr'><strong>populus</strong></span> 
     </span>
     <span class='ocr_line' id='line_1_13' title="bbox 433 2197 1451 2284; baseline 0 -23"><span class='ocrx_word' id='word_1_90' title='bbox 433 2198 523 2261; x_wconf 86' lang='lat' dir='ltr'><strong>ctiam</strong></span> <span class='ocrx_word' id='word_1_91' title='bbox 554 2198 679 2274; x_wconf 75' lang='grc' dir='ltr'><em>στρατός</em></span> <span class='ocrx_word' id='word_1_92' title='bbox 712 2199 932 2284; x_wconf 87' lang='lat' dir='ltr'><strong>appellaretur,</strong></span> <span class='ocrx_word' id='word_1_93' title='bbox 962 2199 1045 2262; x_wconf 87' lang='lat' dir='ltr'><strong>velut</strong></span> <span class='ocrx_word' id='word_1_94' title='bbox 1069 2197 1119 2261; x_wconf 93' lang='lat' dir='ltr'><strong>Ol.</strong></span> <span class='ocrx_word' id='word_1_95' title='bbox 1145 2197 1173 2258; x_wconf 87' lang='lat' dir='ltr'><strong>V</strong></span> <span class='ocrx_word' id='word_1_96' title='bbox 1197 2200 1257 2274; x_wconf 77' lang='lat'><strong>28,</strong></span> <span class='ocrx_word' id='word_1_97' title='bbox 1283 2198 1356 2281; x_wconf 91' lang='lat' dir='ltr'><strong>quia</strong></span> <span class='ocrx_word' id='word_1_98' title='bbox 1371 2198 1451 2261; x_wconf 83' lang='lat' dir='ltr'><strong>olim</strong></span> 
     </span>
     <span class='ocr_line' id='line_1_14' title="bbox 435 2316 1452 2396; baseline 0 -16"><span class='ocrx_word' id='word_1_99' title='bbox 435 2316 543 2380; x_wconf 85' lang='lat' dir='ltr'><strong>Graeci</strong></span> <span class='ocrx_word' id='word_1_100' title='bbox 575 2316 658 2380; x_wconf 91' lang='lat' dir='ltr'><strong>soliti</strong></span> <span class='ocrx_word' id='word_1_101' title='bbox 685 2318 800 2381; x_wconf 86' lang='lat' dir='ltr'><strong>fuerint</strong></span> <span class='ocrx_word' id='word_1_102' title='bbox 823 2339 905 2381; x_wconf 84' lang='lat' dir='ltr'><strong>arma</strong></span> <span class='ocrx_word' id='word_1_103' title='bbox 928 2317 1023 2381; x_wconf 85' lang='lat' dir='ltr'><strong>ferre:</strong></span> <span class='ocrx_word' id='word_1_104' title='bbox 1049 2322 1135 2381; x_wconf 72' lang='grc' dir='ltr'><strong>σοῖσα</strong></span> <span class='ocrx_word' id='word_1_105' title='bbox 1159 2320 1175 2392; x_wconf 74' lang='grc' dir='ltr'><strong><em>ἡ</em></strong></span> <span class='ocrx_word' id='word_1_106' title='bbox 1198 2318 1311 2387; x_wconf 74' lang='grc' dir='ltr'><em>Ἑλλὰς</em></span> <span class='ocrx_word' id='word_1_107' title='bbox 1334 2317 1452 2396; x_wconf 73' lang='grc' dir='ltr'><em>ἐσιδηρο-</em></span> 
     </span>
     <span class='ocr_line' id='line_1_15' title="bbox 432 2432 1450 2517; baseline 0.001 -19"><span class='ocrx_word' id='word_1_108' title='bbox 432 2435 531 2517; x_wconf 81' lang='grc' dir='ltr'><em>φόρει,</em></span> <span class='ocrx_word' id='word_1_109' title='bbox 555 2435 604 2498; x_wconf 76' lang='grc' dir='ltr'><strong>καὶ</strong></span> <span class='ocrx_word' id='word_1_110' title='bbox 628 2434 729 2510; x_wconf 71' lang='grc' dir='ltr'><em>ξυνήθη</em></span> <span class='ocrx_word' id='word_1_111' title='bbox 753 2436 805 2509; x_wconf 67' lang='grc' dir='ltr'><strong>σὺν</strong></span> <span class='ocrx_word' id='word_1_112' title='bbox 828 2436 942 2499; x_wconf 78' lang='grc' dir='ltr'><em>διἀισαν</em></span> <span class='ocrx_word' id='word_1_113' title='bbox 962 2435 1026 2511; x_wconf 77' lang='grc' dir='ltr'><strong>μεθ’</strong></span> <span class='ocrx_word' id='word_1_114' title='bbox 1045 2432 1141 2500; x_wconf 71' lang='grc' dir='ltr'><em>ἔνιλων</em></span> <span class='ocrx_word' id='word_1_115' title='bbox 1153 2436 1339 2510; x_wconf 74' lang='grc' dir='ltr'><em>ἐποιήσαντο,</em></span> <span class='ocrx_word' id='word_1_116' title='bbox 1352 2433 1450 2499; x_wconf 90' lang='lat' dir='ltr'><strong>Thuc.</strong></span> 
     </span>
     <span class='ocr_line' id='line_1_16' title="bbox 434 2543 1452 2636; baseline 0 -21"><span class='ocrx_word' id='word_1_117' title='bbox 434 2551 452 2615; x_wconf 93' lang='lat' dir='ltr'>I</span> <span class='ocrx_word' id='word_1_118' title='bbox 477 2555 506 2615; x_wconf 87' lang='grc'><strong>6.</strong></span> <span class='ocrx_word' id='word_1_119' title='bbox 553 2550 643 2615; x_wconf 80' lang='lat' dir='ltr'><strong>Certe</strong></span> <span class='ocrx_word' id='word_1_120' title='bbox 673 2551 843 2636; x_wconf 80' lang='lat' dir='ltr'><strong>Tlepolemi</strong></span> <span class='ocrx_word' id='word_1_121' title='bbox 874 2553 1000 2616; x_wconf 87' lang='lat' dir='ltr'><strong>comites</strong></span> <span class='ocrx_word' id='word_1_122' title='bbox 1032 2553 1161 2616; x_wconf 89' lang='lat' dir='ltr'><strong>inermes</strong></span> <span class='ocrx_word' id='word_1_123' title='bbox 1193 2552 1287 2615; x_wconf 85' lang='lat' dir='ltr'><strong>fuisse</strong></span> <span class='ocrx_word' id='word_1_124' title='bbox 1309 2573 1372 2615; x_wconf 92' lang='lat' dir='ltr'><strong>non</strong></span> <span class='ocrx_word' id='word_1_125' title='bbox 1397 2543 1452 2635; x_wconf 88' lang='lat' dir='ltr'><strong>pu·</strong></span> 
     </span>
     <span class='ocr_line' id='line_1_17' title="bbox 431 2669 1450 2734; baseline 0 -2"><span class='ocrx_word' id='word_1_126' title='bbox 431 2670 519 2734; x_wconf 90' lang='lat' dir='ltr'><strong>tandi</strong></span> <span class='ocrx_word' id='word_1_127' title='bbox 549 2679 631 2734; x_wconf 87' lang='lat' dir='ltr'><strong>sunt.</strong></span> <span class='ocrx_word' id='word_1_128' title='bbox 679 2669 823 2734; x_wconf 84' lang='lat' dir='ltr'><strong>Ceterum</strong></span> <span class='ocrx_word' id='word_1_129' title='bbox 855 2671 893 2733; x_wconf 91' lang='lat' dir='ltr'><strong>de</strong></span> <span class='ocrx_word' id='word_1_130' title='bbox 917 2679 1103 2734; x_wconf 85' lang='lat' dir='ltr'><strong>armatorum</strong></span> <span class='ocrx_word' id='word_1_131' title='bbox 1126 2669 1327 2734; x_wconf 88' lang='lat' dir='ltr'><strong>multitudine</strong></span> <span class='ocrx_word' id='word_1_132' title='bbox 1351 2669 1450 2732; x_wconf 91' lang='lat' dir='ltr'><strong>simile</strong></span> 
     </span>
     <span class='ocr_line' id='line_1_18' title="bbox 431 2786 1485 2873; baseline -0.003 -22"><span class='ocrx_word' id='word_1_133' title='bbox 431 2796 477 2852; x_wconf 89' lang='lat' dir='ltr'><strong>est</strong></span> <span class='ocrx_word' id='word_1_134' title='bbox 507 2788 590 2873; x_wconf 89' lang='lat' dir='ltr'><strong>apud</strong></span> <span class='ocrx_word' id='word_1_135' title='bbox 613 2787 869 2873; x_wconf 85' lang='lat' dir='ltr'><strong>Xenophontem,</strong></span> <span class='ocrx_word' id='word_1_136' title='bbox 894 2788 993 2852; x_wconf 86' lang='lat' dir='ltr'><strong>Anah.</strong></span> <span class='ocrx_word' id='word_1_137' title='bbox 1018 2786 1055 2850; x_wconf 85' lang='lat' dir='ltr'><strong>L.</strong></span> <span class='ocrx_word' id='word_1_138' title='bbox 1079 2788 1096 2851; x_wconf 89' lang='grc' dir='ltr'>Ι</span> <span class='ocrx_word' id='word_1_139' title='bbox 1120 2787 1154 2851; x_wconf 79' lang='lat' dir='ltr'><strong>(i.</strong></span> <span class='ocrx_word' id='word_1_140' title='bbox 1179 2786 1245 2851; x_wconf 84' lang='lat' dir='ltr'><strong>VII</strong></span> <span class='ocrx_word' id='word_1_141' title='bbox 1274 2790 1310 2852; x_wconf 78' lang='lat'><strong>10</strong></span> <span class='ocrx_word' id='word_1_142' title='bbox 1336 2788 1450 2865; x_wconf 72' lang='grc' dir='ltr'><em>ἐγένετο</em></span> <span class='ocrx_word' id='word_1_143' title='bbox 1482 2841 1485 2848; x_wconf 96' lang='grc'>.</span> 
     </span>
     <span class='ocr_line' id='line_1_19' title="bbox 431 2906 1164 2988; baseline 0 -16"><span class='ocrx_word' id='word_1_144' title='bbox 431 2913 486 2972; x_wconf 77' lang='grc' dir='ltr'><strong>τῶν</strong></span> <span class='ocrx_word' id='word_1_145' title='bbox 509 2909 655 2982; x_wconf 72' lang='grc' dir='ltr'><em>Ἑλλήνων</em></span> <span class='ocrx_word' id='word_1_146' title='bbox 678 2906 770 2978; x_wconf 69' lang='lat' dir='ltr'><strong>aionis</strong></span> <span class='ocrx_word' id='word_1_147' title='bbox 794 2908 884 2988; x_wconf 80' lang='grc' dir='ltr'><em>μυρία</em></span> <span class='ocrx_word' id='word_1_148' title='bbox 906 2906 957 2972; x_wconf 73' lang='grc' dir='ltr'><strong>καὶ</strong></span> <span class='ocrx_word' id='word_1_149' title='bbox 980 2908 1164 2988; x_wconf 76' lang='grc' dir='ltr'><em>τετρακοσία.</em></span> 
     </span>
    </p>

    <p class='ocr_par' dir='ltr' id='par_1_4' title="bbox 432 3022 1449 3443">
     <span class='ocr_line' id='line_1_20' title="bbox 477 3022 1449 3110; baseline -0.003 -21"><span class='ocrx_word' id='word_1_150' title='bbox 477 3028 529 3089; x_wconf 85' lang='grc'><strong>36.</strong></span> <span class='ocrx_word' id='word_1_151' title='bbox 565 3033 664 3090; x_wconf 82' lang='grc' dir='ltr'><em>σοῖσιν.</em></span> <span class='ocrx_word' id='word_1_152' title='bbox 700 3024 838 3089; x_wconf 79' lang='lat' dir='ltr'><strong>Relativc</strong></span> <span class='ocrx_word' id='word_1_153' title='bbox 870 3026 1006 3110; x_wconf 87' lang='lat' dir='ltr'><strong>positum</strong></span> <span class='ocrx_word' id='word_1_154' title='bbox 1035 3034 1090 3089; x_wconf 88' lang='lat' dir='ltr'><strong>est.</strong></span> <span class='ocrx_word' id='word_1_155' title='bbox 1138 3024 1269 3088; x_wconf 85' lang='lat' dir='ltr'><strong>Dativus</strong></span> <span class='ocrx_word' id='word_1_156' title='bbox 1294 3022 1449 3108; x_wconf 92' lang='lat' dir='ltr'><strong>pendeta</strong></span> 
     </span>
     <span class='ocr_line' id='line_1_21' title="bbox 432 3141 1449 3227; baseline -0.006 -19"><span class='ocrx_word' id='word_1_157' title='bbox 432 3143 592 3226; x_wconf 70' lang='grc' dir='ltr'><em>διορθῶσαι,</em></span> <span class='ocrx_word' id='word_1_158' title='bbox 626 3144 659 3207; x_wconf 90' lang='lat' dir='ltr'><strong>in</strong></span> <span class='ocrx_word' id='word_1_159' title='bbox 688 3142 835 3206; x_wconf 89' lang='lat' dir='ltr'><strong>honorem</strong></span> <span class='ocrx_word' id='word_1_160' title='bbox 859 3165 965 3206; x_wconf 88' lang='lat' dir='ltr'><strong>eorum</strong></span> <span class='ocrx_word' id='word_1_161' title='bbox 989 3145 1117 3227; x_wconf 84' lang='lat' dir='ltr'><strong>erigam:</strong></span> <span class='ocrx_word' id='word_1_162' title='bbox 1141 3143 1303 3220; x_wconf 73' lang='grc' dir='ltr'><em>οὶννέλλων</em></span> <span class='ocrx_word' id='word_1_163' title='bbox 1327 3141 1449 3224; x_wconf 88' lang='lat' dir='ltr'><strong>copiose</strong></span> 
     </span>
     <span class='ocr_line' id='line_1_22' title="bbox 433 3257 1446 3345; baseline -0.005 -21"><span class='ocrx_word' id='word_1_164' title='bbox 433 3261 576 3339; x_wconf 87' lang='lat' dir='ltr'><strong>additur,</strong></span> <span class='ocrx_word' id='word_1_165' title='bbox 608 3261 706 3324; x_wconf 87' lang='lat' dir='ltr'><strong>famae</strong></span> <span class='ocrx_word' id='word_1_166' title='bbox 738 3261 912 3345; x_wconf 90' lang='lat' dir='ltr'><strong>significans</strong></span> <span class='ocrx_word' id='word_1_167' title='bbox 944 3260 1204 3345; x_wconf 85' lang='lat' dir='ltr'><strong>propagationem.</strong></span> <span class='ocrx_word' id='word_1_168' title='bbox 1251 3257 1340 3322; x_wconf 85' lang='lat' dir='ltr'><strong>Oonf.</strong></span> <span class='ocrx_word' id='word_1_169' title='bbox 1370 3261 1446 3321; x_wconf 81' lang='lat' dir='ltr'><strong>vs2</strong></span> 
     </span>
     <span class='ocr_line' id='line_1_23' title="bbox 433 3379 577 3443; baseline 0 -1"><span class='ocrx_word' id='word_1_170' title='bbox 433 3379 512 3443; x_wconf 79' lang='grc' dir='ltr'><em>ἑλών.</em></span> <span class='ocrx_word' id='word_1_171' title='bbox 574 3380 577 3385; x_wconf 78' lang='grc'><strong>’</strong></span> 
     </span>
    </p>

    <p class='ocr_par' dir='ltr' id='par_1_5' title="bbox 359 3494 1448 4404">
     <span class='ocr_line' id='line_1_24' title="bbox 479 3494 1448 3580; baseline -0.004 -21"><span class='ocrx_word' id='word_1_172' title='bbox 479 3498 532 3563; x_wconf 88' lang='grc'><strong>36.</strong></span> <span class='ocrx_word' id='word_1_173' title='bbox 568 3495 601 3572; x_wconf 79' lang='grc' dir='ltr'><strong>ἐξ</strong></span> <span class='ocrx_word' id='word_1_174' title='bbox 622 3495 721 3577; x_wconf 74' lang='grc' dir='ltr'><em>οὶρχοῖς</em></span> <span class='ocrx_word' id='word_1_175' title='bbox 745 3496 805 3561; x_wconf 72' lang='lat' dir='ltr'><strong>dard</strong></span> <span class='ocrx_word' id='word_1_176' title='bbox 827 3495 1038 3573; x_wconf 79' lang='grc' dir='ltr'><em>Τλαπολέμου.</em></span> <span class='ocrx_word' id='word_1_177' title='bbox 1074 3494 1284 3580; x_wconf 80' lang='lat' dir='ltr'><strong>Tlepolemum</strong></span> <span class='ocrx_word' id='word_1_178' title='bbox 1305 3494 1398 3557; x_wconf 85' lang='lat' dir='ltr'><strong>etiam</strong></span> <span class='ocrx_word' id='word_1_179' title='bbox 1415 3515 1448 3556; x_wconf 87' lang='lat' dir='ltr'><strong>vs</strong></span> 
     </span>
     <span class='ocr_line' id='line_1_25' title="bbox 359 3609 1448 3697; baseline -0.001 -24"><span class='ocrx_word' id='word_1_180' title='bbox 359 3633 363 3639; x_wconf 90' lang='lat'><strong>·</strong></span> <span class='ocrx_word' id='word_1_181' title='bbox 435 3613 475 3674; x_wconf 87' lang='lat'><strong>53</strong></span> <span class='ocrx_word' id='word_1_182' title='bbox 500 3611 634 3697; x_wconf 91' lang='lat' dir='ltr'><strong>appellat</strong></span> <span class='ocrx_word' id='word_1_183' title='bbox 658 3611 794 3681; x_wconf 90' lang='lat' dir='ltr'><strong>coloniae</strong></span> <span class='ocrx_word' id='word_1_184' title='bbox 817 3612 850 3675; x_wconf 90' lang='lat' dir='ltr'><strong>in</strong></span> <span class='ocrx_word' id='word_1_185' title='bbox 874 3610 984 3675; x_wconf 90' lang='lat' dir='ltr'><strong>Rhodo</strong></span> <span class='ocrx_word' id='word_1_186' title='bbox 1008 3611 1215 3688; x_wconf 86' lang='lat' dir='ltr'><strong>conditorem,</strong></span> <span class='ocrx_word' id='word_1_187' title='bbox 1240 3610 1331 3675; x_wconf 68' lang='lat' dir='ltr'><strong>easta</strong></span> <span class='ocrx_word' id='word_1_188' title='bbox 1346 3609 1448 3690; x_wconf 77' lang='grc' dir='ltr'><em>χθονὸς</em></span> 
     </span>
     <span class='ocr_line' id='line_1_26' title="bbox 433 3729 1448 3814; baseline -0.001 -21"><span class='ocrx_word' id='word_1_189' title='bbox 433 3730 595 3813; x_wconf 71' lang='grc' dir='ltr'><em>οἰκιστῆρα,</em></span> <span class='ocrx_word' id='word_1_190' title='bbox 624 3751 729 3794; x_wconf 90' lang='lat' dir='ltr'><strong>verum</strong></span> <span class='ocrx_word' id='word_1_191' title='bbox 750 3730 813 3814; x_wconf 86' lang='lat' dir='ltr'><strong>jam</strong></span> <span class='ocrx_word' id='word_1_192' title='bbox 837 3730 895 3793; x_wconf 93' lang='lat' dir='ltr'><strong>hoc</strong></span> <span class='ocrx_word' id='word_1_193' title='bbox 919 3729 987 3793; x_wconf 92' lang='lat' dir='ltr'><strong>loco</strong></span> <span class='ocrx_word' id='word_1_194' title='bbox 1010 3729 1111 3813; x_wconf 88' lang='lat' dir='ltr'><strong>gentis</strong></span> <span class='ocrx_word' id='word_1_195' title='bbox 1134 3729 1257 3792; x_wconf 91' lang='lat' dir='ltr'><strong>initium</strong></span> <span class='ocrx_word' id='word_1_196' title='bbox 1281 3729 1320 3793; x_wconf 89' lang='lat' dir='ltr'><strong>ab</strong></span> <span class='ocrx_word' id='word_1_197' title='bbox 1344 3751 1380 3793; x_wconf 90' lang='lat' dir='ltr'><strong>eo</strong></span> <span class='ocrx_word' id='word_1_198' title='bbox 1404 3751 1448 3793; x_wconf 91' lang='lat' dir='ltr'><strong>re-</strong></span> 
     </span>
     <span class='ocr_line' id='line_1_27' title="bbox 433 3846 1447 3931; baseline 0 -22"><span class='ocrx_word' id='word_1_199' title='bbox 433 3847 528 3930; x_wconf 87' lang='lat' dir='ltr'><strong>petit,</strong></span> <span class='ocrx_word' id='word_1_200' title='bbox 561 3854 591 3910; x_wconf 85' lang='lat' dir='ltr'><strong>at</strong></span> <span class='ocrx_word' id='word_1_201' title='bbox 620 3846 727 3911; x_wconf 90' lang='lat' dir='ltr'><strong>laudat</strong></span> <span class='ocrx_word' id='word_1_202' title='bbox 758 3869 951 3912; x_wconf 89' lang='lat' dir='ltr'><strong>communem</strong></span> <span class='ocrx_word' id='word_1_203' title='bbox 983 3847 1134 3931; x_wconf 85' lang='lat' dir='ltr'><strong>Diagorae</strong></span> <span class='ocrx_word' id='word_1_204' title='bbox 1164 3869 1198 3911; x_wconf 91' lang='lat' dir='ltr'><strong>ac</strong></span> <span class='ocrx_word' id='word_1_205' title='bbox 1223 3846 1393 3931; x_wconf 85' lang='lat' dir='ltr'><strong>Demageto</strong></span> <span class='ocrx_word' id='word_1_206' title='bbox 1417 3856 1447 3910; x_wconf 88' lang='lat' dir='ltr'><strong>et</strong></span> 
     </span>
     <span class='ocr_line' id='line_1_28' title="bbox 434 3964 1447 4050; baseline -0.001 -23"><span class='ocrx_word' id='word_1_207' title='bbox 434 3964 557 4048; x_wconf 86' lang='lat' dir='ltr'><strong>Argivis</strong></span> <span class='ocrx_word' id='word_1_208' title='bbox 587 3964 732 4028; x_wconf 82' lang='lat' dir='ltr'><strong>Rhodum</strong></span> <span class='ocrx_word' id='word_1_209' title='bbox 762 3966 967 4030; x_wconf 83' lang='lat' dir='ltr'><strong>incolentibus</strong></span> <span class='ocrx_word' id='word_1_210' title='bbox 995 3966 1122 4030; x_wconf 87' lang='lat' dir='ltr'><strong>lamam:</strong></span> <span class='ocrx_word' id='word_1_211' title='bbox 1148 3988 1184 4029; x_wconf 92' lang='lat' dir='ltr'><strong>eo</strong></span> <span class='ocrx_word' id='word_1_212' title='bbox 1208 3965 1288 4028; x_wconf 90' lang='lat' dir='ltr'><strong>enim</strong></span> <span class='ocrx_word' id='word_1_213' title='bbox 1312 3964 1447 4050; x_wconf 85' lang='lat' dir='ltr'><strong>pertinet</strong></span> 
     </span>
     <span class='ocr_line' id='line_1_29' title="bbox 433 4081 1445 4167; baseline 0.001 -23"><span class='ocrx_word' id='word_1_214' title='bbox 433 4082 618 4166; x_wconf 83' lang='lat' dir='ltr'><strong>adjectivum</strong></span> <span class='ocrx_word' id='word_1_215' title='bbox 649 4081 745 4158; x_wconf 80' lang='grc' dir='ltr'><em>ξυνόνι</em></span> <span class='ocrx_word' id='word_1_216' title='bbox 776 4082 862 4147; x_wconf 92' lang='lat' dir='ltr'><strong>addit</strong></span> <span class='ocrx_word' id='word_1_217' title='bbox 890 4082 954 4146; x_wconf 91' lang='lat' dir='ltr'><strong>illis</strong></span> <span class='ocrx_word' id='word_1_218' title='bbox 985 4084 1076 4147; x_wconf 88' lang='lat' dir='ltr'><strong>etiam</strong></span> <span class='ocrx_word' id='word_1_219' title='bbox 1090 4122 1092 4125; x_wconf 57' lang='lat'>&gt;</span> <span class='ocrx_word' id='word_1_220' title='bbox 1108 4082 1266 4167; x_wconf 83' lang='lat' dir='ltr'><strong>epitheton</strong></span> <span class='ocrx_word' id='word_1_221' title='bbox 1289 4083 1445 4161; x_wconf 85' lang='grc' dir='ltr'><em>Ἡρακλέος</em></span> 
     </span>
     <span class='ocr_line' id='line_1_30' title="bbox 432 4198 1445 4283; baseline -0.002 -20"><span class='ocrx_word' id='word_1_222' title='bbox 432 4199 529 4283; x_wconf 76' lang='grc' dir='ltr'><em>γέννα.</em></span> <span class='ocrx_word' id='word_1_223' title='bbox 565 4199 661 4264; x_wconf 89' lang='lat' dir='ltr'><strong>Porro</strong></span> <span class='ocrx_word' id='word_1_224' title='bbox 689 4208 792 4265; x_wconf 90' lang='lat' dir='ltr'><strong>autem</strong></span> <span class='ocrx_word' id='word_1_225' title='bbox 815 4202 848 4265; x_wconf 93' lang='lat' dir='ltr'><strong>in</strong></span> <span class='ocrx_word' id='word_1_226' title='bbox 871 4202 930 4265; x_wconf 91' lang='lat' dir='ltr'><strong>hoc</strong></span> <span class='ocrx_word' id='word_1_227' title='bbox 953 4202 1086 4265; x_wconf 90' lang='lat' dir='ltr'><strong>carmine</strong></span> <span class='ocrx_word' id='word_1_228' title='bbox 1110 4201 1307 4265; x_wconf 86' lang='lat' dir='ltr'><strong>vetustiorem</strong></span> <span class='ocrx_word' id='word_1_229' title='bbox 1330 4198 1445 4262; x_wconf 84' lang='lat' dir='ltr'><strong>Rhodi·</strong></span> 
     </span>
     <span class='ocr_line' id='line_1_31' title="bbox 432 4317 1443 4404; baseline 0 -25"><span class='ocrx_word' id='word_1_230' title='bbox 432 4338 518 4381; x_wconf 91' lang='lat' dir='ltr'><strong>orum</strong></span> <span class='ocrx_word' id='word_1_231' title='bbox 544 4318 760 4402; x_wconf 89' lang='lat' dir='ltr'><strong>antiquitatem</strong></span> <span class='ocrx_word' id='word_1_232' title='bbox 776 4320 987 4404; x_wconf 87' lang='lat' dir='ltr'><strong>persequitur,</strong></span> <span class='ocrx_word' id='word_1_233' title='bbox 1005 4328 1035 4383; x_wconf 88' lang='lat' dir='ltr'><strong>et</strong></span> <span class='ocrx_word' id='word_1_234' title='bbox 1050 4319 1183 4403; x_wconf 85' lang='lat' dir='ltr'><strong>origines</strong></span> <span class='ocrx_word' id='word_1_235' title='bbox 1199 4340 1217 4381; x_wconf 88' lang='lat' dir='ltr'><strong>a</strong></span> <span class='ocrx_word' id='word_1_236' title='bbox 1232 4317 1302 4381; x_wconf 61' lang='lat' dir='ltr'><strong>cole</strong></span> <span class='ocrx_word' id='word_1_237' title='bbox 1318 4317 1443 4402; x_wconf 85' lang='lat' dir='ltr'><strong>ejusque</strong></span> 
     </span>
    </p>
   </div>
   <div class='ocr_carea' id='block_1_3' title="bbox 432 4432 1443 4521">
    <p class='ocr_par' dir='ltr' id='par_1_6' title="bbox 432 4432 1443 4521">
     <span class='ocr_line' id='line_1_32' title="bbox 432 4432 1443 4521; baseline 0.002 -25"><span class='ocrx_word' id='word_1_238' title='bbox 432 4432 504 4497; x_wconf 87' lang='lat' dir='ltr'><strong>filiis</strong></span> <span class='ocrx_word' id='word_1_239' title='bbox 528 4456 563 4498; x_wconf 89' lang='lat' dir='ltr'><strong>ac</strong></span> <span class='ocrx_word' id='word_1_240' title='bbox 585 4436 748 4520; x_wconf 86' lang='lat' dir='ltr'><strong>nepotibus</strong></span> <span class='ocrx_word' id='word_1_241' title='bbox 772 4438 892 4521; x_wconf 88' lang='lat' dir='ltr'><strong>repetit.</strong></span> <span class='ocrx_word' id='word_1_242' title='bbox 924 4436 1006 4521; x_wconf 76' lang='lat' dir='ltr'><strong>Ergo</strong></span> <span class='ocrx_word' id='word_1_243' title='bbox 1030 4457 1125 4521; x_wconf 90' lang='lat' dir='ltr'><strong>quum</strong></span> <span class='ocrx_word' id='word_1_244' title='bbox 1149 4434 1362 4519; x_wconf 80' lang='lat' dir='ltr'><strong>Tlepolemum</strong></span> <span class='ocrx_word' id='word_1_245' title='bbox 1377 4444 1443 4498; x_wconf 88' lang='lat' dir='ltr'><strong>tum</strong></span> 
     </span>
    </p>
   </div>
   <div class='ocr_carea' id='block_1_4' title="bbox 0 0 1888 5534">
    <p class='ocr_par' dir='ltr' id='par_1_7' title="bbox 0 0 1888 5534">
     <span class='ocr_line' id='line_1_33' title="bbox 0 0 1888 5534; baseline 0 3"><span class='ocrx_word' id='word_1_246' title='bbox 0 0 1888 5534; x_wconf 95' lang='lat' dir='ltr'><strong> </strong></span> 
     </span>
    </p>
   </div>
  </div>
 </body>
</html>
