3767 5534
831 671 894 731 223

367 878 414 936 est.
457 870 563 938 Habet
592 871 733 937 miseram
759 871 845 936 illam
867 892 1140 954 aerumnosamquo
1163 869 1275 946 vitam,
1300 889 1368 933 cum

365 990 458 1060 tribue
488 997 635 1074 quartum
664 990 818 1068 laborem,
842 990 915 1075 quia
946 988 1125 1074 aequalibus
1157 987 1293 1052 convivis
1316 988 1370 1051 im-

365 1108 534 1173 mortalium
566 1118 672 1174 neotar
698 1108 940 1192 ambrosiamque
971 1107 1091 1172 furatus
1122 1106 1225 1184 dedit,
1257 1105 1370 1191 quibus
1408 1104 1469 1164 100

365 1226 464 1313 ipsum
495 1226 698 1291 immortalem
731 1226 902 1291 effecerant.
949 1225 983 1290 Si
1013 1226 1083 1309 quis
1113 1224 1205 1290 homo
1234 1224 1372 1288 commit-

364 1351 430 1409 teus
453 1343 573 1428 aliquid
598 1366 630 1408 se
654 1344 756 1409 Deum
778 1344 873 1408 latere
896 1351 1003 1429 putat,
1028 1351 1118 1408 errat
1142 1342 1262 1407 Idcirco
1279 1342 1372 1406 demi·

364 1470 469 1528 serunt
491 1462 592 1527 filium
611 1463 678 1548 ejus
695 1463 881 1527 immortales
898 1485 1005 1527 rursus
1022 1462 1061 1527 sd
1077 1463 1144 1526 aevi
1158 1462 1258 1527 brevis
1274 1483 1372 1546 geum

363 1581 533 1646 hominum.
580 1580 687 1661 Quum
716 1603 787 1645 vero
816 1580 943 1646 florente
974 1580 1178 1645 adolescentia
1207 1579 1320 1665 lanugo
1345 1579 1372 1642 ei

363 1700 487 1785 nigrum
509 1706 649 1765 mentum
672 1706 806 1784 tegeret,
830 1707 969 1785 paratum
994 1698 1142 1783 cogitavit
1165 1698 1276 1763 habere
1304 1719 1373 1761 con·
1413 1692 1472 1753 110

360 1818 484 1903 jugium
516 1825 642 1902 epatre
667 1816 787 1895 Pisata‚
812 1817 978 1902 gloriosam
1001 1815 1249 1902 Hippodamiam.
1274 1815 1373 1900 Prope

337 1935 489 2004 ·veniens
520 1934 559 1999 ad
582 1957 665 2002 mare
688 1935 863 2000 caeruleum
886 1935 971 2000 solus
994 1935 1026 2000 in
1051 1934 1184 2000 tenebris
1208 1933 1375 2019 appellavit

363 2054 496 2139 graviter
519 2059 680 2120 sonantem
703 2052 968 2138 Tridentigerum:
993 2052 1044 2117 hic
1067 2053 1094 2116 ei
1111 2060 1181 2117 ante
1197 2052 1289 2137 pedes
1305 2074 1376 2116 con·

363 2172 452 2236 tinuo
483 2172 635 2256 apparuit.
682 2171 766 2236 Huic
795 2170 864 2236 ille:
890 2170 1031 2256 jucunda
1053 2170 1150 2248 dona,
1174 2168 1293 2253 inquit,
1318 2168 1373 2253 (ly-
1412 2165 1473 2226 120

364 2288 461 2374 pridis
493 2311 549 2373 age
581 2290 608 2352 si
638 2288 716 2374 qud,
741 2288 905 2374 Neptune,
929 2290 1065 2373 gratiosa
1087 2294 1179 2364 sunt,
1203 2287 1284 2351 vinci
1307 2286 1375 2350 has

366 2414 429 2471 tam
461 2404 612 2472 Oenomai
642 2429 785 2485 aeneam,
817 2430 865 2472 me
896 2407 1023 2472 veroin
1047 2406 1212 2470 celerrimis
1236 2404 1375 2469 curribus

365 2525 426 2589 duc
457 2525 491 2589 in
520 2524 641 2590 Elidem
670 2532 701 2589 et
723 2524 823 2592 adduc
846 2525 886 2590 ad
909 2526 1078 2591 victoriam.
1126 2523 1205 2590 Nam
1230 2524 1376 2589 tredecim

367 2641 493 2727 quidem
524 2642 598 2706 viris
629 2643 804 2708 amantibus
827 2643 934 2707 occisis
958 2642 1060 2707 differt
1083 2644 1261 2728 conjugium
1284 2642 1374 2705 filiae.

364 2761 516 2845 Magnum
548 2761 719 2845 perieulum
750 2784 812 2825 non
844 2762 927 2847 capit
957 2761 1056 2825 virum
1084 2761 1247 2826 imbellem.
1295 2759 1374 2822 Mori
1415 2753 1474 2815 130

365 2879 480 2964 quibus
511 2901 633 2943 necesse
664 2887 727 2957 est,
760 2902 854 2964 quare
885 2880 954 2964 quis
982 2879 1144 2964 ingloriam
1168 2886 1320 2943 senectam
1343 2878 1375 2941 in

365 2995 499 3060 tenebris
531 2995 639 3059 sedens
667 2997 779 3060 frustra
801 3004 991 3081 concoquat,
1015 2996 1143 3060 laudum
1166 2996 1304 3060 omnium
1328 3017 1377 3058 ex-

366 3113 458 3199 pers?
489 3113 542 3177 sed
574 3136 630 3197 ego
661 3113 720 3178 hoc
751 3122 903 3179 certamen
934 3114 1064 3193 subibo,
1096 3122 1132 3179 tu
1158 3136 1229 3178 vero
1256 3113 1375 3179 felicem

367 3253 543 3296 successum
559 3232 607 3295 da.
643 3231 693 3296 Sic
709 3231 805 3297 dixit:
823 3255 923 3317 neque
938 3234 1058 3299 irritam
1074 3235 1240 3297 orationem
1259 3255 1378 3317 aggres-

368 3372 419 3414 sus
442 3357 498 3415 est.
546 3350 640 3414 Illum
664 3351 817 3416 honorans
840 3352 925 3417 Deus
949 3352 1035 3417 dedit
1058 3353 1086 3417 ei
1106 3375 1230 3416 currum
1250 3374 1376 3416 aureum
1414 3345 1474 3406 140

369 3468 486 3553 alisque
509 3467 677 3532 indefessos
701 3491 805 3553 equos.
852 3469 943 3555 Cepit
968 3470 1160 3535 Oenomaum
1184 3471 1291 3534 fortem
1320 3469 1377 3532 vir·

369 3586 532 3669 giuemque
562 3587 740 3671 conjugem:
773 3610 807 3651 ac
837 3589 957 3673 peperit
987 3588 1066 3652 filios
1099 3612 1168 3665 sex,
1194 3588 1377 3673 populorum

370 3701 480 3781 duces,
512 3704 566 3788 qui
590 3705 756 3770 virtutibus
779 3728 870 3770 curae
892 3706 1028 3771 fuerunt.
1075 3706 1168 3771 Nunc
1191 3730 1261 3772 vero
1286 3708 1378 3793 parti·

370 3843 440 3905 ceps
479 3830 525 3886 est
564 3822 741 3887 inferiarum
772 3823 965 3910 pulcrerum,
998 3827 1116 3910 positus
1144 3828 1234 3910 juxta
1265 3826 1378 3910 Alphei

370 3938 504 4017 flumen,
533 3940 686 4005 tumulum
711 3940 798 4005 aditu
820 3941 970 4006 celebrem
993 3942 1108 4008 hebens
1128 3944 1218 4028 juxta
1240 3943 1379 4026 frequen·
1415 3932 1476 3993 150

369 4058 519 4121 tissimam
549 4058 724 4144 hospitibus
748 4081 840 4124 aram.
886 4060 928 4124 Et
952 4085 968 4124 e
990 4060 1159 4145 longinquo
1183 4061 1267 4125 lucet
1281 4060 1379 4144 gloria

370 4174 494 4259 Pelopis
510 4176 544 4238 in
559 4175 778 4261 Olympiadum
794 4176 918 4257 stadiis,
935 4179 989 4244 ubi
1005 4179 1142 4244 celeritas
1156 4178 1269 4265 pedum
1282 4185 1379 4243 certat

372 4315 407 4357 ac
430 4294 560 4357 maxima
584 4294 694 4358 virium
716 4295 884 4360 fortitudo:
909 4296 1007 4360 victor
1028 4319 1099 4361 vero
1122 4297 1154 4361 in
1178 4297 1297 4381 reliqua
1317 4298 1380 4360 vita

373 4409 463 4474 habet
494 4409 703 4474 dulcissimam
724 4412 950 4496 jucunditatem
975 4422 1097 4499 propter
1121 4417 1261 4500 praemia.
1286 4414 1379 4494 Quod
