3767 5534
805 747 871 810 ‘479

338 947 526 1037 appellatum
549 945 717 1031 Lelegum,
742 964 820 1028 quos
843 941 1009 1026 aliquando
1034 948 1150 1007 eterra
1170 942 1355 1009 Deucalioni

338 1069 472 1135 dedisset
494 1067 633 1151 Jupiter:

422 1186 509 1251 Ἤτοι
532 1185 592 1261 γὰρ
615 1181 722 1263 Λοκρὸς
739 1180 879 1256 Λελέγων
902 1178 1037 1258 ἡγήσαιτο
1060 1185 1157 1255 λαιῶν,

424 1304 501 1374 Tuis
524 1301 562 1383 ῥά
582 1323 654 1365 ποτε
676 1299 807 1379 Κρονίδης
831 1298 904 1370 Ζεὺς
927 1295 1047 1379 ἄφθιτα,
1064 1298 1161 1375 μήδεα
1184 1299 1260 1369 εἰδὼς

429 1420 559 1492 Azaraba
582 1422 615 1484 ἐκ
638 1418 727 1495 γαίης
750 1417 840 1488 λαοὺς
863 1416 932 1495 πόρε
956 1416 1145 1481 Δευκαλίωνι.

338 1542 487 1627 Idemque
510 1537 704 1624 geographus
726 1534 840 1600 ibidem
863 1534 968 1612 docet,
994 1557 1059 1612 eos,
1084 1535 1138 1618 qui
1161 1541 1236 1599 tunc
1259 1534 1355 1600 Locri

338 1668 457 1738 essent,
489 1660 527 1725 ah
558 1655 724 1722 Aristotele
747 1653 875 1739 Lelegas
899 1664 1023 1718 vocatos
1047 1676 1121 1718 essa.
1169 1654 1254 1718 Haec
1277 1676 1349 1738 ergo

339 1780 466 1863 antiqua
487 1777 579 1842 Locri
601 1775 747 1841 memoria
770 1773 843 1838 huic
866 1773 993 1837 Pindari
1015 1772 1082 1837 loco
1103 1773 1254 1837 convenit.
1290 1772 1353 1836 Du·

340 1896 471 1960 stathius
502 1902 605 1959 autem
635 1893 675 1958 ad
705 1892 743 1955 Il.
776 1891 811 1956 ΙΙ
840 1894 902 1955 531
927 1892 1007 1955 hanc
1030 1892 1118 1976 ponit
1140 1891 1349 1977 genealogiam

341 2022 488 2079 veterem:
513 2011 786 2125 Amphictyonem,
812 2010 967 2094 Physcum
990 2032 1006 2074 e
1030 2009 1279 2095 Chthonopatra‚
1295 2010 1354 2075 Lo·

341 2152 435 2197 crum.
470 2130 641 2195 Scholiasta
664 2136 751 2193 vetus
775 2128 813 2193 ad
837 2128 930 2215 hujus
951 2129 1092 2193 carminis
1109 2152 1142 2193 vs
1160 2132 1201 2193 96
1218 2129 1354 2194 Locrum

341 2249 417 2315 dicit
446 2250 546 2314 filium
576 2247 830 2333 Amphictyonis,
859 2247 915 2310 filii
938 2247 1042 2311 Iovis:
1068 2253 1160 2331 atque
1182 2248 1215 2312 in
1236 2248 1354 2312 scholio

342 2376 441 2434 vetere
473 2366 512 2431 ad
539 2389 572 2430 vs
597 2369 637 2432 79
661 2365 810 2450 legimus,
833 2363 969 2428 Locrum
992 2365 1085 2430 fuisse
1107 2365 1202 2430 Jovis.
1237 2365 1354 2430 Verum

342 2485 401 2550 hoo
431 2506 538 2570 parum
561 2484 725 2569 diligenter
748 2483 897 2567 scriptum
922 2482 1059 2561 ridetur,
1084 2506 1184 2569 neque
1209 2484 1354 2569 Amphic-

341 2603 445 2688 tyonis
477 2602 662 2687 negligenda
695 2602 850 2665 memoria.
897 2600 990 2664 Hunc
1024 2600 1221 2666 Deucalionis
1256 2602 1354 2666 filium

341 2722 436 2785 fnisse
460 2728 491 2784 et
513 2727 584 2804 post
607 2718 759 2783 Grannum
783 2740 925 2803 regnasse
948 2718 1080 2783 Athenis
1103 2727 1228 2783 narrant
1243 2719 1356 2784 Pausa·

341 2840 408 2902 nias
438 2837 475 2902 L.
507 2837 538 2901 X
568 2835 603 2901 O.
628 2836 710 2900 VIII
745 2840 778 2914 l,
808 2836 844 2901 L.
869 2836 886 2900 I
910 2835 945 2900 O.
970 2835 1005 2899 II
1030 2839 1068 2915 5,
1093 2844 1124 2902 et
1147 2838 1356 2923 Apollodorus

342 2955 379 3020 L.
403 2955 420 3019 Ι
444 2954 478 3019 0.
502 2954 577 3018 VII.
612 2953 659 3018 Sit
682 2977 754 3038 ergo
777 2954 895 3019 Locrus
918 2954 1153 3040 Amphictyonis
1176 2957 1355 3041 progenies,

345 3075 407 3137 sire
433 3073 533 3150 filius,
557 3073 621 3136 sive
644 3095 660 3136 e
683 3072 803 3157 Physoo
826 3094 931 3157 nepos.

390 3190 648 3275 Amphictyonem
661 3189 868 3275 Apollodorus
877 3189 1075 3254 Deucalionis
1083 3198 1113 3255 et
1121 3191 1357 3276 Pyrrhaefuisse

346 3308 457 3371 tradit:
482 3307 520 3371 de
542 3314 639 3371 matre
662 3307 748 3372 nulla
770 3307 952 3372 difficultas:
970 3308 1007 3371 de
1024 3317 1110 3393 patre
1127 3310 1215 3373 aliter
1229 3311 1256 3373 is
1273 3310 1358 3374 scho-

347 3424 454 3503 liasta,
478 3426 533 3510 qui
556 3448 625 3488 eum
649 3425 735 3489 Jovis
758 3425 852 3489 fuisse
876 3426 961 3489 dicit.
1008 3426 1117 3490 Dicam
1141 3427 1224 3511 quod
1248 3427 1356 3491 sentio.

348 3541 423 3606 Fuit
456 3542 626 3607 seeundum
655 3542 823 3607 Pindarum
855 3566 871 3608 s
900 3544 1018 3629 Pyrrha
1049 3552 1080 3608 et
1109 3544 1202 3623 Jove,
1234 3544 1359 3609 habitus

349 3680 420 3723 vero
450 3667 496 3723 ast
523 3659 729 3725 Deucalionis.
777 3660 863 3724 idem
887 3682 1012 3745 prorsus
1035 3662 1068 3725 in
1092 3661 1241 3741 Helleue‚
1265 3662 1361 3726 fratre

349 3777 431 3862 ejus,
462 3777 576 3842 lactum
603 3801 667 3843 esse
690 3780 858 3856 cernimus,
884 3801 975 3863 quem
999 3780 1165 3844 secuudum
1190 3780 1360 3845 nonnullos

349 3894 435 3958 Iovis
462 3894 556 3959 luisse
579 3895 786 3981 Apollodorus
809 3897 907 3961 docet.
956 3896 1026 3960 Jam
1050 3921 1119 3961 vero
1143 3899 1247 3984 stirpis
1270 3899 1363 3983 origi·

332 4021 420 4075 'nem
454 4012 615 4075 retulimus
649 4012 687 4075 ad
718 4013 865 4098 Pyrrham
897 4022 928 4078 et
958 4014 1082 4079 Iovem:
1118 4017 1214 4101 igitur
1244 4016 1361 4101 Pyrrha

350 4129 521 4214 significata
543 4136 590 4194 est
612 4153 629 4194 a
651 4130 785 4195 Pindaro
809 4132 912 4216 puella
935 4134 1035 4217 gentis
1059 4133 1280 4218 Iapetionidis‚
1297 4134 1363 4198 filia

350 4246 542 4331 Ilpimethci,
566 4247 623 4310 filii
644 4246 763 4332 Japeti:
788 4248 923 4313 Gronida
945 4272 1016 4314 vero
1039 4250 1104 4334 ipse
1127 4250 1272 4335 Jupiter..

370 4356 511 4427 'Verum
542 4386 605 4427 una
637 4373 729 4429 restat
760 4366 939 4430 difficultas:
975 4368 1128 4453 quomodo
1159 4370 1317 4455 potuerint
1347 4394 1365 4433 a
1408 4394 1411 4399 ·

350 4481 485 4547 Pindaro
515 4482 662 4567 appellari
692 4483 855 4569 indigenae
886 4506 1005 4570 semper
1038 4502 1142 4571 reges,
1172 4508 1267 4570 quum
1291 4489 1364 4551 Am·
1466 4466 1468 4470 ¹
