3767 5534
828 696 890 758 559

358 898 518 964 diversitas
542 898 728 982 scripturae,
753 919 843 980 quam
867 898 900 960 in
923 898 1122 982 inscriptione
1146 920 1210 960 esse
1233 897 1265 961 in
1285 897 1367 961 notis

357 1018 470 1082 criticis
493 1016 687 1092 monuimus,
710 1037 773 1079 non
797 1037 938 1099 magnam
955 1015 1117 1080 dubitandi
1133 1038 1253 1079 causam
1270 1014 1367 1078 facere

356 1137 503 1201 videatur.

400 1254 485 1319 Vicit
519 1254 689 1339 Asopichus
720 1251 877 1316 Cleodami
908 1252 990 1316 filius
1021 1254 1054 1316 in
1086 1274 1249 1336 puerorum
1275 1258 1368 1315 certa·

356 1374 438 1436 mine
469 1371 628 1435 currendi:
660 1370 853 1455 Hartungius
884 1371 986 1435 nascio
1013 1392 1074 1454 quo
1098 1391 1198 1434 errore
1221 1370 1368 1452 interpre-

357 1497 440 1554 tator
466 1489 842 1573 Fausthampferhnaben.
889 1488 987 1553 Fuere
1011 1487 1152 1553 currendi
1176 1495 1206 1551 et
1229 1486 1366 1551 luctandi

358 1631 522 1693 puerorum
553 1608 696 1671 Instituta
726 1607 891 1671 certamina
923 1605 1105 1691 Olympiade
1133 1605 1306 1682 XXXVII,
1332 1612 1368 1667 ut

356 1725 452 1789 tradit
468 1724 640 1789 Pausanias
664 1722 701 1789 L.
725 1722 754 1784 V
777 1723 812 1787 0.
837 1722 919 1787 VIII
943 1725 974 1787 3.

401 1842 537 1907 Victoris
570 1843 669 1927 patria
703 1841 915 1907 Orchomenus
950 1841 1149 1925 antiquitate,
1194 1841 1367 1925 opulentia,

357 1963 471 2047 gloria,
502 1963 536 2025 in
566 1961 690 2025 Graecis
721 1960 912 2025 nobilissima
942 1960 1018 2037 fuit,
1042 1961 1147 2045 ibique
1171 1960 1244 2023 olim
1267 1962 1368 2045 gentis

359 2079 543 2144 clarissimae
574 2078 750 2162 Minyarum
782 2078 908 2142 fuerunt
929 2077 1128 2142 incunabula.
1176 2077 1369 2162 Singularem

359 2204 391 2261 et
412 2196 565 2280 quendam
588 2196 746 2279 proprium
768 2194 823 2259 illa
845 2196 952 2259 civitas
976 2195 1150 2259 Gratiarum
1176 2195 1295 2259 cultum
1319 2195 1370 2258 ha-

359 2315 438 2379 buit.
464 2314 505 2378 Ee
528 2315 582 2377 has
607 2313 731 2397 quidem
755 2320 821 2377 toto
845 2314 906 2378 fere
930 2314 1062 2378 carmine
1085 2313 1181 2377 Poeta
1197 2313 1369 2398 compellat.

404 2432 522 2498 Orbum
545 2440 630 2517 patre
654 2434 798 2496 victorem
823 2433 915 2496 luisse
939 2438 1064 2516 apparet
1085 2440 1270 2517 apostrema
1286 2440 1371 2516 parte

360 2551 512 2615 carminis.
560 2549 712 2634 Scriptum
740 2549 773 2612 id
797 2548 918 2614 videtur
940 2550 1087 2613 continuo
1111 2556 1180 2633 post
1204 2550 1370 2614 victoriam.

408 2789 436 2850 l.
470 2785 606 2849 Excidio
637 2784 726 2862 huic,
758 2786 791 2848 in
823 2784 963 2869 precibus
996 2786 1115 2870 posito,
1139 2808 1201 2849 non
1226 2785 1373 2849 dissimile

361 2912 407 2967 eat
429 2902 480 2969 Ol.
504 2902 569 2967 XII
593 2911 631 2990 et,
645 2902 735 2966 Nem.
761 2901 822 2965 III.

408 3024 436 3085 l.
471 3022 623 3101 Καφισίων
651 3021 770 3085 ὑδάτων.
818 3020 864 3083 De
888 3020 1021 3104 Cephiso
1045 3020 1106 3084 vid.
1131 3020 1240 3085 Strabo
1264 3020 1301 3085 L.
1326 3020 1374 3085 IX

361 3166 391 3227 p.
417 3144 499 3219 424,
524 3139 605 3203 nlm.
633 3142 706 3202 649.
740 3138 868 3202 I'luens
891 3162 946 3223 per
969 3138 1138 3204 Phocidem
1162 3147 1192 3203 et
1215 3139 1372 3203 Boeotiam

361 3269 392 3325 et
414 3261 447 3324 in
470 3260 573 3323 lacum
595 3256 761 3343 Copaidem
786 3257 937 3335 influens,
959 3259 1023 3341 jam
1047 3258 1218 3341 antiquitus
1242 3258 1373 3342 apoetis

362 3378 532 3443 celebratus
567 3377 636 3439 fait.
684 3375 838 3440 Homerus
868 3375 999 3456 Κηφισὸν
1029 3376 1085 3439 δῖον
1117 3382 1148 3438 et
1179 3376 1243 3460 ejus
1275 3375 1374 3439 fontes

363 3516 456 3581 prope
487 3493 622 3557 Lilaeam
654 3499 871 3556 commemorat
901 3491 940 3556 Il.
974 3491 1008 3555 II
1041 3496 1122 3556 5222
1151 3493 1236 3557 etin
1260 3493 1374 3577 hymno

363 3612 527 3679 Homerico
550 3612 583 3674 in
608 3610 784 3695 Apollinem
809 3612 873 3672 240
898 3608 1055 3673 habentur
1077 3610 1152 3674 haec

673 3727 822 3809 Κηφισσὸν
845 3728 1058 3810 καλλιρέεθρον,

541 3844 609 3913 ἔστε
632 3846 789 3921 Λνλοίηθεν
811 3846 929 3927 προχέει
953 3847 1116 3927 καλλίρροον
1139 3846 1217 3926 ὕδωρ.

363 3964 405 4027 Ilt
428 3964 510 4048 apud
530 3963 710 4028 Strabonem
725 3963 793 4027 loco
808 3962 934 4026 laudato
951 3963 1105 4027 Hesiodus
1121 3963 1159 4027 de
1177 3964 1234 4027 hoc
1249 3964 1375 4028 flumine

452 4078 482 4152 ὃς
505 4083 587 4163 παρὰ
610 4082 761 4146 flavoribus
782 4080 921 4156 Γλήκωνοέ
943 4084 971 4145 τ’
995 4083 1113 4161 ἐρυμνὴν

458 4198 506 4262 acl
531 4199 559 4262 δὲ
583 4199 617 4261 δι’
638 4201 819 4278 Ὀρχομενοῦ
843 4198 1006 4275 εἱλιγμένος
1031 4195 1085 4263 εἶσι
1109 4198 1216 4279 δράκων
1238 4198 1284 4272 dc.

413 4318 440 4379 l.
476 4322 629 4396 λοχοῑονον.
677 4314 888 4399 Hartungius,
922 4324 958 4379 ut
988 4317 1022 4379 in
1051 4318 1248 4382 annotatione
1272 4318 1376 4382 critica

364 4433 615 4510 memoravimus,
640 4433 822 4516 scripturam
846 4432 884 4497 de
900 4434 1075 4518 conjectura
1090 4436 1235 4514 mutavit,
1253 4457 1375 4501 causam
