3767 5534
908 705 950 765 93

431 904 522 987 Quid,
538 908 656 997 igitur?
687 930 760 972 num
788 906 888 970 aliena
910 904 1049 969 Platonis
1072 927 1090 968 a
1113 904 1237 970 Pindari
1261 904 1435 970 sententia?

436 1025 497 1093 lmo
526 1053 594 1096 vero
626 1040 689 1093 tam
718 1026 843 1104 similis,
869 1032 988 1089 utnon
1012 1024 1146 1102 ratione,
1172 1024 1225 1088 sed
1251 1025 1436 1110 perfectione

445 1147 545 1214 diderat
566 1149 643 1214 alter
665 1148 703 1212 ab
728 1146 841 1222 altere,
867 1151 897 1208 et
921 1143 1085 1209 absolverit
1107 1143 1327 1230 philosophus,
1352 1142 1435 1230 quod

448 1268 578 1333 inchoarit
601 1276 700 1354 poeta.
736 1263 818 1328 Nam
846 1264 997 1328 Pindarus
1028 1264 1165 1328 homines
1197 1287 1267 1329 cum
1299 1265 1366 1328 Diis
1390 1288 1438 1329 eo·

452 1390 568 1471 guntione
599 1385 773 1472 copulavit,
806 1385 966 1467 vetuitque
996 1384 1076 1448 idem
1107 1384 1277 1469 quidquam
1307 1384 1345 1449 de
1368 1381 1437 1448 Diis

454 1506 544 1587 dicere,
575 1508 634 1572 nisi
667 1505 750 1591 quod
781 1514 859 1567 esset
888 1504 1046 1589 pulcrum,
1070 1512 1101 1568 et
1123 1504 1241 1589 aliquid
1264 1505 1437 1589 suspicatus

453 1635 486 1690 est
509 1628 542 1692 de
572 1628 709 1692 veritatis
740 1648 859 1690 summa
893 1634 923 1689 et
955 1633 1078 1710 regente
1109 1626 1211 1689 omnia
1242 1626 1436 1709 praestantia.

452 1743 513 1810 Hine
532 1746 692 1811 videbatur
716 1767 769 1831 per
793 1767 889 1809 unum
912 1743 1041 1828 gradum
1066 1744 1129 1807 lieri
1153 1744 1317 1807 transitus:
1343 1752 1438 1808 trans-

451 1863 478 1927 iit
500 1864 603 1929 Plato:
636 1866 667 1929 in
703 1864 769 1927 Deo
800 1864 904 1950 posuit
934 1863 1084 1948 perfectae
1115 1863 1238 1926 virtutis
1268 1862 1437 1947 exemplar,

447 1981 622 2065 bominibus,
646 1992 797 2071 quantum
820 1984 885 2048 fieri
909 1992 1029 2069 posset,
1053 1982 1245 2047 imitandum.

478 2104 644 2171 Redeamus
673 2127 726 2183 eo,
760 2105 847 2190 eujus
879 2126 971 2168 causa
1002 2112 1033 2167 et
1059 2102 1228 2168 Homerum
1252 2112 1282 2167 et
1305 2103 1438 2188 reliquos

441 2246 499 2289 cum
529 2225 661 2290 Pindaro
686 2224 944 2309 comparavimus,
970 2231 1006 2287 ut
1028 2222 1192 2309 propriam,
1204 2221 1328 2287 Pindari
1350 2224 1441 2287 ratio·

438 2366 499 2409 nem
518 2344 762 2420 ostenderemus,
783 2350 814 2407 et
830 2344 917 2428 quasi
933 2350 1065 2407 mentem
1082 2341 1306 2426 quodammodo
1323 2341 1444 2428 effinge-

435 2484 538 2526 remus.
586 2461 710 2548 Quippe
733 2462 808 2525 haec
831 2470 896 2524 erat
919 2459 972 2524 illa
995 2458 1110 2539 ἄβατος
1134 2462 1236 2541 ψυχὴ,
1265 2466 1440 2546 incorrupta

435 2604 530 2661 meas,
553 2587 670 2665 r‘ntepro
694 2586 888 2660 desiccare,
912 2602 1007 2664 quae,
1031 2578 1198 2644 secuudum
1222 2578 1352 2644 eundem
1375 2580 1442 2644 Pla-

430 2708 549 2779 tonem,
578 2702 727 2765 excitatur
750 2724 768 2764 a
790 2700 890 2763 Musis
913 2707 944 2763 et
967 2700 999 2762 in
1022 2699 1155 2763 furorem
1178 2699 1310 2784 aliquem
1334 2700 1440 2786 impel-

430 2821 521 2885 litur:
547 2843 607 2905 quo
631 2821 732 2886 furore
755 2820 808 2905 qui
832 2826 947 2896 eareat,
971 2842 1027 2883 nae
1049 2818 1098 2882 ille
1119 2819 1231 2883 frustra
1247 2829 1311 2883 arte
1326 2820 1443 2883 nitetur

429 2963 486 3005 nec
509 2948 611 3026 portas
636 2939 776 3004 introibit
799 2938 968 3002 Musarum.
985 2940 1007 3021 ¹)
1053 2937 1121 3001 Hoc
1144 2939 1245 3023 ipsum
1269 2960 1287 3001 a
1309 2938 1442 3002 Pindaro

430 3082 609 3145 expressum
632 3067 678 3124 est
700 3058 779 3123 illis:

535 3182 568 3243 ἐκ
590 3181 650 3244 θεοῦ
674 3180 697 3243 δ’
720 3180 789 3258 drap
812 3185 920 3261 σοφαῖς
942 3178 1025 3243 dadai
1044 3179 1122 3242 ἑσκεὶ
1148 3178 1347 3258 πραπίδεσσιν·

431 3324 472 3366 aa
496 3302 561 3365 Deo
584 3323 701 3385 semper
724 3302 809 3364 tomo
832 3302 964 3384 sapiente
987 3305 1080 3363 meato
1091 3301 1239 3382 florea-2)

432 3427 464 3485 et
498 3419 619 3505 saepius
653 3425 779 3483 naturae
815 3419 974 3503 ipsiusque
1008 3418 1119 3481 mentis
1154 3416 1286 3482 celebrat
1321 3418 1381 3482 vim
1417 3425 1448 3482 et

434 3537 663 3623 praestantiam.
710 3536 846 3600 Tantum
877 3536 958 3600 valet
989 3536 1066 3601 illud
1097 3558 1185 3601 nosse
1216 3559 1247 3600 se
1273 3536 1392 3622 ipsum,
1418 3545 1449 3600 et

432 3665 568 3745 praestat
599 3658 800 3743 experientiae
828 3657 950 3744 ipsique
973 3657 1035 3720 luci
1058 3657 1202 3721 historiae
1225 3657 1278 3720 ille
1300 3658 1380 3741 ignis
1404 3656 1448 3721 di-

433 3778 572 3842 vinitatis
607 3776 788 3841 mortalibus
825 3776 958 3841 inditus:
996 3777 1049 3862 qui
1079 3785 1110 3840 et
1140 3778 1238 3861 poetis
1270 3785 1301 3839 et
1332 3776 1449 3840 cunctis

433 3896 614 3964 excitandus
645 3904 708 3973 est,
742 3896 899 3960 veritatem
932 3896 1185 3981 amplectentibus
1210 3903 1240 3977 et
1263 3895 1301 3959 ad
1323 3879 1477 3959 meliora

433 4015 631 4101 cupientibus
664 4017 829 4100 pervenire.
878 4015 967 4079 Hane
997 4015 1122 4080 Pindari
1149 4014 1341 4080 divinitatem
1365 4015 1449 4099 ipse,

435 4137 491 4222 qui
514 4159 606 4221 supra
628 4136 762 4221 reliquos
785 4137 978 4219 antiquitatis
1002 4135 1226 4200 laudatissimus
1251 4136 1329 4199 viros
1354 4133 1449 4198 divini

436 4256 616 4341 cognomine
647 4263 772 4319 ornatus
795 4265 856 4333 est,
881 4256 970 4319 Plato
994 4256 1135 4341 agnovit,
1161 4256 1246 4319 etin
1271 4255 1448 4339 gravissima
1497 4267 1500 4272 ‘

441 4438 630 4451 —·-—-—-—

475 4534 500 4595 l)
519 4532 618 4581 Plaaedr.
637 4532 693 4580 245.
712 4532 742 4579 A.
841 4532 867 4592 2)
886 4533 922 4583 01.
934 4533 979 4581 XI.
994 4532 1032 4581 10.
1044 4532 1114 4581 Cani.
1122 4548 1148 4594 p.
1160 4531 1199 4580 65.
