3767 5534
921 722 984 785 437

449 925 541 989 luerit
571 926 729 1009 Diagoras.
778 925 824 988 De
855 924 1007 1007 scriptura
1036 924 1167 987 nominis
1192 926 1297 987 monui
1321 926 1351 988 in
1377 926 1458 989 notis

448 1044 577 1121 criticis,
595 1042 647 1106 sed
665 1042 853 1128 praetermisi
868 1063 1006 1118 monere,
1023 1041 1178 1122 ’sparnac
1195 1042 1227 1105 in
1238 1043 1458 1107 recentioribus

449 1161 591 1239 scholiis,
624 1161 757 1244 reliquas
788 1160 953 1244 scripturas
984 1160 1016 1223 in
1041 1159 1194 1223 veteribus
1219 1161 1359 1243 agnosci:
1385 1184 1458 1244 qua·

447 1287 572 1365 propter
592 1302 653 1343 uon
677 1301 802 1363 pugno,
827 1278 852 1340 si
877 1278 927 1340 cui
954 1284 1103 1361 praestare
1128 1276 1250 1340 videtur
1273 1277 1457 1357 Ἐραστιδῖιν.

491 1396 548 1459 uss
567 1405 669 1460 autem
689 1395 719 1459 in
733 1394 885 1459 veteribus
902 1394 1025 1459 scholiis
1042 1394 1115 1459 haec
1132 1394 1313 1479 explicatio:
1332 1396 1456 1460 Poetam

447 1513 615 1602 appellasse
645 1520 742 1578 semet
772 1512 872 1597 ipsum
904 1520 935 1576 et
965 1513 1125 1589 incitasse,
1155 1534 1193 1576 ne
1217 1513 1335 1576 silendo
1359 1536 1457 1598 genus

448 1631 643 1696 Gallianactis
667 1632 827 1709 obscuret,
852 1631 904 1694 sed
929 1630 1082 1698 laudando
1106 1630 1244 1695 decoret:
1264 1632 1457 1697 illudentem

446 1772 543 1835 genus
566 1772 630 1814 esse
654 1750 789 1835 ipsorum
815 1749 967 1833 Diagorae
989 1749 1156 1834 majorum:
1181 1750 1267 1813 κοινὸν
1291 1750 1455 1835 appellari,

447 1868 583 1945 illustre,
615 1874 721 1931 notum
752 1867 904 1932 omnibus.
953 1866 1041 1946 Quae
1070 1867 1192 1952 singula
1216 1868 1290 1932 mihi
1313 1868 1457 1932 videntur

442 1986 567 2050 omuino
601 1984 775 2069 rejicienda.
822 1984 988 2048 Manifesta
1023 1994 1095 2047 sunt
1130 2006 1233 2069 preces
1264 1984 1302 2047 ad
1334 1985 1453 2049 Jovem.

441 2102 562 2183 Quodsi
584 2111 687 2167 autem
714 2101 872 2166 Callianax
899 2102 959 2165 fuit
984 2124 1064 2165 unus
1093 2123 1130 2165 ex
1157 2102 1308 2186 Diagorae
1335 2105 1454 2189 majori·

440 2220 511 2299 bus,
533 2242 630 2306 genus
654 2222 719 2304 ejus
747 2242 820 2283 sane
843 2221 946 2304 ipsum
969 2240 1093 2302 quoque
1117 2218 1280 2303 Diagoram
1305 2221 1454 2305 complec-

438 2340 525 2403 titur.
568 2338 647 2401 Tum
672 2345 775 2401 autem
798 2339 892 2402 Κοινὸν
920 2336 981 2400 dici
1004 2335 1094 2399 oredo
1117 2343 1213 2400 totam
1238 2345 1378 2421 gentem,
1403 2340 1452 2402 cui

437 2457 478 2520 sit
512 2457 598 2540 origo
632 2478 651 2519 a
681 2455 869 2519 Gallianacte
901 2476 967 2517 com
975 2454 1085 2518 munis.
1122 2452 1237 2518 Verum
1269 2455 1357 2517 aliter
1388 2478 1451 2519 esse

437 2575 584 2659 suspicor.
630 2575 678 2638 De
705 2573 884 2658 Callipatira
910 2573 1144 2636 memoravimus
1167 2574 1199 2636 in
1223 2573 1451 2637 introductione

439 2693 531 2778 hujus
554 2693 712 2768 carminis,
737 2714 806 2777 pag.
831 2694 906 2755 405.
939 2690 1038 2754 Credo
1061 2713 1128 2754 eam
1147 2692 1210 2775 jam
1235 2698 1300 2754 tum
1323 2698 1450 2775 nuptam

414 2858 415 2861 η
437 2809 531 2874 fuisse
554 2808 752 2873 Callianacti:
778 2817 808 2873 et
829 2809 913 2872 huno
929 2809 1031 2893 ipsum
1047 2808 1096 2872 hic
1114 2808 1294 2892 significari,
1312 2815 1343 2871 et
1356 2807 1449 2871 fuisse

437 2944 453 2991 e
485 2927 568 2992 tribu
591 2927 810 2991 Erastidarum.
847 2926 987 2990 Fortasse
1012 2925 1191 3009 Oallipatira
1213 2926 1359 2991 fratribus
1383 2927 1449 2989 suis

436 3046 533 3129 major
563 3051 639 3108 natu
671 3044 746 3121 fuit,
779 3054 809 3107 et
837 3068 873 3108 ex
904 3066 939 3106 ea
970 3044 1068 3127 prima
1097 3043 1271 3127 aDiagora
1294 3043 1449 3127 progeniei

435 3184 572 3248 propago
595 3162 763 3246 exspectari
787 3162 890 3246 potuit
914 3169 967 3224 aut
990 3162 1117 3224 fortasse
1132 3162 1195 3246 jam
1211 3176 1279 3224 tum
1297 3167 1364 3224 orta
1377 3161 1446 3225 fuit.

436 3279 492 3342 llst
525 3280 621 3364 igitur
654 3280 740 3343 κοινὸν
769 3278 877 3358 σπέρμ’
907 3276 967 3342 ἀπὸ
999 3277 1228 3349 Καλλιάνακτος
1259 3277 1380 3341 soboles
1411 3301 1448 3341 ex

435 3406 522 3482 patra
553 3396 757 3473 Callianaote,
791 3396 844 3460 sed
876 3395 982 3459 eadem
1013 3403 1081 3459 ortu
1115 3403 1252 3459 materno
1276 3398 1446 3460 communis

435 3516 549 3579 illustri
577 3514 694 3578 victori.
742 3514 918 3578 Praeclarae
942 3536 1014 3598 ergo
1038 3536 1141 3598 preces
1163 3513 1195 3577 in
1220 3514 1280 3577 fine
1303 3514 1445 3578 carminis

435 3631 611 3696 funduntur
633 3632 670 3695 de
684 3632 789 3695 futura
806 3633 905 3716 gentis
922 3639 1069 3716 perpetua
1085 3631 1192 3715 gloria.
1229 3630 1447 3695 Callianactem

435 3749 598 3834 significari
629 3750 780 3833 Diagorae
810 3772 956 3833 generum
981 3750 1072 3813 etiam
1097 3748 1237 3833 Heynius
1261 3748 1376 3812 voluit:
1401 3749 1446 3812 in·

436 3869 593 3953 terpunxit
621 3876 722 3932 autem
746 3890 808 3931 non
832 3877 902 3952 post
924 3868 1168 3941 Kallidromon,
1193 3866 1245 3930 sad
1269 3875 1339 3951 post
1360 3868 1446 3948 χοιρί-

433 4011 541 4053 racana

480 4105 553 4167 172.
589 4103 652 4183 ἔχει
675 4104 789 4174 θαλίαις.
826 4103 978 4167 Theocrit.
1005 4101 1100 4166 XVII
1125 4104 1166 4163 22
1192 4102 1342 4165 Hercules

588 4222 654 4285 ἔνθα
676 4223 728 4286 σὺν
751 4219 882 4286 ἄλλοισιν
905 4221 1008 4292 θαλίαις
1033 4221 1096 4300 ἔχει
1119 4220 1297 4300 οὐρανίδαισι.

480 4339 552 4401 174.
588 4340 616 4401 ἐν
651 4339 679 4402 δὲ
714 4346 777 4421 μιᾷ.
814 4338 989 4402 Boeckhius
1024 4339 1192 4414 existimat,
1227 4337 1352 4401 Poetam
1380 4338 1441 4422 jam

432 4462 565 4520 avertere
596 4457 729 4521 voluisse
758 4457 910 4542 pericula,
935 4480 1013 4544 quae
1036 4465 1141 4545 postea
1164 4455 1339 4542 Diagoridis
1367 4457 1443 4523 acci·
