3767 5534
901 743 963 840 sor

716 949 765 1013 nal
789 944 1000 1027 μοιρνοομένων,

715 1068 779 1147 πρὶν
802 1069 886 1136 τέλος
910 1060 993 1140 ἄκρον
1019 1059 1146 1123 inlatas·

715 1184 802 1250 eata
824 1182 884 1262 γὰρ
907 1180 978 1244 διδοῖ
998 1177 1091 1247 τέλος.

475 1312 526 1373 84.
562 1311 676 1384 Σᾶμος.
712 1304 828 1368 Eadem
852 1300 998 1365 memoria
1025 1296 1151 1360 affertur
1175 1286 1379 1355 ascholiastis
1396 1306 1443 1347 ve-

430 1428 547 1493 teribus
571 1449 588 1490 e
611 1423 732 1509 Diphili
754 1419 921 1486 Theseide:

563 1545 673 1624 τρέψας
697 1543 727 1606 δὲ
751 1542 878 1616 πώλους,
903 1540 939 1610 ὦς
963 1538 976 1603 ὅ
1000 1533 1167 1603 Μαντινεὺς
1191 1538 1303 1606 Σῆμος,

563 1662 593 1736 ὃς
617 1669 725 1739 πρῶτος
747 1657 859 1739 ἅρματ’
884 1658 993 1733 ἤλασεν
1017 1654 1084 1734 παρ’
1109 1650 1252 1732 Ἀλφειῷ.

478 1787 529 1846 84.
565 1780 725 1862 οὶλιῤῥοθίου.
761 1776 883 1841 Nomen
907 1774 1093 1860 adjectivum
1116 1791 1181 1833 esse
1197 1765 1337 1841 videtur,
1355 1784 1449 1847 appo·

432 1902 525 1966 situm
558 1898 706 1963 vocabulo
736 1894 922 1964 Μυντννέοοςε
957 1889 1121 1976 significari
1153 1893 1257 1951 autem
1289 1882 1449 1947 Mantinea

435 2020 553 2085 marina
576 2018 638 2081 sive
662 2014 829 2100 Neptunia.
876 2011 923 2075 De
946 2010 1013 2095 ipso
1037 2008 1188 2093 adjectivo
1211 2003 1280 2067 vide
1302 2001 1449 2086 Stephon.

434 2138 525 2203 Thes.
557 2138 588 2201 in
620 2158 704 2201 voce.
749 2133 902 2199 scribitur
932 2131 1026 2197 etiam
1051 2128 1205 2213 οἱοίῤῥοθος,
1231 2123 1315 2188 velut
1339 2118 1449 2183 Aesch.

435 2257 519 2321 Pers.
549 2258 610 2322 367

593 2374 716 2446 ἔκπλους
736 2375 904 2454 φυλάσσειν
926 2373 977 2437 κοοὶ
1000 2370 1099 2449 πόρους
1122 2367 1289 2450 νὶλνβρὁους.

441 2493 665 2571 Halirrhothii,
697 2492 753 2556 filii
783 2491 941 2577 Neptuni,
967 2490 1090 2573 dequo
1114 2486 1219 2551 scribit
1243 2482 1450 2569 Apollodorus

439 2612 476 2676 L.
501 2611 553 2676 III
577 2611 612 2675 O.
638 2610 732 2686 XIV,
757 2610 902 2675 memoria
925 2609 1070 2673 adhunc
1094 2607 1196 2671 locum
1219 2627 1282 2668 non
1299 2602 1449 2687 pertinere

441 2731 576 2795 videtur:
602 2730 850 2794 Halirrhothium
873 2751 944 2794 vero
968 2729 1070 2814 ipsum
1094 2725 1279 2812 Neptunum
1302 2720 1451 2807 appellari

439 2850 560 2935 putavit
590 2848 758 2932 Didymus:
790 2870 891 2933 neque
920 2847 954 2911 id
985 2848 1087 2932 ipsum
1114 2843 1280 2910 absurdum
1307 2847 1371 2918 est,
1395 2839 1449 2903 sed

440 2966 595 3052 quomodo
634 2966 803 3031 Pindarum
842 2966 1056 3050 explicaverit,
1094 2986 1156 3029 uon
1191 2962 1278 3026 satis
1301 2930 1451 3044 intellige.

442 3086 511 3152 Hoo
542 3108 613 3149 vero
645 3108 708 3150 non
736 3084 1041 3170 praetermittendum
1071 3090 1133 3159 est,
1167 3081 1297 3146 eundem
1321 3080 1452 3155 dixisse,

443 3204 632 3268 Mantineam
662 3204 756 3268 fuisse
786 3226 902 3268 saoram
926 3173 1092 3286 Neptune,
1117 3208 1148 3265 et
1171 3199 1398 3263 Mantineenses
1421 3196 1454 3261 in

442 3322 556 3407 clypeis
580 3322 700 3405 insigne
724 3330 856 3405 gestasse
879 3320 1022 3385 tridentis
1046 3318 1219 3404 Neptunii,
1243 3319 1336 3402 idque
1351 3318 1452 3402 ipsum

443 3464 461 3505 a
490 3440 676 3524 Bacchylide
709 3440 856 3524 seriptum
888 3440 991 3505 fuisse.
1037 3438 1079 3503 nt
1103 3438 1247 3503 dixerunt
1270 3434 1454 3521 Neptunum

444 3558 502 3623 sibi
525 3558 697 3644 adjutorem
719 3558 813 3621 fluisse
835 3558 1065 3622 Mantineenses
1088 3580 1125 3622 eo
1148 3556 1280 3642 proelio,
1304 3578 1366 3641 quo
1383 3553 1457 3638 Agi-

444 3676 514 3741 dem
545 3685 574 3739 et
604 3676 863 3740 Lacedaemonios
893 3677 1048 3740 vicerunt:
1080 3676 1212 3739 Pansam.
1244 3674 1280 3738 L.
1312 3673 1395 3737 VIII
1418 3672 1455 3736 O.

445 3793 475 3856 X
507 3797 538 3857 4.
584 3793 625 3857 Et
654 3794 714 3857 fuit
741 3794 916 3859 Mantineae
948 3796 1097 3879 templum
1128 3802 1216 3858 vetus
1248 3793 1387 3878 Neptuni
1410 3793 1454 3856 ita

445 3920 612 3996 augustum
643 3920 674 3976 et
703 3913 900 3998 religiosam,
933 3920 971 3977 ut
1001 3913 1177 3977 Hadrianus
1208 3920 1315 3997 postea
1338 3932 1457 3975 summa

349 4103 354 4118 ὑ
444 4050 519 4093 eura
547 4039 580 4093 et
610 4031 758 4115 religione
786 4054 861 4095 usus
889 4032 933 4095 sit
956 4032 989 4095 in
1014 4034 1079 4117 q'us
1100 4032 1265 4096 sanotitate
1289 4029 1455 4108 servanda,

447 4170 543 4233 quum
572 4172 686 4214 novum
715 4150 864 4235 templum
896 4151 1131 4235 oiroumjioeret:
1164 4149 1268 4234 ibique
1296 4149 1375 4213 fama
1398 4148 1458 4212 fuit

447 4290 542 4351 aquae
573 4269 724 4345 marinae,
754 4290 833 4351 quae
864 4268 988 4352 quidem
1012 4269 1044 4331 in
1067 4270 1192 4352 regione
1216 4276 1278 4351 tam
1303 4267 1450 4352 procula

447 4387 523 4451 mari
546 4394 662 4450 'remota
681 4386 959 4451 manifestissimam
974 4387 1032 4450 Dei
1049 4386 1239 4451 voluntatem
1254 4386 1453 4471 significaret:

448 4511 479 4568 et
511 4526 577 4567 eam
608 4525 715 4587 aquam
747 4503 851 4567 subito
882 4513 1092 4588 erumpentem
1116 4505 1271 4568 eastitatis
1295 4511 1326 4567 et
1345 4503 1454 4566 mortis
