3767 5534
918 724 980 785 112

707 928 826 1008 Θήρωνα
848 926 878 989 δὲ
900 927 1067 1005 τετραορίας

706 1044 815 1111 Ἕνεκα
839 1044 991 1127 νικαφόρου

708 1164 888 1242 Γενοινντέον
911 1164 977 1246 όπὶ,

634 1319 637 1334 v
707 1284 825 1350 Δίκαιον
847 1282 942 1361 ξένον,

703 1404 837 1485 Ἕρεισρο’
859 1403 1079 1485 Ἀκράγαντος,

706 1524 868 1601 Εὔιονόροοιν
894 1547 928 1587 τε
951 1521 1081 1603 πατέρων

701 1642 813 1707 ’Άοντον
836 1641 993 1721 ὀρθόπολιν·

792 1787 796 1794 ·
812 1764 858 1827 Ἀ.
883 1763 922 1825 α’.
969 1772 1004 1828 K.
1029 1760 1072 1827 ιδ’.

704 1880 856 1957 Καμόντες
881 1877 908 1945 οἳ
930 1881 1031 1945 πολλοὶ
1054 1882 1149 1961 dead,

705 1999 786 2080 Ἱερὸν
810 1999 898 2080 ἔσχον
921 1998 1028 2077 οἵκιρροα

706 2125 861 2197 Ποταμοῦ,
885 2119 1022 2191 Σικελίας
1045 2116 1073 2184 τ’
1088 2117 1158 2183 ἔσαν

706 2238 897 2323 Ὀφόαλμός,
921 2239 990 2304 αἰόν
1012 2236 1039 2304 τ’
1055 2239 1123 2322 ἔφε-

744 2381 782 2422 πε
804 2358 942 2438 μόρσιμος
949 2406 958 2435 ,
983 2355 1108 2423 πλοῦτόν

703 2486 747 2541 Τε
771 2476 820 2541 καὶ
842 2477 930 2558 χόριν
953 2478 1034 2555 ἅγιον

704 2597 836 2673 Γννσόαις
860 2596 906 2661 ἐπ’
929 2598 1059 2677 ἀρεταῖς.

705 2714 805 2798 Ἀλλ’,
831 2712 851 2779 ό
874 2718 969 2797 Κρόνιε
992 2722 1051 2780 παῖ
1071 2716 1171 2790 Ῥέας,

446 2898 627 2912 ffl

471 3008 510 3057 10.
536 3005 602 3055 Libri
629 3004 732 3063 habent,
755 3004 818 3068 quod
846 3004 968 3063 dedimus,
994 3006 1087 3069 praeter
1112 3003 1308 3069 Gottingenaem‚
1334 3003 1375 3052 nbi
1401 3021 1453 3055 non

435 3120 485 3153 eoae
503 3107 555 3162 ὀπὶ,
573 3101 615 3150 sed
633 3103 670 3152 ὄπι
688 3100 747 3149 dicit
765 3100 908 3150 Boeokhine.
934 3101 1022 3149 Postea
1040 3116 1095 3150 vero
1113 3116 1184 3164 quana
1203 3100 1355 3149 Hermannns
1372 3100 1452 3151 libro-

434 3216 488 3249 rnm
512 3198 632 3263 scriptura
654 3213 702 3245 noa
728 3200 855 3246 contentus
876 3198 936 3255 fuit,
955 3196 996 3245 alii
1013 3212 1107 3260 quoque
1125 3196 1301 3245 emendationes
1318 3197 1451 3247 tentandae

435 3312 485 3345 esee
507 3297 659 3358 putaverunt.
693 3293 818 3342 Dederunt
838 3293 888 3341 fere
904 3301 1053 3358 γεγωνητέον,
1078 3293 1128 3343 ὄπιν
1149 3293 1233 3345 δίκαιον
1256 3293 1334 3351 ξένων,
1356 3292 1396 3341 vel
1414 3314 1454 3358 γε·

433 3399 556 3458 νικητέον,
581 3390 619 3441 ὄπι
643 3391 725 3441 δίκαιον
749 3391 822 3449 ξένων.
856 3391 937 3454 Atque
959 3389 996 3438 hie
1022 3390 1072 3447 όπις
1092 3389 1158 3439 dieta
1182 3389 1276 3438 videtur
1297 3389 1335 3438 vel
1353 3389 1451 3455 simpli·

434 3488 495 3537 citer
516 3487 587 3546 eura,
610 3485 647 3535 vel
665 3486 797 3535 reverentia
820 3485 941 3550 hospitum
959 3489 1058 3549 propter
1080 3485 1144 3534 Deos
1161 3484 1259 3534 ultores.
1293 3484 1452 3536 Ahlwardtno

435 3599 490 3633 aero
512 3581 589 3631 edidit
612 3578 730 3646 yayamd'
747 3585 798 3641 ὀπὶ,
816 3586 853 3633 τὸν
877 3583 960 3633 δίκαιον
976 3583 1042 3641 ξένον.
1077 3582 1108 3630 iit
1124 3597 1207 3630 nnraua
1224 3580 1294 3630 aliter
1311 3580 1449 3645 Kayserue,

433 3680 500 3729 Leot.
525 3677 595 3727 Pind.
612 3693 635 3741 p.
657 3680 684 3733 5,
702 3682 780 3727 metro
800 3678 937 3727 consultum
954 3678 1032 3727 voluit
1049 3681 1073 3726 et
1091 3677 1242 3726 scribendum
1259 3676 1352 3740 putavit
1373 3696 1444 3741 yeyov

432 3783 509 3835 νητίον
525 3780 546 3825 ἐν
562 3778 615 3838 ὀπὶ,
638 3775 721 3824 δίκαιον
738 3776 804 3832 ξένον.
831 3774 983 3833 Karstenius,
1001 3774 1026 3822 in
1045 3773 1168 3838 Exaerptie
1187 3790 1199 3822 e
1218 3771 1337 3821 veteribus
1360 3772 1447 3821 Poetis

433 3871 529 3921 Graecia
548 3871 625 3930 1846,
643 3869 718 3919 edidit

892 3974 1002 4037 νικαφόρρ

677 4068 810 4126 γεγωνητέον
826 4067 848 4113 όν
865 4068 919 4123 ὀπὶ,
938 4064 1070 4121 dannatione»

682 4157 780 4224 ἔρεισμ’.

432 4255 546 4304 Ceterum
562 4260 628 4303 reete
645 4251 705 4301 dicit
721 4252 746 4301 in
764 4254 919 4308 annotatione
936 4252 1032 4313 critica,
1053 4256 1091 4306 ὄπι
1107 4270 1151 4319 pro
1164 4256 1223 4307 όπιδι
1234 4269 1306 4318 aeque
1317 4252 1446 4306 insolitum

432 4366 482 4400 eoae
499 4353 571 4413 atque
589 4354 625 4420 ιρι
640 4364 685 4413 pro
703 4350 767 4419 ἔριδι.

467 4446 507 4497 19.
532 4448 634 4497 πλοῦτον,
667 4444 796 4510 Bergkius,
820 4462 868 4494 non
894 4446 1034 4511 cujusquam
1060 4447 1114 4496 libri
1141 4446 1260 4512 scriptura
1286 4447 1374 4505 fretus,
1400 4448 1444 4497 aad

434 4543 509 4592 iretua
525 4542 658 4592 Hermanni
675 4541 782 4602 monitu,
800 4542 875 4592 edidit
892 4545 904 4593 ὁ
919 4546 1019 4595 πλοῦτον.
