3767 5534
935 709 976 769 88

441 912 487 989 si,
513 910 584 995 quid
611 910 737 997 probet,
763 911 949 993 quaerimus,
975 910 1012 974 ab
1037 911 1121 974 omni
1137 910 1298 975 audaciore
1314 910 1461 987 consilio,

442 1031 501 1095 nisi
525 1029 659 1113 aliquam
683 1029 893 1093 necessitatem
918 1028 1002 1092 Deus
1027 1029 1148 1107 afferat,
1173 1029 1290 1094 alienus
1314 1037 1374 1094 est:
1397 1051 1462 1093 om·

442 1150 516 1214 nino
547 1148 580 1212 iu
611 1147 782 1213 cohibendo
812 1147 943 1211 maxima
971 1156 1017 1211 est
1039 1147 1121 1233 apud
1145 1170 1216 1212 eum
1238 1148 1460 1234 temperantiae

442 1269 526 1347 laus,
560 1290 639 1345 non,
672 1266 929 1351 quemadmodum
958 1267 1040 1351 apud
1064 1267 1249 1346 Pindarum,
1273 1276 1336 1332 tam
1359 1269 1393 1333 in
1416 1268 1460 1332 f·
1533 1270 1534 1273 ’

438 1388 535 1454 rende
565 1411 657 1472 quam
688 1388 721 1451 in
752 1385 941 1450 emendando
965 1386 1119 1451 fortunam
1143 1387 1346 1472 laudibusque
1371 1410 1457 1473 spec-

440 1509 559 1574 tandis:
592 1508 676 1572 velut
708 1506 759 1570 bic
782 1506 948 1571 Hieronem
974 1508 1116 1572 excitavit
1139 1516 1175 1572 ut
1198 1508 1301 1593 pulcra
1325 1514 1459 1573 verteret

439 1637 533 1694 extra.
550 1630 573 1711 Ι)
618 1626 684 1691 Neo
715 1649 785 1690 vero
819 1626 969 1690 Pindarus
1000 1627 1147 1691 invidiam
1176 1627 1311 1692 Deorum
1335 1650 1402 1691 esse
1425 1635 1458 1691 et

437 1750 541 1814 omnia
570 1748 693 1812 turbare
725 1747 883 1830 exposuit,
915 1746 969 1810 sed
992 1746 1173 1832 deprecatus
1197 1748 1362 1832 aliquando
1388 1770 1457 1812 eam

439 1877 502 1946 est,
528 1868 601 1953 quia
622 1865 832 1950 intelligebat,
858 1887 946 1950 posse
969 1867 1001 1930 in
1025 1890 1090 1931 eam
1113 1867 1229 1932 incurri
1252 1874 1334 1945 tum,
1355 1890 1457 1952 quum

438 1987 605 2075 praestanti
629 1993 709 2049 sorte
732 1984 865 2049 donatus
889 1986 945 2064 sis,
971 2009 1048 2071 quae
1068 1986 1156 2052 facile
1177 1987 1340 2071 perducere
1356 1987 1458 2071 possit

437 2108 476 2172 ad
507 2106 698 2192 superbiam,
730 2126 836 2169 verum
864 2104 956 2169 etiam
987 2128 1058 2170 ase
1081 2106 1260 2191 deprecatur
1282 2108 1363 2192 ipse:
1389 2107 1455 2171 lau·

438 2226 540 2292 dando
563 2226 716 2291 torturum
740 2232 770 2287 et
793 2218 935 2288 victorias
959 2247 1079 2302 eorum,
1104 2248 1180 2310 quos
1204 2228 1266 2291 suis
1284 2228 1454 2313 praeconiis

439 2344 581 2424 ornabat,
605 2366 644 2408 ne
667 2343 745 2407 forte
763 2343 892 2407 nimium
909 2344 1059 2408 conferret
1073 2346 1106 2409 in
1121 2346 1220 2430 ipsos,
1238 2346 1412 2432 pertimuit:
1426 2346 1454 2430 2)

438 2474 542 2531 nectar
566 2462 817 2558 etvambrosiam‚
842 2486 920 2547 quae
943 2486 961 2527 a
985 2464 1051 2528 Diis
1075 2472 1247 2550 acceperat,
1274 2466 1452 2530 hominibus

436 2582 640 2670 impertiendo
663 2580 811 2645 Tantalus
836 2582 956 2667 culpam
980 2584 1151 2648 invenerat:
1164 2584 1192 2669 8)
1213 2586 1278 2671 ipse
1294 2607 1364 2649 vero
1381 2585 1453 2650 Mu·

435 2726 538 2767 sarum
563 2702 643 2765 dona
667 2708 839 2786 acceperat:
865 2701 939 2766 haec
962 2702 1116 2768 intellexit
1138 2726 1200 2768 non
1223 2706 1267 2769 ita
1290 2728 1321 2769 sc
1341 2704 1454 2771 debere

434 2824 469 2887 in
495 2821 636 2905 aequales
660 2819 812 2897 conferre,
836 2829 872 2884 ut
895 2820 1032 2886 Deorum
1058 2824 1155 2887 instar
1177 2845 1242 2888 esse
1265 2823 1453 2889 viderentur.

435 2942 485 3007 Sic
517 2948 548 3005 et
581 2940 755 3003 Herodotus
779 2947 810 3007 et
832 2940 983 3006 Pindarus
1007 2942 1230 3022 existimarunt,
1263 2966 1324 3008 non
1353 2945 1454 3009 sinere

435 3061 540 3125 Deum
572 3058 664 3123 alium
696 3058 759 3122 alta
781 3060 893 3145 spirare
916 3060 977 3125 nisi
1001 3084 1033 3125 se
1055 3062 1172 3147 ipsum:
1197 3062 1250 3126 sed
1273 3061 1453 3128 Herodotus

401 3164 404 3168 ⁴
437 3187 565 3263 propter
587 3200 686 3241 rerum
710 3176 911 3244 humanarum
935 3180 1170 3246 inconstantiam
1194 3180 1276 3246 Deos
1295 3183 1452 3268 suspexit:

437 3296 588 3362 Pindarus
618 3318 679 3360 uon
704 3297 776 3379 quia
798 3298 924 3362 turbant
947 3300 1066 3377 omnia,
1091 3299 1143 3363 sed
1168 3302 1240 3386 quia
1263 3300 1354 3385 longe
1377 3309 1452 3366 sunt

437 3416 608 3503 superiores
639 3414 745 3492 nobis,
779 3424 809 3479 et
839 3416 978 3482 adoravit
1008 3441 1059 3482 eos
1087 3428 1117 3483 et
1139 3442 1261 3484 causam
1283 3420 1451 3485 modestiae

435 3559 470 3600 ac
496 3534 618 3620 pietatis
642 3534 874 3600 commendavit.

908 3747 925 3830 q
948 3749 977 3809 4.

565 3953 756 4038 Comparatio
781 3957 912 4020 Pindari
934 3981 1000 4021 curu
1023 3960 1122 4021 Poetis
1145 3960 1312 4024 diducticts.

478 4162 597 4226 Floruit
618 4162 709 4226 donia
733 4163 843 4228 studiis
867 4166 1093 4251 philosophiae,
1115 4167 1152 4230 de
1172 4178 1321 4232 astrorum
1337 4191 1445 4245 cursu,

431 4281 468 4345 de
498 4280 605 4345 mundi
633 4282 764 4367 origine,
793 4283 830 4347 de
854 4285 958 4348 divina
981 4296 1090 4350 natura
1113 4286 1313 4371 inquirentis,
1338 4288 1446 4352 llorue·

464 4528 488 4591 1)
507 4529 577 4580 Cous.
592 4545 647 4594 pap.
667 4528 706 4579 58,
791 4530 816 4591 2)
834 4530 904 4580 Conl.
920 4548 975 4598 paq.
994 4530 1038 4593 37,
1057 4533 1096 4583 64.
1186 4534 1210 4596 3)
1228 4533 1300 4582 Conl.
1314 4550 1385 4600 μαψ.
1405 4536 1445 4588 la.

520 4713 530 4744 b
