3767 5534
909 712 974 772 215

616 906 688 975 Λίνε
710 910 806 974 ναίετε
827 911 1017 974 καλλίπωλον
1038 906 1135 989 ἕδραν,

612 1027 665 1092 Ὦ
686 1029 815 1108 λιπαροῖς
837 1026 959 1103 ἀοίδιμοι
982 1026 1136 1104 βασίλειοι

527 1139 531 1149 ’
615 1144 736 1224 Χοίοιτες
758 1144 958 1229 Ὀρχομενοῦ,

614 1261 807 1340 nostrone
830 1267 946 1329 Μιννῖιν
967 1265 1133 1339 ἐπίσκοποι,

613 1376 720 1455 Κλῦτ’,
743 1378 808 1445 ἐπεί
829 1380 970 1461 εὔχομαι.

615 1497 675 1561 Σὺν
697 1498 757 1578 peip
780 1498 848 1575 ὑμῖν
868 1499 910 1563 τοὶ
931 1499 1043 1579 τερπνοί
1066 1498 1116 1564 καί
1139 1498 1180 1563 τοὶ
1202 1498 1319 1575 γλυκέα

615 1614 729 1680 Γίνεται
751 1615 853 1680 ποίντοι
875 1615 1007 1697 βροτοῖς,

617 1733 654 1798 Ei
677 1732 766 1815 σοφὸς
789 1732 813 1798 εί
835 1734 925 1806 καλὸς
948 1732 976 1799 εί
994 1759 1038 1807 τις
1061 1734 1179 1812 cybala

614 1850 708 1931 Ἀνήρ.
733 1849 801 1916 οὔτε
824 1851 883 1931 γὰρ
905 1852 960 1916 decl
1408 1854 1447 1914 10

434 1959 632 1969 —-—

467 2007 493 2056 2.
518 2009 576 2059 αίτι.
609 2006 648 2057 Sic
677 2007 764 2058 lemma
789 2008 878 2058 veteris
901 2008 987 2058 acholii
1012 2012 1036 2059 et
1061 2009 1164 2059 editores
1190 2007 1349 2058 recentiores:
1376 2008 1449 2067 libri,

433 2105 554 2166 qnantum
571 2102 634 2162 ecio,
651 2106 681 2155 αί
691 2124 727 2155 τι.

431 2172 436 2181 .
468 2196 494 2246 2.
518 2200 663 2250 καλλίπωλον.
696 2199 744 2250 Μο.
769 2197 840 2248 Βοιλλ.
865 2202 890 2248 et
914 2220 928 2262 γ
954 2201 1098 2265 καλλίβωλον.
1131 2197 1266 2263 Utrumque
1292 2197 1448 2263 agnocitnra

433 2291 572 2342 scholiastis
589 2292 709 2342 veteribus
726 2298 750 2342 et
767 2293 949 2343 recentioribus.
983 2294 1046 2343 Nam
1063 2293 1088 2342 in
1106 2292 1226 2343 veteribus
1239 2292 1452 2356 interpretationes

432 2390 492 2437 aunt
513 2396 553 2450 τὴν
573 2392 655 2452 eriperes
677 2389 825 2458 Ὀρχομενὸν,
847 2394 871 2440 et
889 2394 976 2441 irretiret
994 2394 1093 2453 λέγονται
1111 2394 1132 2440 οἱ
1151 2390 1307 2458 ὀρχομίνιοιι
1324 2389 1349 2436 in
1367 2403 1451 2436 recen·

434 2482 538 2533 tionibus
560 2490 630 2534 τόπον
651 2487 800 2547 καλλίπωλον,
827 2494 942 2536 emino
963 2489 1040 2542 ἵπποις
1063 2497 1181 2550 κομῶντα,
1200 2490 1215 2542 ἣ
1232 2487 1382 2551 καλλίβωλον,
1402 2489 1452 2541 ἤτοι

432 2582 524 2644 εὔγειον.
557 2578 626 2628 Uret.
643 2581 665 2628 A
682 2581 828 2629 καλλίπωλοι.

469 2674 493 2723 2.
518 2674 593 2742 tipice.
628 2672 668 2722 Sic
690 2673 745 2722 illd.
769 2676 795 2723 et
818 2672 887 2723 Urat.
910 2673 939 2723 B.
975 2674 1004 2722 ln
1024 2673 1076 2723 allis
1093 2674 1213 2738 posterior
1230 2673 1320 2738 syllaba
1338 2673 1363 2723 in
1382 2689 1452 2722 versu

434 2770 550 2831 quente
568 2767 674 2832 ponitur.

467 2863 492 2911 4.
517 2862 585 2912 Uret.
609 2862 630 2911 B
646 2864 743 2933 χαρίης
760 2868 898 2933 δοχομίνοο,
920 2862 1019 2927 ejusque
1036 2866 1131 2914 vetusta
1147 2877 1232 2912 manna
1248 2863 1274 2912 in
1293 2863 1330 2913 his
1347 2862 1450 2912 desinit:

432 2958 526 3023 reliqna
543 2972 624 3007 recens
640 2958 665 3007 in
682 2958 772 3007 recenti
790 2958 849 3008 lolio
866 2958 969 3023 scripsit.
1004 2958 1059 3008 vat.
1076 2957 1225 3028 Ἐρχομινοῦ,
1239 2974 1337 3023 camqne
1349 2960 1451 3008 formam

433 3053 571 3103 Boecklriua
593 3053 682 3117 aliique
706 3053 806 3104 Boeotia
832 3054 946 3104 usitatam
971 3053 1043 3104 inisse
1069 3053 1220 3112 existimant,
1246 3057 1273 3103 nt
1299 3053 1368 3102 video
1388 3052 1451 3117 apud

433 3146 654 3197 Schneidewinum:
679 3148 724 3198 boc
746 3151 827 3197 autern
844 3149 897 3198 loco
914 3149 1087 3199 restituendam
1105 3149 1166 3198 dixit
1183 3148 1318 3198 Boeclrhiua
1335 3148 1360 3198 in
1379 3147 1453 3212 expli·

434 3242 578 3294 cationibns.

468 3338 492 3391 ί.
517 3340 554 3389 σὺν
574 3344 624 3409 γὰρ
639 3341 699 3404 ὑμῖν.
731 3339 782 3389 Pal.
800 3338 821 3388 O
837 3342 886 3404 bpl.
922 3339 951 3388 ln
966 3338 1032 3389 Leid.
1049 3339 1072 3388 A
1089 3339 1155 3388 abeat
1172 3346 1231 3408 γὰρ,
1250 3339 1291 3388 sed
1308 3339 1451 3404 agnoscitur

433 3436 461 3485 in
481 3434 533 3499 ejas
554 3435 633 3500 glossa
654 3434 810 3485 interlineari.
842 3435 995 3485 Hermannna
1017 3437 1055 3486 σὺν
1074 3441 1121 3505 γὰρ
1143 3440 1229 3502 ὔμμιν,
1252 3434 1391 3485 Boeclrhiua
1415 3438 1453 3485 edi

435 3534 490 3595 ὑμῖν
505 3535 559 3597 γὰρ.

470 3623 494 3677 7.
519 3630 551 3675 τὰ
571 3629 659 3693 τερπνὰ
675 3628 721 3676 καί.
755 3624 811 3673 vat.
827 3626 853 3673 et
869 3623 921 3673 Pal.
938 3623 958 3673 (λ
976 3629 1007 3675 τὰ
1023 3628 1110 3693 repasci
1126 3644 1154 3676 τι
1170 3628 1216 3677 καὶ.
1248 3623 1401 3673 Hermannua
1418 3630 1450 3677 τά

436 3742 463 3785 pa
479 3726 568 3791 repandi
583 3726 634 3785 καὶ,
653 3720 789 3770 Boeckhiaa
801 3726 832 3772 τά
849 3740 875 3771 τι
892 3725 979 3789 τερπνὰ
995 3722 1049 3782 καί,
1065 3718 1136 3784 idque
1152 3718 1318 3784 Heyninajam
1330 3719 1449 3770 voluerat.

469 3815 495 3869 7.
518 3815 547 3865 In
565 3814 657 3865 scholio
675 3819 756 3865 vetere
772 3814 889 3880 scriptum
906 3818 956 3864 eat:
974 3819 995 3865 ol
1013 3821 1059 3883 γὰρ
1076 3820 1196 3883 ίπιχαριῖς
1213 3814 1242 3867 δι’
1258 3818 1319 3880 ὑμᾶς
1336 3825 1393 3866 πᾶσι
1404 3823 1449 3880 μό-

437 3932 498 3978 νιμοι
513 3913 551 3963 διὰ
568 3919 665 3971 recede:
682 3913 783 3962 fortasse
800 3927 844 3976 pro
860 3922 919 3965 πᾶσι
935 3919 1028 3977 μόνιμοι
1045 3909 1172 3975 legandum
1190 3915 1312 3975 ιῦωννμοι,
1327 3915 1354 3961 ut
1365 3911 1449 3960 literae

437 4017 489 4058 πᾶν
504 4023 518 4056 e
534 4007 620 4057 vitiosa
635 4007 829 4073 praecedentium
845 4016 909 4073 -μᾱς
925 4006 1070 4072 repetitione
1087 4009 1154 4056 ortae
1172 4006 1230 4056 sint.

470 4104 494 4153 8.
518 4105 613 4168 γίνεται.
648 4105 777 4154 Mutarcnt
800 4104 910 4154 nonnulli
934 4108 1048 4169 γίγνεται,
1080 4102 1273 4152 Schneidewinns
1297 4102 1322 4150 in
1346 4100 1450 4150 editione

435 4199 512 4249 altera
528 4198 691 4249 Bibliothecae
708 4199 885 4249 Teubnerianae
902 4196 978 4263 γλυκέ’
997 4205 1086 4250 ἄνεται.

471 4295 512 4345 10.
536 4296 585 4345 Ριο
601 4299 652 4348 cire
667 4295 860 4345 Schneidewinus
876 4300 901 4343 et
917 4293 1069 4359 Hartnngina
1086 4293 1144 4344 οὐδὲ.
1177 4290 1313 4341 Bocclhius

834 4394 885 4442 ὥτε
900 4396 948 4458 γὰρ
965 4394 1010 4441 θεοὶ

832 4491 857 4538 τί
874 4494 974 4552 σεμνᾶν,
