3767 5534
903 732 968 792 248

363 940 402 999 20
428 936 570 999 irretorta
593 957 690 997 meam
714 934 849 1017 linguam
875 932 988 995 excitat
1012 930 1281 1014 adloquendum,
1306 938 1336 995 et
1360 932 1445 995 inex-

429 1054 594 1141 pugnabile
626 1077 704 1139 opus
735 1061 781 1116 est
812 1074 927 1115 morem
959 1050 1098 1115 occulere
1129 1052 1267 1115 insitum.
1323 1048 1442 1127 Vobis,

428 1174 483 1239 filii
507 1175 632 1251 Alatae,
664 1173 763 1237 multa
788 1171 982 1235 victoriarum
1009 1170 1119 1234 decora
1142 1169 1312 1247 dederuut,
1345 1191 1446 1253 quum

428 1312 547 1354 summa
576 1289 765 1353 fortidudine
797 1289 981 1375 superaretis
1013 1288 1106 1352 sacris
1137 1288 1169 1352 in
1201 1288 1441 1366 certaminibus,

427 1411 524 1474 multa
556 1409 690 1473 virorum
720 1408 896 1494 pectoribus
920 1408 1093 1492 injecerunt
1117 1406 1219 1472 Horae
1238 1408 1366 1473 floridae
1395 1431 1445 1472 ve·

425 1530 498 1592 teris
529 1528 654 1592 inventa
683 1527 862 1612 sapientiae.
909 1525 1049 1605 Quodvis
1081 1549 1159 1611 opus
1191 1526 1370 1592 inventoris·
1384 1535 1442 1592 est.

427 1648 541 1713 Bacchi
579 1647 660 1712 unde
699 1653 910 1733 apparuerunt
948 1668 1018 1710 cum
1058 1646 1209 1710 clarisono
1244 1646 1442 1732 dithyrambo

427 1766 574 1832 Gratiae?
609 1766 689 1846 Quis
707 1766 836 1830 enimin
853 1765 1014 1830 curulibus
1030 1766 1244 1829 instrumentis
1261 1788 1442 1844 mensuras,

348 1892 388 1949 30
425 1886 473 1951 vel
496 1886 631 1951 Deorum
655 1886 778 1971 templis
803 1886 905 1949 avium
928 1908 1032 1970 regem
1055 1884 1211 1970 duplicem
1239 1886 1366 1971 posuit?
1401 1886 1442 1949 In

424 2004 486 2069 illis
517 2004 610 2069 Musa
640 2004 730 2069 dulce
762 2005 899 2089 spirans,
931 2005 964 2068 in
995 2004 1058 2068 illis
1090 2004 1174 2068 Mars
1203 2004 1290 2069 floret
1313 2004 1442 2069 letiferis

421 2127 571 2211 juvenum
595 2124 702 2188 hastis,
750 2124 891 2203 Summe,
918 2125 973 2209 qui
995 2125 1057 2188 late
1081 2125 1161 2209 regis
1181 2123 1375 2210 Olympiam,
1400 2125 1443 2189 sis

425 2245 577 2330 benignus
601 2244 701 2309 verbis
724 2246 800 2309 meis
824 2268 878 2329 per
901 2268 991 2309 omne
1014 2252 1153 2330 tempus,
1187 2243 1312 2329 Jupiter
1336 2251 1442 2330 pater,

426 2372 457 2427 et
479 2363 563 2427 hunc
586 2362 735 2450 populum
750 2363 816 2427 sine
835 2364 920 2427 clade
936 2387 1045 2448 regens
1062 2363 1279 2448 Xenophontis
1295 2386 1444 2448 prospera

428 2484 518 2547 sortis
541 2484 666 2547 flatum:
692 2496 722 2547 et
746 2484 848 2568 accipe
872 2485 937 2569 ejus
963 2506 1144 2548 coronarum
1167 2484 1280 2548 festum
1295 2482 1442 2562 modum,

350 2612 391 2667 ru
428 2626 518 2688 quem
550 2604 639 2668 Pisae
670 2626 707 2667 ex
738 2604 852 2688 campis
884 2603 988 2704 ducit,
1021 2626 1091 2668 cum
1123 2603 1322 2690 quinquertio
1348 2602 1443 2669 stadii

428 2746 518 2788 cursu
544 2724 658 2800 victor,
683 2745 761 2806 quae
785 2722 864 2786 nulli
888 2721 990 2786 adhuc
1014 2723 1079 2786 viro
1106 2722 1230 2787 mortali
1253 2723 1339 2808 prius
1362 2722 1443 2788 obti-

361 2898 364 2903 .
427 2850 549 2929 gerunt.
592 2841 634 2905 m
657 2840 720 2906 duo
743 2841 834 2905 illum
856 2849 1044 2905 coronarunt
1060 2864 1157 2906 nexus
1174 2842 1236 2927 apii
1252 2842 1284 2906 in
1301 2842 1443 2907 Isthmiis

429 2985 525 3047 quum
549 2962 701 3047 apparuit.
744 2960 811 3025 Neo
834 2959 952 3025 Nemea
974 2969 1139 3047 repugnat.
1177 2962 1278 3025 Patris
1302 2960 1445 3025 Thessali

353 3086 393 3144 50
430 3080 468 3145 ad
498 3081 610 3166 Alphei
639 3081 755 3145 fluenta
778 3079 871 3145 decus
895 3081 1010 3165 pedum
1034 3087 1134 3144 exstat
1157 3081 1354 3145 honoratum.
1402 3079 1444 3143 nt

429 3199 570 3285 Pythone
593 3200 686 3265 habet
710 3199 802 3263 stadii
825 3199 949 3264 laudem
969 3221 1137 3283 cursusque
1153 3198 1285 3283 duplicis
1303 3220 1365 3263 uno
1382 3198 1443 3263 die.

430 3319 608 3403 Eodemque
639 3342 742 3383 mense
774 3319 889 3383 saxosis
920 3319 1051 3382 Athenis
1084 3319 1143 3383 tria
1173 3340 1266 3403 opera
1288 3318 1443 3404 gloriosus

430 3439 541 3525 pedum
573 3439 682 3503 robore
712 3439 776 3503 dies
807 3439 1070 3524 praestantissima
1097 3439 1191 3503 comis
1215 3439 1379 3523 imposuit:
1413 3446 1445 3502 et

430 3558 567 3622 Hellotia
590 3560 712 3643 septies.
749 3558 787 3623 In
809 3559 996 3623 circumfluis
1013 3558 1154 3643 Neptuni
1171 3558 1252 3622 ludis
1264 3558 1443 3632 ,Ptoeodoro

351 3682 392 3741 60
428 3700 499 3742 cum
531 3686 617 3763 patre
652 3678 805 3763 longiores
838 3686 1005 3762 sequentur
1028 3678 1231 3763 Terpsiaeque
1256 3685 1286 3741 et
1310 3676 1443 3741 Eritimo

356 3821 365 3832 ·
428 3804 547 3862 cantus.
594 3796 725 3877 Quoties
756 3797 887 3884 Delphis
921 3798 1036 3862 vicistis
1071 3799 1164 3881 inque
1200 3796 1294 3881 septis
1322 3795 1443 3860 leonis?

429 3918 591 3982 Contendo
615 3940 685 3981 cnm
709 3917 816 3981 multis
838 3918 875 3982 de
896 3918 986 4003 copia
1005 3917 1149 3981 laudum:
1174 3916 1228 3981 sed
1244 3924 1326 3980 certe
1343 3915 1444 3980 dicere

430 4059 579 4123 nequeam
602 4037 788 4100 marinorum
812 4060 974 4101 numerum
998 4036 1195 4100 calculorum.
1243 4035 1387 4120 Sequitur
1410 4037 1442 4100 in

430 4156 513 4220 omni
528 4179 560 4220 re
577 4156 703 4220 modus:
722 4156 811 4220 illum
827 4178 1009 4240 cognoscere
1021 4156 1152 4220 maxime
1164 4164 1374 4240 opportunum
1386 4160 1442 4221 est.

354 4280 392 4340 lt)
429 4275 496 4361 Ego
519 4298 575 4361 pro
597 4298 664 4339 mea
687 4284 772 4360 parte
796 4276 826 4339 in
851 4300 884 4339 re
907 4277 1063 4341 communi
1088 4276 1251 4340 adveniens
1275 4282 1305 4339 et
1326 4274 1444 4359 sapien·

430 4398 504 4461 tiam
527 4396 657 4461 laudans
681 4405 817 4461 veterum
841 4396 1019 4480 bellumque
1040 4396 1272 4460 fortissimarum
1289 4394 1441 4460 virtutum

431 4538 490 4580 non
515 4516 646 4579 mentiar
669 4515 707 4579 de
731 4513 897 4579 Corintho:
929 4515 1097 4600 Sisyphum
1124 4515 1249 4601 quidem
1269 4512 1443 4600 prudentis·
