3767 5534
911 708 976 771 470

437 911 560 976 landem
586 908 802 984 recentiorem,
827 912 858 971 et
879 907 973 991 paulo
999 916 1069 970 ante
1093 906 1285 992 Olympicum
1307 910 1334 973 ei
1351 909 1459 994 Pythi·

436 1053 502 1095 cam
527 1028 684 1092 victoriam
707 1025 881 1109 contigisse.

484 1151 535 1213 17.
570 1141 794 1227 χαμαιπετέων.
830 1143 954 1207 Dicitur
984 1142 1110 1227 quidem
1134 1142 1171 1207 de
1197 1165 1267 1208 voca
1291 1144 1394 1223 irrita,
1420 1153 1458 1209 ut

435 1266 489 1351 Py.
514 1263 562 1328 VI
585 1266 625 1327 37
651 1260 765 1325 Nestor
787 1260 887 1324 filium
910 1260 943 1324 in
968 1260 1117 1324 auxilium
1142 1261 1293 1326 advocans

614 1379 808 1461 χαμαιπετὲς
835 1378 858 1441 δ’
882 1376 928 1459 ἄρ’
953 1378 1020 1449 ἔπος
1044 1382 1094 1443 οὐκ
1116 1380 1273 1460 οίπίριψεν·

435 1508 466 1566 et
489 1500 629 1564 simiIIter
652 1497 786 1570 caducus
811 1496 894 1581 apud
918 1495 1067 1560 Ovidium
1090 1496 1173 1562 Fast.
1198 1498 1215 1561 I
1243 1501 1303 1562 181

772 1636 828 1678 nec
855 1614 962 1698 lingua
987 1613 1116 1678 caducas

525 1736 659 1819 concipit
682 1734 747 1797 ulla
769 1756 889 1818 preces,
915 1733 1056 1819 dictaque
1081 1733 1202 1818 pondus
1226 1734 1351 1800 habeut.

438 1854 497 1919 Sed
521 1861 640 1928 tamen,
662 1853 723 1916 nisi
745 1850 852 1929 fallor,
878 1850 953 1914 huic
978 1851 1124 1916 vocabulo
1149 1859 1180 1915 et
1203 1852 1296 1917 verbo
1319 1852 1455 1934 ε’Φνίψεαι

438 1971 587 2036 hocloco
610 1971 700 2034 etiam
726 1969 832 2033 subest
854 1968 1042 2052 comparatio
1065 1967 1208 2033 telorum.
1255 1969 1350 2035 Recte
1370 1972 1456 2036 scho-

437 2090 527 2153 liasta
556 2096 660 2152 vetus:
689 2095 872 2167 χαμαιπετῆ
900 2087 930 2150 δὲ
961 2086 1059 2165 κυρίως
1089 2087 1150 2152 ἐστὶ
1183 2088 1292 2168 δίρατα
1321 2091 1338 2165 ἢ
1362 2090 1453 2168 βέλη,

436 2204 484 2272 dre
505 2204 699 2284 οίποτνχίντα
721 2210 772 2269 τοῦ
796 2203 932 2281 σώματος
954 2203 1059 2283 χαμαί
1084 2204 1197 2270 ἔπεσεν.

481 2325 534 2386 23.
570 2323 709 2396 αἰνήσαις.
744 2320 792 2385 ])ο
823 2320 921 2384 forma
953 2321 1109 2406 participii
1140 2324 1246 2386 monui
1270 2321 1309 2386 ad
1328 2321 1383 2388 Ol.
1408 2322 1454 2388 VI

441 2444 499 2519 10,
528 2463 597 2525 pag.
623 2442 698 2503 378.
734 2438 775 2501 ut
798 2440 1032 2523 conjunguntur
1054 2439 1179 2524 quidem
1203 2438 1364 2504 incudem
1388 2464 1453 2506 sen·

436 2559 533 2623 tentia
556 2556 752 2642 participium
777 2578 920 2642 praesens
945 2563 975 2619 et
995 2557 1100 2620 aoristi
1124 2555 1174 2621 Ol.
1199 2557 1251 2621 HI
1273 2560 1291 2621 3
1316 2560 1452 2639 γεραίρων

401 2659 404 2664 ’
435 2677 565 2757 ίρίιίοας.
601 2673 820 2738 Verumtamen
850 2675 982 2747 αἰνήσαις
1012 2673 1070 2737 hoc
1103 2674 1189 2752 loco,
1222 2681 1258 2739 ut
1292 2676 1449 2754 existimo,

435 2799 482 2857 est
509 2792 679 2877 optativus:
705 2792 805 2876 pergit
828 2791 924 2856 Poeta
948 2793 1145 2876 semetipsum
1169 2792 1340 2877 alloquens.

480 2912 533 2974 25.
571 2910 701 2990 Σώτειρα
724 2910 855 2988 Εὐνομία
878 2909 926 2973 Of.
952 2912 1110 2975 annotatio
1134 2910 1172 2974 ad
1195 2909 1246 2975 Ol.
1270 2911 1354 2975 VIII
1378 2915 1430 2976 20.

480 3030 533 3091 25.
569 3028 728 3108 λέλογχεν.
765 3027 854 3092 Ocni,
876 3050 954 3112 quae
971 3029 1186 3093 annotabimus
1202 3030 1240 3093 ad
1257 3028 1308 3093 Ol.
1325 3029 1404 3094 XIV
1423 3034 1449 3095 l.

481 3148 534 3210 27.
570 3143 683 3211 ίιίλλει.
719 3145 883 3211 Civitatem
898 3147 1045 3231 inclytam
1058 3148 1180 3233 justitia
1196 3148 1367 3214 multorum
1379 3170 1451 3234 quo

433 3283 493 3346 que
516 3263 548 3326 in
571 3263 653 3326 ludis
677 3264 827 3328 victorum
851 3265 995 3330 laudibus
1020 3266 1169 3330 floruisse.

478 3383 530 3443 32.
566 3379 678 3461 ματέρ’.
713 3380 882 3446 Locrorum
917 3381 1126 3468 Opuntiorum
1163 3382 1321 3468 Opuntem
1355 3384 1448 3449 fuisse

431 3499 616 3584 metropolin
640 3500 732 3563 etium
756 3499 882 3577 Strabo,
907 3500 943 3564 L.
965 3500 1012 3565 IX
1030 3525 1060 3586 p.
1078 3503 1157 3579 425,
1175 3479 1287 3566 diserte
1303 3502 1442 3568 affirmat:

429 3618 624 3683 ἐπεκαλοῦντο
652 3615 676 3680 δ’
703 3619 727 3681 οἱ
750 3618 804 3695 μὲν
827 3618 990 3684 Ὀπούντιοι
1013 3621 1074 3683 ant
1097 3628 1150 3693 τῆς
1173 3620 1396 3699 μητροπόλεως,
1418 3622 1441 3686 οί

430 3733 456 3796 δ’
486 3733 692 3810 Ἐπιιινημιδες
721 3736 780 3799 οίπδ
812 3734 886 3815 ὅρους
917 3737 991 3808 τινδς
1021 3737 1169 3814 Κννμίδος.
1216 3735 1258 3800 Et
1285 3736 1441 3823 deinceps:

430 3850 547 3928 οίρνιτέον
571 3850 596 3914 δ’
619 3848 679 3915 dno*
702 3859 757 3915 τῶν
782 3850 958 3918 Ὀπουντίων
964 3903 973 3936 ,
993 3892 1039 3902 -
1057 3856 1071 3916 ὁ
1091 3854 1115 3917 δ’
1132 3857 1241 3927 Ὀποῦς
1261 3855 1322 3920 εὀτι
1341 3860 1443 3933 μητρί·

432 3981 524 4038 πολις.
562 3966 663 4047 Quem
687 3968 788 4033 locum
811 3971 976 4055 respiciens
999 3970 1182 4035 Ilustathius
1206 3972 1244 4036 ad
1265 3972 1304 4040 Il.
1325 3972 1361 4035 H
1381 3974 1440 4036 531

432 4106 493 4147 non
525 4086 598 4149 satis
622 4085 786 4170 diligenter
810 4088 936 4153 eandem
960 4090 998 4155 ab
1024 4112 1059 4153 eo
1083 4088 1251 4154 Locrorum
1275 4089 1444 4175 Epicnemi-

433 4200 555 4269 diorum
578 4204 762 4288 metropolin
786 4204 899 4270 dictam
923 4229 988 4271 esse
1011 4205 1160 4290 perhibet.

478 4320 530 4380 32.
566 4320 783 4402 οίγλαίδενδρον.
819 4321 994 4387 Secundum
1024 4323 1204 4388 Strabonem
1231 4323 1344 4389 ibidem
1366 4326 1444 4389 inter

435 4434 591 4519 Opuntem
620 4444 650 4500 ct
673 4436 794 4522 Cynum
817 4440 910 4505 situm
935 4449 981 4504 est
1004 4441 1097 4507 πεδίον
1122 4441 1266 4518 εὔδαιμον.
