3767 5534
909 731 974 792 536

431 933 572 997 rambum
583 930 729 1016 pertinet:
743 936 775 993 et
785 930 922 1015 tripodes
938 936 1042 993 tamen
1054 952 1072 993 a
1084 929 1225 1015 Bentlejo
1237 930 1448 1015 negliguntur.
1504 998 1518 1018 ⁶

431 1049 606 1114 Bceclrhius
619 1048 706 1112 affert
718 1055 875 1132 praeterea
886 1046 1099 1123 Plutarchum,
1113 1046 1241 1127 Quaest.
1254 1047 1310 1111 Gr.
1323 1070 1354 1132 p.
1365 1047 1448 1109 298:

345 1217 347 1221 Α
431 1168 484 1233 ubi
516 1175 702 1231 memoratur
732 1164 863 1250 hymnus
894 1164 1059 1229 mulierum
1088 1164 1251 1229 Elearum:
1277 1166 1370 1230 ἐλθεῖν
1393 1163 1448 1244 ἱίοιο

431 1285 551 1351 Διόνυσε
583 1282 664 1348 ἅλιον
695 1284 723 1353 ἒς
755 1283 821 1346 νοιθν
852 1282 942 1387 οὶγενὸν
972 1284 1013 1362 τῷ
1044 1281 1118 1362 βοέῳ
1150 1282 1213 1347 τοδὶ
1239 1283 1327 1350 θθιοντ
1351 1304 1448 1365 quum

431 1403 573 1487 deinceps
603 1402 651 1465 bis
682 1402 822 1465 acciuaut
851 1398 916 1475 ἄξιε
946 1406 1045 1477 raiae.
1092 1398 1179 1476 Nihil
1212 1400 1337 1485 quidem
1361 1398 1446 1484 quod

431 1519 470 1584 ad
492 1518 721 1603 dithyrambum
744 1518 895 1603 pertineat
910 1518 954 1582 ihi
971 1526 1241 1596 commemoratur,
1260 1518 1315 1582 sed
1331 1517 1452 1583 Boech·

430 1639 501 1703 hius
516 1637 576 1701 sibi
592 1636 718 1702 concedi
734 1637 885 1721 postulet,
903 1660 938 1701 ea
955 1636 994 1701 ad
1010 1636 1237 1722 dithyrambum
1251 1637 1448 1722 pertinuisse.

433 1756 530 1820 Affert
552 1754 677 1829 tandem
702 1756 894 1819 Athenaeum
917 1754 955 1819 L.
979 1756 1010 1819 X
1034 1778 1062 1840 p.
1088 1758 1171 1819 456:
1196 1761 1384 1820 memoratur
1404 1754 1446 1819 ibi
1495 1791 1499 1797 ψ

373 1950 377 1957 .
431 1873 520 1938 breve
543 1895 664 1936 carmen
687 1872 870 1950 Simonidis,
891 1872 1105 1938 difficillimum
1123 1873 1283 1938 intellectu
1300 1879 1331 1937 et
1349 1873 1447 1936 instar

432 1990 632 2074 aenigmatis,
657 1992 746 2076 cujus
770 1998 843 2054 sunt
866 1998 1002 2055 extrema
1023 1990 1100 2054 haec

856 2109 1006 2175 Διωνύσοιο
1030 2105 1157 2181 ἄνοικτος

564 2224 706 2307 βοθφονον
728 2226 779 2289 οὐκ
800 2224 923 2289 ἐθέλουσι
947 2226 1118 2298 τιθονεῖσθοιι
1140 2224 1312 2303 θεροθνιοντοο.

432 2342 474 2405 Et
501 2344 534 2405 in
557 2342 663 2406 multis
687 2342 840 2425 variisque
862 2341 1119 2425 explicationibus
1142 2342 1327 2425 proponitur
1350 2340 1444 2404 etiam
1492 2410 1494 2414 ,

433 2461 525 2537 haec,
550 2459 715 2524 nonnullos
739 2469 880 2543 putasse,
905 2456 976 2524 οἷνοιι
999 2459 1047 2524 τὸν
1069 2458 1211 2538 βοθφονον
1233 2459 1283 2523 sat
1306 2459 1356 2524 τὸν
1381 2468 1446 2525 Διο·

433 2578 516 2643 νθσοο
539 2577 700 2657 θεράποντι
723 2576 771 2641 τὸν
794 2575 978 2655 διθύραμβον.
1025 2575 1113 2656 Quae
1136 2576 1261 2660 quidem
1282 2576 1445 2660 explicatio

432 2694 555 2759 videtur
571 2716 636 2758 esse
652 2716 787 2778 congrua
802 2693 929 2757 Pindari
943 2694 1125 2759 scholiastae
1142 2693 1328 2758 testimonio.
1364 2693 1446 2758 Nam

432 2833 618 2896 quamquam
641 2811 708 2895 ipsa
731 2810 818 2875 valde
840 2812 958 2875 incerta
981 2818 1044 2892 est,
1070 2791 1172 2875 tamen
1196 2811 1350 2895 quandam
1373 2832 1445 2876 oon·

432 2930 512 2993 tinet
527 2927 677 3012 ejusmodi
693 2928 891 3003 sententiam,
909 2927 1138 3012 dithyrambum
1152 2927 1248 2992 fuisse
1265 2950 1336 2992 cum
1355 2927 1446 2992 caede

433 3046 529 3111 bovis.
579 3044 647 3107 Nos
685 3044 809 3127 quidem
844 3045 877 3107 iu
911 3044 1162 3128 interpretatione
1197 3044 1310 3108 Latina
1345 3045 1445 3109 adhuc

433 3163 519 3227 illam
543 3163 683 3238 alteram,
708 3162 842 3246 quaein
858 3160 975 3225 scholio
992 3167 1052 3239 est,
1070 3161 1196 3225 Pindari
1213 3162 1446 3246 explicationem

435 3281 532 3344 secuti
555 3302 680 3356 sumus,
704 3301 782 3363 quae
801 3280 871 3355 βοῆς
893 3279 1147 3363 significationem
1167 3280 1273 3344 habet:
1291 3279 1345 3343 sed
1359 3302 1449 3365 prop-

363 3482 365 3485 ·
434 3403 482 3462 ter
510 3396 721 3461 difficultatem
744 3419 807 3460 rem
828 3397 862 3459 in
885 3396 986 3459 medic
1009 3396 1221 3481 relinquimus.

483 3518 535 3579 at.
571 3515 695 3586 iurelure
723 3516 751 3578 ἕν
773 3515 900 3579 ἔντεσσιν
927 3514 1031 3594 μέτρον.
1081 3514 1168 3579 Nem.
1193 3514 1241 3579 IX
1267 3517 1307 3578 51
1333 3514 1374 3593 de,
1394 3515 1450 3579 du·

437 3633 524 3698 cibus
548 3634 694 3697 adversus
716 3632 836 3697 Thebas

727 3751 868 3831 χοιλκέοις
890 3746 1018 3814 ὅπλοισιν
1041 3749 1138 3814 iurel-

729 3889 768 3938 οις
790 3892 825 3931 τε
847 3867 901 3931 σὺν
923 3865 1041 3932 ἔντεσιν.

440 3982 583 4047 Eustath.
617 3984 655 4047 ad
672 3984 726 4048 11.
758 3984 867 4047 XXIV
891 3986 955 4050 att
980 3984 1065 4051 θντεοι
1088 3986 1172 4065 aar&
1192 3985 1321 4067 Πινθοθρςο
1344 3988 1387 4051 τοὶ
1400 3985 1452 4067 ἅρ-

442 4122 539 4175 μοιτοι.
580 4100 672 4185 Apud
696 4101 806 4165 Aesch.
831 4101 914 4164 Pers.
942 4103 1005 4164 194
1030 4108 1076 4165 est
1098 4101 1164 4177 ἔντη
1189 4102 1299 4181 δίφρον.
1338 4101 1455 4167 Noster

444 4214 494 4279 hic
524 4214 651 4280 Pindari
679 4216 765 4281 locus
787 4217 848 4281 dici
872 4217 1005 4283 creditur
1028 4219 1066 4283 ab
1090 4219 1157 4283 aliis
1181 4217 1219 4282 de
1241 4218 1367 4282 inventa
1389 4225 1454 4282 arte

441 4331 585 4396 domandi
611 4355 721 4417 equos:
747 4335 785 4399 ab
809 4334 877 4398 aliis
900 4336 997 4419 magis
1022 4335 1059 4401 de
1082 4342 1153 4420 apta
1176 4342 1207 4399 et
1223 4336 1384 4400 commoda
1398 4336 1455 4400 fre

440 4470 551 4512 uorum
582 4450 770 4514 dimensione
801 4458 831 4516 et
862 4453 981 4516 ratione
1012 4474 1103 4535 quam
1135 4453 1173 4517 de
1201 4454 1268 4537 ipso
1303 4474 1454 4537 equorum
