3767 5534
1008 716 1029 775 4

509 938 606 1000 quum
619 914 801 978 clarissimae
814 915 852 977 de
864 914 1001 978 barbaris
1013 921 1183 999 reportatae
1196 937 1214 977 0
1226 914 1351 978 Graccis
1364 914 1524 991 victoriae,

507 1058 546 1099 ne
569 1035 602 1098 in
625 1034 810 1097 oblivionem
835 1033 972 1111 abirent,
999 1033 1148 1097 Herodoti
1171 1033 1257 1098 libris
1282 1034 1344 1097 sint
1367 1033 1524 1117 proditae,

507 1152 659 1217 Pindarus
692 1160 793 1216 autem
825 1175 948 1230 eorum,
974 1151 1027 1235 qui
1051 1151 1196 1215 ludorum
1220 1151 1409 1215 solemnibus
1433 1159 1527 1215 certa·

506 1274 640 1338 minibus
664 1274 815 1349 vicerant,
840 1270 947 1335 laudes
965 1280 995 1334 et
1011 1271 1135 1335 nomina
1151 1272 1338 1356 sempiterno
1356 1272 1524 1334 carminum

504 1414 631 1456 suorum
655 1392 791 1454 encomio
815 1391 1018 1468 decoraverit,
1043 1390 1075 1453 in
1100 1389 1245 1453 laudibus
1270 1389 1416 1452 Graeciae
1429 1388 1520 1471 longe

507 1510 774 1596 praestantissimis
790 1509 976 1584 ‚enarrandis
1000 1516 1153 1573 versatum
1170 1531 1235 1571 csse
1253 1509 1390 1572 videmus
1407 1515 1525 1571 utrum-

506 1653 575 1714 que.
623 1629 748 1692 Habent
777 1651 867 1713 porro
893 1629 983 1692 ambo
1008 1628 1083 1692 baec
1106 1628 1183 1706 duo,
1209 1634 1245 1690 111
1268 1635 1299 1690 01
1322 1627 1371 1712 pie
1394 1626 1432 1689 de
1458 1625 1524 1688 Diis

505 1761 536 1811 et
566 1748 604 1810 de
635 1747 727 1811 rebus
760 1748 936 1811 mortalium
968 1748 1105 1811 modeste
1137 1747 1288 1811 sentiant:
1314 1768 1376 1829 qua
1399 1744 1523 1829 quidem

463 1895 466 1900 ·
505 1864 596 1929 laude
620 1888 699 1950 quae
722 1873 824 1950 potest
847 1889 912 1929 esse
936 1865 1066 1930 melior?

550 1983 610 2047 Sed
642 1991 677 2047 ut
707 1992 793 2061 tum,
826 2007 919 2068 quum
954 1984 991 2047 de
1024 1984 1182 2048 Herodoto
1214 1982 1438 2058 scribebamus,
1464 1981 1524 2045 sin·

502 2104 642 2187 gularem
665 2105 697 2168 in
722 2127 757 2168 eo
773 2105 934 2189 posuimus
951 2128 1092 2190 operam,
1110 2102 1240 2187 nequid
1257 2102 1284 2165 ei
1301 2101 1521 2177 tribueremus,

504 2221 588 2306 quod
619 2244 681 2285 non
706 2230 786 2285 esset
809 2223 847 2285 ab
870 2224 937 2307 ipso
962 2223 1149 2308 profectum:
1174 2222 1217 2285 sic
1240 2221 1321 2284 idem
1344 2242 1417 2283 sane
1439 2240 1522 2282 nunc

503 2350 656 2425 praestare
687 2340 898 2419 studebimus,
930 2350 967 2405 ut
997 2343 1147 2425 integram
1179 2362 1366 2425 exponamus
1396 2337 1522 2401 Pindari

503 2460 696 2523 sententiam.
744 2459 844 2543 quue
871 2483 933 2523 non
958 2461 989 2523 in
1014 2460 1228 2543 disquisitione
1251 2464 1373 2521 tantum
1397 2463 1519 2531 nostra,

502 2577 555 2641 sed
579 2580 611 2640 in
635 2578 702 2663 ipso
727 2578 818 2641 etiam
842 2579 908 2663 ejus
932 2578 1024 2641 titulo
1049 2578 1197 2640 continuo
1217 2575 1348 2660 intelligi
1366 2574 1518 2638 volumus

503 2692 584 2758 Narn
602 2718 699 2779 quum
711 2696 742 2759 in
760 2697 915 2780 prooemio
930 2705 1054 2760 nostrae
1070 2696 1107 2760 de
1124 2695 1283 2759 Herodoto
1295 2692 1520 2778 disquisitionis

503 2815 792 2898 significaverimus,
828 2839 890 2880 non
926 2818 1076 2881 contineri
1111 2816 1269 2879 historiam
1305 2812 1517 2898 philosophiae

500 2942 653 2998 sect-arum
685 2935 830 3013 historia,
863 2958 918 2999 nee
950 2934 1155 3021 sejungendos
1187 2934 1225 2999 ab
1248 2956 1284 2997 ea
1307 2954 1372 2995 esse
1395 2938 1519 3015 poetas,

500 3051 680 3130 historicos,
713 3076 747 3116 00
778 3054 874 3116 1111000
905 3060 936 3116 01
967 3061 1039 3116 01110
1070 3060 1167 3116 000100
1200 3060 1231 3115 01
1261 3059 1347 3115 extra
1378 3072 1428 3112 000
1455 3048 1522 3133 phi·

499 3169 690 3254 losophiam:
715 3172 844 3235 miretur
867 3172 1038 3255 quispiam,
1063 3194 1119 3234 eur
1135 3171 1192 3234 visi
1207 3180 1275 3233 tum
1291 3169 1388 3232 simus
1404 3167 1520 3231 efficere

500 3296 537 3351 ut
568 3289 762 3355 Herodotum
795 3292 826 3354 in
859 3291 1113 3376 philosophorum
1137 3291 1266 3354 chorum
1288 3288 1518 3365 induceremus,

498 3430 583 3472 nunc
607 3430 677 3472 vero
701 3432 763 3472 non
788 3409 900 3494 pariter
924 3410 1008 3473 hunc
1025 3409 1139 3473 librum
1155 3407 1323 3472 scribamus
1340 3406 1377 3469 de
1392 3404 1519 3469 Pindari

498 3527 703 3612 philosophia.
750 3526 817 3592 Nec
840 3528 995 3614 profecto,
1022 3528 1076 3612 qui
1094 3533 1258 3613 cognoscat
1273 3525 1433 3589 historiam
1451 3523 1518 3608 phi·

494 3645 671 3731 losophiae,
695 3647 865 3713 Pindarum
890 3648 978 3710 facile
1001 3646 1180 3732 neglexerit.
1227 3644 1448 3708 Verumtamen
1466 3642 1515 3706 hic

494 3763 572 3828 liber
611 3765 676 3849 ipse
714 3767 818 3851 potius
857 3765 1037 3830 scribendus
1073 3788 1137 3829 esse
1177 3763 1338 3827 videbatur
1372 3762 1410 3825 de
1445 3760 1516 3824 Pin-

496 3882 562 3946 dari
590 3885 750 3968 sapientia.
792 3884 873 3949 Nam
897 3884 1075 3949 Herodotus
1098 3881 1284 3967 inquirendo
1313 3880 1362 3944 vel
1385 3880 1516 3943 maxime

495 4000 566 4064 talis
597 4001 673 4081 11111,
706 4004 829 4088 qualern
860 4026 926 4067 esse
957 4002 1177 4088 philosophum
1206 3999 1396 4085 Pythagoras
1424 3998 1517 4083 signi·

496 4119 614 4184 ficavit:
651 4122 705 4206 qui
735 4123 848 4187 Leonti
878 4123 1015 4186 Phliasio
1046 4121 1222 4206 quaerenti,
1255 4119 1382 4204 quinem
1414 4124 1516 4182 essent

494 4238 671 4323 philosophi
702 4249 733 4305 et
764 4241 840 4327 quid
869 4242 951 4305 inter
981 4264 1031 4305 eos
1056 4248 1087 4305 et
1109 4240 1243 4324 reliquos
1266 4238 1445 4313 interesset,
1469 4258 1514 4299 re-

496 4356 655 4440 spondisse
684 4359 797 4438 fertur,
822 4360 952 4424 similem
978 4360 1036 4423 sibi
1060 4359 1155 4423 videri
1180 4359 1273 4422 vitam
1298 4355 1457 4419 hominum
1481 4363 1513 4418 et

496 4484 662 4541 mercatum
687 4500 775 4559 eum,
800 4480 854 4564 qui
872 4478 1036 4543 haberetur
1052 4478 1183 4542 maximo
1201 4475 1345 4540 ludorum
1361 4480 1510 4559 apparatu
