3767 5534
913 702 976 764 261

436 911 467 967 et
491 926 558 968 enm
584 926 707 988 quoque
730 902 903 968 canendum
927 927 992 968 esse
1009 903 1174 988 significat:
1193 904 1306 969 etenim
1323 906 1361 970 od
1379 906 1452 972 Hie-

434 1045 538 1087 ronem
564 1023 665 1088 venire
688 1046 749 1087 non
774 1022 858 1087 aliud
883 1031 930 1088 est
953 1024 1013 1087 nisi
1036 1022 1203 1088 Hieronem
1226 1024 1369 1110 amplecti
1391 1049 1453 1090 oar·

433 1144 533 1221 mine,
559 1143 680 1228 poetica
697 1142 852 1222 oratione,
873 1142 921 1207 vel
941 1142 1045 1227 potius
1066 1143 1186 1227 poetica
1206 1165 1383 1228 expressum
1407 1146 1451 1210 rei

432 1262 584 1349 imagine,
609 1262 699 1348 plena
722 1262 874 1327 caritatis:
896 1262 984 1326 addit
1005 1262 1031 1326 ei
1049 1262 1174 1347 imagini
1191 1264 1451 1348 magnificentiam

433 1391 466 1448 et
489 1382 625 1468 copiam,
646 1382 824 1467 opulentam
840 1382 1022 1466 beatamque
1039 1404 1121 1446 aram
1139 1382 1292 1447 vocando:
1310 1384 1354 1447 sic
1372 1385 1451 1449 enim

432 1502 580 1567 inseritur
603 1502 748 1567 Hieronis
771 1501 949 1567 divitiarum
973 1510 1004 1566 et
1028 1500 1222 1567 liberalitatis
1242 1502 1327 1587 laus,
1347 1526 1451 1587 quem·

433 1620 601 1686 admodum
627 1644 659 1684 vs
685 1624 725 1684 18
750 1620 910 1707 dignitatis
935 1621 1000 1706 ejus
1025 1627 1056 1684 et
1078 1621 1154 1706 regii
1177 1620 1306 1706 imperii.

484 1742 534 1804 18.
568 1741 739 1819 θεμιστεῖον.
786 1738 858 1804 Non
890 1740 955 1825 ejus
978 1740 1121 1818 virtutis,
1146 1762 1224 1824 qnae
1244 1740 1365 1827 justitia
1388 1748 1452 1820 est,

432 1859 619 1944 significatio
643 1866 706 1938 est,
731 1861 783 1925 sed
808 1860 1000 1945 significatur
1015 1861 1098 1946 regia
1114 1860 1285 1945 imperandi
1302 1869 1453 1946 potestas,

432 1981 590 2065 quomodo
614 1980 695 2066 apud
719 1981 888 2046 Homerum
912 1983 1045 2058 θέμιστες
1064 1988 1095 2045 et
1106 1989 1249 2062 σκῆπτρον
1261 1984 1452 2068 conjungun-

431 2108 488 2164 tur
510 2099 549 2164 Il.
572 2099 608 2163 H
632 2101 707 2165 206.

525 2214 565 2292 εἷς
587 2219 748 2299 βασιλεὺς,
771 2215 792 2303 ᾧ
815 2220 901 2286 ἔδιοκε
924 2220 1025 2301 Κρόνου
1049 2228 1122 2292 ποιῑς
1144 2221 1359 2298 ἀγκυλομήτεω

525 2338 669 2419 σκῆπτρόν
690 2339 719 2403 τ’
742 2338 789 2415 ἡδὲ
812 2338 970 2417 θθμιστοις,
994 2336 1041 2403 lta
1064 2338 1149 2421 σφίσι
1171 2339 1328 2421 βοοσιλεθρ.

434 2457 479 2522 Et
510 2458 649 2523 similiter
681 2457 719 2521 Il.
751 2457 799 2521 IX
831 2461 883 2522 99.
917 2457 1011 2522 Haud
1042 2457 1191 2523 dissimile
1222 2457 1276 2544 Py.
1309 2458 1355 2523 IV
1388 2461 1452 2524 270

432 2581 569 2643 σκοῖοισον
592 2577 748 2659 μόναρχον.

481 2698 535 2762 20.
570 2696 686 2778 δρέπων.
733 2696 783 2760 Sic
806 2696 860 2781 Py.
887 2695 903 2760 I
927 2699 969 2760 95
994 2696 1103 2775 τιμὰν,

617 2813 678 2880 οῖὀιν
700 2815 776 2887 οὔτις
800 2816 949 2881 Ἑλλοθνιον
972 2815 1066 2897 δρέπει

435 2931 531 2997 Nem.
555 2933 590 2998 ΙΙ
618 2936 656 2997 13

767 3052 936 3130 Ἰσθμιάδων
959 3052 1111 3134 δρέπεσθαι

615 3170 774 3238 κάλλιστον
797 3169 898 3237 ἄωτον.

483 3290 605 3372 Ἀρετοιί
627 3313 844 3375 saepenumero
868 3291 952 3375 apud
975 3290 1144 3355 Pindarum
1168 3298 1242 3356 sunt
1264 3290 1372 3355 laudes
1396 3291 1454 3354 vio-

434 3409 600 3474 toriarum:
632 3409 685 3473 sed
716 3409 775 3474 hoe
805 3409 872 3474 loeo
905 3410 1040 3495 cujusvis
1071 3409 1178 3474 laudes
1209 3410 1345 3496 generis,
1375 3431 1452 3493 quae

434 3551 538 3614 regem
580 3523 746 3608 ornabant,
786 3530 952 3614 significari
987 3529 1135 3608 arbitror,
1173 3536 1334 3616 propterea
1368 3528 1452 3613 quod

433 3648 550 3727 Hiero,
575 3649 712 3734 quamvis
732 3650 796 3735 jam
820 3649 943 3733 quidem
968 3648 1130 3735 Olympiae
1146 3649 1265 3728 clarus,
1284 3649 1332 3714 vix
1348 3656 1451 3712 tamen

433 3775 556 3854 poterat
590 3768 651 3833 diei
685 3769 801 3854 cepisse
836 3769 972 3834 culmina
1006 3768 1044 3833 de
1078 3768 1223 3833 laudibus
1256 3768 1451 3833 victoriarum

434 3888 578 3953 omnibus
587 3938 596 3967 ,
622 3889 798 3974 praesertim
823 3911 919 3973 quum
935 3888 1074 3953 nondum
1088 3894 1273 3974 reportasset
1289 3887 1452 3974 Olympiae

434 4007 576 4072 curulem
600 4008 773 4086 victoriam,
799 4030 877 4092 quae
900 4015 966 4072 erat
990 4007 1124 4092 equestri
1146 4008 1257 4092 major:
1279 4007 1310 4070 of
1324 4029 1357 4069 vs
1377 4009 1415 4071 17
1421 4008 1451 4070 5.

435 4125 584 4191 Similiter
607 4124 697 4191 Nem.
722 4126 739 4190 I
764 4129 804 4191 51
829 4130 858 4192 ἐν
881 4134 1022 4210 κορυφαῖς
1045 4129 1153 4207 οὶρεσοῖν
1175 4127 1338 4204 μεγάλοις.

483 4247 535 4310 22.
571 4245 729 4310 Sententia
760 4270 814 4331 per
841 4247 1088 4333 conjunctionem
1111 4245 1142 4310 δέ
1164 4244 1329 4331 respondet
1351 4245 1451 4329 proni·

436 4364 495 4432 mis
518 4364 624 4445 δρέπων
648 4363 715 4446 μέν,
739 4367 942 4451 perverbum
966 4367 1087 4431 finitum
1110 4364 1291 4446 οὶνλοιθζετοοι
1315 4364 1450 4449 superio·

437 4483 523 4549 ribus
546 4484 576 4557 ὃς
599 4486 746 4567 οὶροφὲσει.
769 4486 872 4550 Verbo
894 4486 1053 4568 οὶγλοιΐζειν
1073 4485 1254 4571 significatio
1270 4482 1448 4548 illustrandi
