3767 5534
960 714 1023 776 276

484 914 544 979 Sed
560 914 773 979 tautummodo
790 914 878 1000 quasi
894 914 1053 999 proverbio
1069 915 1223 999 ingentem
1241 916 1399 980 molestiae
1419 938 1503 1001 mag·

484 1035 656 1099 nitudinem
680 1036 843 1120 significari
864 1035 1010 1099 arbitror:
1042 1036 1300 1120 quemadmodum
1333 1037 1415 1121 apud
1442 1036 1503 1101 Ho-

483 1178 600 1219 merum
624 1156 662 1219 Il.
687 1156 704 1219 Ι
730 1158 792 1219 128
815 1166 921 1238 τριπλῇ
945 1166 1098 1238 ‘torpuerat
1121 1160 1149 1220 τ’
1168 1157 1356 1236 οἷποτθοομεν.
1394 1159 1501 1241 Atque

483 1276 575 1362 hujus
598 1277 717 1362 generis
738 1277 829 1340 etiam
845 1283 918 1341 sunt
937 1277 1005 1362 ipsa
1025 1275 1172 1341 voeabula
1189 1276 1365 1357 τρισάθλιος,
1382 1277 1500 1356 aaran·

483 1422 585 1479 μενος,
609 1398 763 1479 τρικυμία,
789 1396 858 1460 alia.

528 1521 580 1581 99.
616 1518 759 1583 οὶλίκεοοι.
796 1517 969 1600 Diligenter
999 1516 1057 1580 hoo
1089 1515 1245 1599 epitheton
1272 1514 1359 1579 addit
1383 1514 1499 1594 Poeta,

482 1641 517 1696 ut
541 1632 572 1696 hi
597 1634 741 1697 convivae
765 1641 961 1719 opponantur
984 1633 1227 1710 immortalibus,
1254 1635 1307 1718 qui
1330 1634 1420 1698 etiam
1439 1634 1500 1719 ipsi

481 1752 518 1815 ad
542 1752 663 1817 Tantali
683 1753 788 1838 epulas
808 1761 961 1817 venerant.
995 1752 1108 1816 Similis
1130 1761 1231 1816 autem
1255 1753 1398 1816 dictionis
1416 1753 1501 1816 color

482 1880 528 1935 est
551 1873 632 1958 apud
657 1873 845 1957 Aeschylum
869 1873 971 1937 Prom.
999 1875 1017 1935 8

615 1994 648 2058 τὸ
671 1994 720 2058 σὸν
743 1993 801 2073 aaa
825 1993 905 2066 ι’ένθος
929 1992 1096 2073 παντέχνου
1121 1993 1206 2073 πυρὸς
1230 1992 1321 2064 οέλοις

615 2116 735 2187 θνητοῖσι
759 2113 876 2194 κλέψοις
899 2114 1025 2179 ὤνιοιοεν.

482 2231 529 2297 Of.
554 2232 667 2298 ibidem
694 2236 746 2298 83.

528 2356 601 2417 lot.
637 2350 705 2419 οἷσιν
730 2352 862 2437 ἄφθιτον.
900 2353 1078 2418 Ambrosiae
1112 2374 1186 2416 usus
1218 2352 1256 2415 ad
1288 2350 1500 2416 immortalita-

479 2481 541 2537 tem
572 2474 805 2559 impertiendam
839 2480 1028 2537 memoratur
1060 2472 1152 2535 etiam
1185 2494 1203 2534 a
1233 2470 1416 2549 Theocrito,
1449 2469 1498 2533 Id.

481 2592 541 2655 XV
567 2596 641 2657 108.

593 2714 685 2794 Κύπρι
709 2713 858 2796 Διωνοιίοι,
883 2712 919 2777 τὺ
944 2713 998 2789 μέν
1020 2710 1172 2776 οὶθοινοθτοιν
1195 2712 1254 2775 οἱνιό
1277 2712 1400 2792 θνοιτῖις,

592 2833 742 2913 ἀνθρώπων
766 2836 802 2905 ὡς
825 2835 928 2911 μῦθος,
953 2832 1091 2907 έποίιιοοος
1116 2833 1279 2911 Βερενίκοιν,

591 2954 757 3033 ἀμβροσίοιο
781 2956 809 3025 ἐς
833 2954 934 3028 στῆθος
958 2950 1161 3027 οὶιιοονοθξοιοοι
1186 2952 1332 3027 νννοιικθς.

480 3073 521 3137 ut
544 3073 582 3136 ad
606 3073 739 3138 dandam
763 3074 955 3138 divinitatem
977 3073 1015 3137 ab
1036 3071 1164 3149 Ovidi0‚
1183 3071 1308 3135 Metam.
1326 3068 1404 3132 XIV
1422 3070 1498 3145 607,

478 3193 532 3257 uhi
556 3192 663 3257 Venus
687 3195 809 3257 Aeneae

673 3312 919 3377 ambrosianum
945 3310 1029 3375 dulei
1054 3317 1176 3374 nectare
1201 3309 1298 3373 mixta

478 3434 619 3519 Contigit
642 3456 676 3497 os
700 3433 834 3517 fecitque
858 3432 970 3497 Deum.

527 3555 600 3617 103.
635 3552 771 3629 λοοθέμεν.
808 3550 882 3615 Non
912 3558 958 3615 est
988 3550 1120 3613 aoristus
1144 3548 1308 3625 infinitivi,
1334 3546 1387 3609 sed
1412 3566 1497 3630 prae·

479 3696 557 3736 sena
607 3671 697 3736 Hom.
726 3669 1162 3744 11.Χ279οὖδέοελιθθιο.
1210 3667 1304 3753 Soph.
1330 3668 1405 3730 Ant.
1432 3666 1495 3727 532

477 3790 604 3868 λήθονοοθ
627 3794 661 3871 μ’
684 3789 822 3868 ἐξέπινες.

525 3914 598 3975 105.
634 3919 771 3993 οιροῆιιοιν.
807 3908 956 3973 Similiter
993 3907 1031 3971 de
1066 3906 1258 3971 demittendo
1295 3928 1311 3969 e
1347 3902 1432 3968 coelo
1463 3902 1497 3965 in

475 4037 587 4095 terram
620 4031 677 4094 hoo
709 4030 837 4094 verbum
868 4036 915 4092 est
942 4027 1026 4113 apud
1051 4027 1243 4104 Homerum,
1269 4024 1307 4089 11.
1337 4025 1416 4101 195,
1442 4021 1496 4085 ubi

475 4148 560 4213 Juno
579 4149 750 4212 Minervam
771 4148 824 4230 πρὸ
845 4147 905 4228 γοὶρ
926 4145 977 4224 ἧκε
996 4148 1048 4211 θεοὶ
1067 4146 1239 4216 λευκώλενος
1257 4143 1345 4226 ‘'Hpn,
1370 4149 1400 4206 et
1420 4142 1496 4204 208.

526 4272 600 4333 196.
635 4270 669 4334 οἱ.
720 4268 770 4332 Ita
794 4267 843 4332 hia
868 4266 990 4331 dativus
1014 4288 1083 4331 oum
1108 4266 1228 4351 reliqua
1251 4262 1403 4328 sententia
1428 4282 1499 4324 eou-

476 4389 604 4474 junotus
628 4411 694 4452 esse
719 4388 820 4473 putari
844 4394 964 4472 potest,
988 4410 1049 4451 non
1075 4393 1111 4451 ut
1134 4385 1303 4469 significet,
1328 4381 1365 4446 ad
1387 4380 1498 4444 Tanta·

478 4507 543 4573 lum
574 4531 680 4573 rursus
711 4508 809 4571 filium
848 4505 1012 4571 demissum
1041 4528 1123 4582 esse,
1148 4504 1200 4567 sed
1225 4511 1327 4567 tamen
1351 4500 1389 4564 ad
1412 4499 1498 4562 illius
