3767 5534
1352 758 1399 799 Vll

379 922 610 1015 dulcissimam,
642 937 765 1001 nomine
799 944 830 1001 et
861 936 964 1001 omine
994 935 1203 1016 Theodoram,
1234 938 1401 1019 καλλιπάρ-

380 1094 439 1151 ῃον.
485 1069 627 1135 Placebat
666 1069 723 1133 tibi
758 1068 842 1154 lepos
875 1069 1048 1152 virgineus,
1080 1075 1111 1132 et
1135 1077 1323 1155 quantopere
1346 1069 1400 1134 illa

382 1226 433 1268 me
466 1209 597 1280 amaret,
633 1203 846 1288 perspiciebas.
893 1202 1066 1267 Videbatur
1098 1202 1183 1267 illius
1213 1226 1297 1268 amor
1320 1204 1397 1267 mihi

381 1320 483 1385 multa
504 1339 646 1406 perpesso
669 1320 836 1385 senectutis
859 1320 924 1385 iore
947 1321 1101 1385 solatium.
1147 1320 1225 1399 Illa,
1250 1328 1319 1407 post
1335 1344 1399 1386 ves-

382 1458 466 1514 trum
498 1450 624 1514 domum
653 1450 787 1515 reditum
819 1451 935 1535 optimo
959 1457 1061 1536 nupta
1084 1452 1213 1529 marito,
1238 1452 1320 1515 intra
1343 1460 1402 1515 ter-

382 1582 463 1647 tium
486 1590 554 1668 post
577 1582 702 1668 nuptias
725 1605 860 1647 mensem
885 1582 999 1647 efflavit
1016 1584 1157 1648 animam.
1182 1582 1283 1663 Quem
1298 1607 1400 1648 meum

382 1736 584 1799 meorumque
619 1736 723 1780 casum
757 1715 876 1780 fortiter
910 1716 987 1780 ferre
1022 1716 1172 1794 conabor,
1205 1717 1400 1795 existimans,

321 1887 323 1891 -
383 1868 448 1911 nou
478 1846 683 1933 longinquum
714 1848 866 1913 interme
890 1855 920 1913 et
943 1848 1029 1913 illam
1053 1848 1221 1914 discessum
1244 1850 1326 1914 fore:
1351 1850 1399 1914 illi

385 1985 509 2057 autem,
542 1979 581 2042 ad
612 2002 684 2044 suos
715 1987 856 2065 parentes
890 1981 1043 2077 profectae
1067 1988 1099 2045 et
1120 2004 1169 2045 me
1193 1982 1399 2067 exspectanti,

383 2110 466 2175 nihil
488 2112 520 2174 in
544 2118 641 2176 morte
665 2134 683 2175 a
705 2112 772 2176 Deo
796 2112 869 2176 mali
892 2112 1057 2190 accidisse,
1074 2136 1179 2177 verum
1196 2114 1300 2178 datam
1317 2136 1400 2193 esse,

387 2250 427 2306 ut
447 2241 609 2308 Pindarico
632 2243 760 2327 loquar,

630 2375 696 2453 βίον
719 2378 862 2442 τελευτὰν
885 2343 1024 2443 brioderus
1046 2377 1155 2458 ἀρχάν.

432 2504 498 2584 Tu,
529 2506 575 2569 vir
605 2506 738 2608 optime,
772 2529 851 2591 quae
882 2518 947 2572 erat
977 2509 1171 2572 necessitudo
1202 2510 1283 2573 inter
1313 2518 1344 2574 te
1372 2516 1403 2574 et

384 2660 453 2715 me,
478 2660 543 2702 eam
573 2640 665 2703 etiam
697 2639 734 2702 ad
765 2639 878 2705 liberos
909 2641 1061 2725 pertinere
1092 2649 1163 2706 tuos
1194 2643 1335 2707 voluisti:
1370 2650 1401 2707 et

386 2770 422 2832 in
452 2769 605 2854 baptismo
637 2770 802 2835 Gottholdi
832 2772 879 2835 tui
902 2795 1005 2836 meum
1037 2795 1148 2837 nomen
1178 2773 1329 2856 fidemque
1352 2774 1403 2837 ad·

386 2902 537 2967 hibuisti:
562 2925 640 2986 quae
662 2904 738 2968 mihi
763 2911 808 2969 est
831 2926 915 2968 more
935 2913 1036 2968 vestro
1053 2927 1163 2990 magna
1179 2906 1313 2969 caritatis
1328 2905 1404 2970 obli-

386 3035 482 3121 gatio.
528 3034 570 3099 llt
601 3035 698 3099 saltus
729 3036 892 3121 sylvaeque
925 3036 1114 3121 Thuringiae
1146 3046 1263 3102 vestrae
1294 3037 1403 3102 merito

388 3167 513 3255 placent
548 3168 668 3232 cunctis
700 3168 855 3253 mihique:
891 3177 923 3233 at
958 3192 1014 3253 ego
1048 3191 1102 3233 vos
1137 3170 1218 3254 ipsos
1241 3190 1403 3251 moresque

386 3307 506 3363 vestros
537 3300 635 3383 magis
670 3322 747 3364 amo.
775 3299 845 3363 Jam
870 3306 905 3364 tu
931 3322 999 3377 eos,
1024 3300 1078 3384 qui
1100 3300 1177 3364 mihi
1201 3307 1273 3365 suut
1296 3300 1405 3364 libero-

386 3455 460 3496 rum
481 3454 625 3510 uumero,
651 3439 682 3496 et
704 3432 874 3517 cognovisti
898 3440 928 3495 et
951 3431 1064 3515 diligis.

433 3563 504 3628 Tibi
533 3565 657 3649 tuisque
688 3564 868 3648 contingant
899 3586 1053 3648 prospera.
1101 3563 1142 3629 Et
1166 3564 1250 3650 quod
1273 3587 1349 3650 opus
1373 3565 1405 3628 in

387 3697 531 3761 manibus
554 3697 665 3774 habes,
689 3696 721 3760 id
745 3697 855 3782 perfice
879 3696 1020 3761 feliciter.
1045 3696 1132 3761 Vale.

434 3828 550 3913 Scripsi
579 3827 711 3912 'l'rajecti
742 3827 780 3892 ad
810 3827 974 3906 Rhenum,
999 3852 1026 3893 a.
1051 3828 1080 3893 d.
1107 3828 1154 3893 IV
1177 3829 1289 3892 niensis
1311 3828 1406 3905 Julii,

390 3963 429 4023 Α.
455 3959 698 4024 MDCOOLXV.
