3767 5534
925 738 990 800 tta

444 947 568 1007 munem
592 940 740 1027 originem
764 961 829 1004 esse
844 939 1010 1003 statuenti:
1030 939 1164 1005 Histoire
1181 940 1219 1005 de
1234 940 1264 1004 la
1279 941 1462 1006 civilisation

389 1056 390 1059 '
445 1059 498 1125 des
528 1058 642 1137 Graes,
674 1056 814 1134 11340,
840 1058 923 1134 351,
948 1056 1014 1121 VII
1037 1061 1111 1122 aba.
1158 1057 1302 1124 Getarum
1325 1059 1463 1124 celeritas

445 1178 564 1242 itineris
589 1177 770 1263 exprimitur
793 1183 823 1240 et
847 1176 997 1241 brevitate
1020 1177 1182 1255 dictionis,
1206 1185 1236 1242 et
1259 1178 1360 1243 verbis
1383 1179 1462 1254 ἥπει·

444 1319 498 1373 γεν
520 1294 665 1371 ἐλαύνων,
691 1301 721 1359 et
743 1295 875 1380 repetita
897 1295 1049 1379 particula
1074 1296 1133 1362 καί.

444 1432 449 1439 ·
493 1416 545 1478 62.
582 1413 710 1491 ἤπειγεν.
736 1413 935 1479 Intransitive
953 1415 1043 1478 etiam
1056 1415 1183 1500 ponitur
1198 1414 1291 1499 Soph.
1309 1414 1357 1479 ul.
1373 1417 1458 1479 1435

445 1532 547 1611 ἔπειγέ
569 1556 633 1615 νυν,
658 1540 688 1595 et
711 1531 819 1617 Eurip.
843 1531 897 1596 Or.
925 1534 986 1597 787
1011 1534 1082 1597 ἀλλ’
1105 1532 1215 1610 ἔπαγε.

491 1653 544 1715 62.
579 1649 750 1732 Ἀμαζόνας
780 1650 930 1721 εὐόππονς.
966 1650 1072 1736 Eurip.
1098 1650 1226 1737 Hippol.
1251 1652 1314 1716 667
1340 1652 1392 1724 τὴν
1413 1652 1459 1716 ἱπ-

445 1770 516 1834 πόαν
530 1767 701 1850 Ἀμαζόνα,
720 1770 783 1832 581
799 1776 853 1844 πῆς
868 1768 1017 1851 φολόππον
1029 1768 1200 1851 Ἀμαζόνος.
1221 1768 1456 1835 Of.01.11147.

490 1888 542 1953 67.
578 1887 666 1968 δεῦρο.
700 1888 734 1951 in
759 1888 919 1973 Aeginam.
967 1886 1015 1952 Of.
1041 1910 1073 1952 vs
1098 1890 1140 1952 34
1163 1888 1259 1954 τόνδε.

490 2007 542 2070 68.
577 2005 689 2085 δειράδ’.
726 2005 786 2070 Pro
817 1992 934 2086 δεορόόοε
967 2016 1093 2093 propter
1123 2008 1380 2094 praepositionem
1409 2006 1457 2071 ἐπὶ

441 2129 476 2185 r's
507 2125 559 2187 64.
608 2122 731 2187 Collum
755 2122 905 2188 Corinthi·
922 2134 968 2189 est
989 2126 1116 2211 jugum,
1143 2124 1244 2211 quod,
1269 2125 1306 2189 ab
1330 2124 1452 2190 Isthmo

441 2241 609 2327 incipiens,
634 2240 743 2307 urbem
765 2243 798 2306 in
822 2265 854 2306 se
878 2243 966 2307 sitam
990 2242 1100 2307 habet:
1125 2243 1162 2307 cf.
1188 2241 1237 2307 Ol.
1263 2242 1315 2306 ΙΠ
1331 2245 1389 2321 48,
1407 2242 1455 2307 IX

443 2361 501 2423 89:
527 2358 635 2446 Eurip.
660 2359 775 2425 Phoen.
802 2363 866 2425 266
891 2362 947 2426 ὑπὸ
970 2359 1076 2441 detector
1099 2360 1264 2444 νιφοβόλοις
1287 2367 1452 2442 Παρνασοῦ.

442 2476 514 2558 Quo
543 2487 646 2543 autem
677 2479 828 2564 pertineat
859 2478 1001 2563 Neptuni
1025 2479 1083 2544 iter
1105 2480 1138 2543 in
1162 2478 1333 2557 Isthmum,
1358 2479 1455 2565 expri-

440 2596 537 2661 mitur
560 2596 658 2661 olarae
674 2618 785 2661 coenae
802 2598 1103 2661 commemoratione:
1120 2619 1176 2661 nec
1192 2619 1265 2661 sane
1282 2619 1453 2682 quaequam

439 2714 529 2778 facile
552 2715 580 2778 ei
602 2714 669 2779 Deo
693 2737 778 2779 sacra
797 2715 983 2801 jucundiora
1005 2715 1089 2779 fuere
1110 2738 1202 2800 quam
1217 2715 1366 2794 Isthmia,
1384 2723 1451 2780 tum

439 2832 566 2919 reliquis
587 2833 679 2898 rebus
703 2841 770 2898 tum
793 2834 1012 2898 certaminibus
1036 2834 1178 2918 gloriosa.
1213 2823 1360 2898 Jucunda
1379 2857 1451 2898 vero

440 2957 487 3014 est
509 2948 585 3014 haec
607 2951 890 3035 antiquissimorum
906 2958 1065 3036 poetarum
1082 2952 1175 3030 ratio,
1192 2959 1229 3016 ut
1245 2974 1330 3015 sacra
1345 2951 1451 3038 epulas

439 3067 558 3151 aliquas
570 3090 636 3133 esse
646 3069 753 3147 velint,
767 3069 806 3133 ad
822 3091 896 3153 quas
909 3069 969 3153 ipsi
980 3069 1035 3133 Dii
1048 3070 1179 3134 veniant.
1198 3069 1289 3134 Hom.
1303 3068 1341 3134 Il.
1356 3068 1449 3133 Ι426

506 3187 578 3259 Ζεὺς
601 3187 661 3267 γὰρ
684 3188 713 3259 ἐς
736 3187 882 3268 Ὠκεανόν
905 3186 974 3261 μεν)
997 3188 1152 3264 detersae
1175 3188 1333 3262 Αόόνοπῆας

505 3302 603 3385 χθιζός
627 3302 682 3381 lde
705 3304 787 3369 καπόο
810 3304 915 3379 δαῖτα,
938 3304 991 3369 dael
1015 3303 1039 3369 δ’
1063 3304 1132 3383 ἅμα
1154 3303 1265 3376 πάντες
1289 3302 1398 3370 ἕποντο.

438 3419 486 3486 cf.
511 3444 590 3508 quae
612 3424 827 3487 annotavimus
851 3423 890 3487 ad
914 3421 965 3486 01.
990 3423 1043 3487 ΙΙΙ
1068 3425 1119 3488 72.

483 3540 624 3605 76-78.
661 3540 718 3605 llst
747 3542 798 3605 hio
821 3540 947 3627 quidem
970 3540 1056 3605 locus
1079 3563 1148 3605 mea
1171 3540 1322 3604 sententia
1345 3538 1449 3604 admo-

436 3656 511 3721 dum
542 3658 691 3737 difficilis,
722 3680 779 3723 neo
807 3667 921 3723 certam
944 3658 1042 3723 habco
1066 3658 1318 3743 explicationem:
1344 3668 1447 3723 tamen

435 3797 471 3840 ea
492 3797 679 3861 proponam,
705 3801 783 3863 quae
805 3778 883 3842 mihi
905 3776 1049 3879 videntur
1072 3777 1252 3861 probabilia.
1288 3777 1447 3842 Melesiam

434 3902 555 3958 constat
590 3895 682 3959 fuisse
716 3898 897 3981 magistrum
931 3895 1099 3980 palaestrae
1133 3896 1253 3981 ingenti
1287 3895 1384 3980 gloria
1416 3903 1446 3960 et

433 4010 656 4096 discipulorum
687 4014 822 4079 victoriis
854 4037 948 4099 quam
978 4013 1119 4099 plurimis
1149 4012 1275 4077 clarum.
1322 4011 1358 4077 In
1383 4012 1444 4083 illis

433 4127 591 4215 discipulis
619 4132 705 4197 luere
733 4140 764 4196 et
791 4132 844 4196 alii
867 4131 1053 4217 Aeginetae,
1078 4137 1110 4195 et
1133 4130 1314 4195 Alcimedon
1338 4153 1372 4195 ao
1395 4130 1445 4195 Ti·

431 4247 617 4334 mosthenes.
664 4250 886 4316 Alcimedontis
922 4250 1048 4335 quidem
1078 4249 1236 4314 victoriam
1268 4248 1442 4335 Olympiam

431 4366 491 4430 hoc
520 4369 654 4433 carmine
685 4369 834 4449 celebrat,
867 4369 1073 4435 Timosthenis
1104 4390 1174 4432 vero
1201 4367 1384 4433 Nemeaeam
1409 4393 1442 4433 vs

392 4505 394 4508 ·
432 4485 473 4547 21
504 4486 595 4550 verbo
626 4487 746 4571 attigit,
779 4496 885 4573 postea
907 4488 987 4552 hanc
1011 4487 1145 4552 carmine
1168 4487 1287 4572 integro
1310 4487 1442 4552 celebra·
