<?xml version="1.0" encoding="UTF-8"?>
<!DOCTYPE html PUBLIC "-//W3C//DTD XHTML 1.0 Transitional//EN"
    "http://www.w3.org/TR/xhtml1/DTD/xhtml1-transitional.dtd">
<html xmlns="http://www.w3.org/1999/xhtml" xml:lang="en" lang="en">
 <head>
  <title>
</title>
<meta http-equiv="Content-Type" content="text/html;charset=utf-8" />
  <meta name='ocr-system' content='tesseract 3.04.00' />
  <meta name='ocr-capabilities' content='ocr_page ocr_carea ocr_par ocr_line ocrx_word'/>
</head>
<body>
  <div class='ocr_page' id='page_1' title='image "./pindaricarminao00pindgoog_0588.png"; bbox 0 0 3767 5534; ppageno 0'>
   <div class='ocr_carea' id='block_1_1' title="bbox 909 747 971 806">
    <p class='ocr_par' dir='ltr' id='par_1_1' title="bbox 909 747 971 806">
     <span class='ocr_line' id='line_1_1' title="bbox 909 747 971 806; baseline 0 -1"><span class='ocrx_word' id='word_1_1' title='bbox 909 747 971 806; x_wconf 82' lang='lat'>505</span> 
     </span>
    </p>
   </div>
   <div class='ocr_carea' id='block_1_2' title="bbox 432 945 1444 1043">
    <p class='ocr_par' dir='ltr' id='par_1_2' title="bbox 432 945 1444 1043">
     <span class='ocr_line' id='line_1_2' title="bbox 432 945 1444 1043; baseline -0.002 -34"><span class='ocrx_word' id='word_1_2' title='bbox 432 946 557 1010; x_wconf 89' lang='lat' dir='ltr'>ticulam</span> <span class='ocrx_word' id='word_1_3' title='bbox 582 947 638 1010; x_wconf 88' lang='lat' dir='ltr'>hoo</span> <span class='ocrx_word' id='word_1_4' title='bbox 662 947 784 1030; x_wconf 89' lang='lat' dir='ltr'>quidem</span> <span class='ocrx_word' id='word_1_5' title='bbox 808 946 875 1010; x_wconf 89' lang='lat' dir='ltr'>loco</span> <span class='ocrx_word' id='word_1_6' title='bbox 898 970 961 1010; x_wconf 89' lang='lat' dir='ltr'>non</span> <span class='ocrx_word' id='word_1_7' title='bbox 984 946 1104 1009; x_wconf 89' lang='lat' dir='ltr'>differre</span> <span class='ocrx_word' id='word_1_8' title='bbox 1127 945 1166 1010; x_wconf 86' lang='lat' dir='ltr'>ab</span> <span class='ocrx_word' id='word_1_9' title='bbox 1189 969 1239 1023; x_wconf 86' lang='lat' dir='ltr'>ea,</span> <span class='ocrx_word' id='word_1_10' title='bbox 1261 968 1339 1043; x_wconf 88' lang='lat' dir='ltr'>quae</span> <span class='ocrx_word' id='word_1_11' title='bbox 1355 968 1388 1008; x_wconf 87' lang='lat' dir='ltr'>vs</span> <span class='ocrx_word' id='word_1_12' title='bbox 1405 947 1444 1009; x_wconf 88' lang='grc'>70</span> 
     </span>
    </p>
   </div>
   <div class='ocr_carea' id='block_1_3' title="bbox 433 1062 1447 1150">
    <p class='ocr_par' dir='ltr' id='par_1_3' title="bbox 433 1062 1447 1150">
     <span class='ocr_line' id='line_1_3' title="bbox 433 1062 1447 1150; baseline -0.002 -22"><span class='ocrx_word' id='word_1_13' title='bbox 433 1066 574 1150; x_wconf 88' lang='lat' dir='ltr'>ponitur,</span> <span class='ocrx_word' id='word_1_14' title='bbox 599 1067 684 1137; x_wconf 68' lang='grc' dir='ltr'><em>ὅπως.</em></span> <span class='ocrx_word' id='word_1_15' title='bbox 727 1066 814 1129; x_wconf 89' lang='lat' dir='ltr'>Plato</span> <span class='ocrx_word' id='word_1_16' title='bbox 838 1066 928 1150; x_wconf 81' lang='lat' dir='ltr'>Epin.</span> <span class='ocrx_word' id='word_1_17' title='bbox 955 1068 1019 1128; x_wconf 84' lang='lat'>990</span> <span class='ocrx_word' id='word_1_18' title='bbox 1045 1064 1064 1129; x_wconf 96' lang='lat' dir='ltr'>b</span> <span class='ocrx_word' id='word_1_19' title='bbox 1087 1064 1122 1136; x_wconf 76' lang='grc' dir='ltr'><em>ὥς</em></span> <span class='ocrx_word' id='word_1_20' title='bbox 1145 1070 1248 1145; x_wconf 74' lang='grc' dir='ltr'><strong><em>Φααεν</em></strong></span> <span class='ocrx_word' id='word_1_21' title='bbox 1271 1062 1326 1139; x_wconf 69' lang='lat' dir='ltr'>darn</span> <span class='ocrx_word' id='word_1_22' title='bbox 1350 1064 1447 1127; x_wconf 77' lang='grc' dir='ltr'><em>δεῖτε</em></span> 
     </span>
    </p>
   </div>
   <div class='ocr_carea' id='block_1_4' title="bbox 355 1182 1458 4585">
    <p class='ocr_par' dir='ltr' id='par_1_4' title="bbox 355 1182 881 1265">
     <span class='ocr_line' id='line_1_4' title="bbox 355 1182 881 1265; baseline -0.002 -16"><span class='ocrx_word' id='word_1_23' title='bbox 355 1223 362 1238; x_wconf 88' lang='lat'><strong>·</strong></span> <span class='ocrx_word' id='word_1_24' title='bbox 431 1184 482 1249; x_wconf 76' lang='grc' dir='ltr'>καὶ</span> <span class='ocrx_word' id='word_1_25' title='bbox 505 1182 581 1255; x_wconf 73' lang='grc' dir='ltr'><em>ὅπως</em></span> <span class='ocrx_word' id='word_1_26' title='bbox 604 1188 696 1265; x_wconf 80' lang='grc' dir='ltr'><em>χρεὼν</em></span> <span class='ocrx_word' id='word_1_27' title='bbox 718 1185 881 1262; x_wconf 71' lang='grc' dir='ltr'><strong><em>μανθάνειν.</em></strong></span> 
     </span>
    </p>

    <p class='ocr_par' dir='ltr' id='par_1_5' title="bbox 431 1302 1448 1864">
     <span class='ocr_line' id='line_1_5' title="bbox 479 1302 1447 1386; baseline -0.002 -20"><span class='ocrx_word' id='word_1_28' title='bbox 479 1307 530 1368; x_wconf 79' lang='grc'>69.</span> <span class='ocrx_word' id='word_1_29' title='bbox 565 1304 698 1384; x_wconf 79' lang='grc' dir='ltr'>ὖαοῦθινα</span> <span class='ocrx_word' id='word_1_30' title='bbox 721 1306 825 1370; x_wconf 80' lang='grc' dir='ltr'><strong><em>διελών.</em></strong></span> <span class='ocrx_word' id='word_1_31' title='bbox 862 1312 1003 1386; x_wconf 81' lang='grc' dir='ltr'>Διαιοεΐν,</span> <span class='ocrx_word' id='word_1_32' title='bbox 1029 1313 1064 1366; x_wconf 92' lang='lat' dir='ltr'>ut</span> <span class='ocrx_word' id='word_1_33' title='bbox 1088 1303 1195 1381; x_wconf 89' lang='lat' dir='ltr'>credo,</span> <span class='ocrx_word' id='word_1_34' title='bbox 1220 1303 1277 1366; x_wconf 90' lang='lat' dir='ltr'>hoc</span> <span class='ocrx_word' id='word_1_35' title='bbox 1298 1302 1365 1365; x_wconf 87' lang='lat' dir='ltr'>loco</span> <span class='ocrx_word' id='word_1_36' title='bbox 1385 1324 1447 1364; x_wconf 92' lang='lat' dir='ltr'>non</span> 
     </span>
     <span class='ocr_line' id='line_1_6' title="bbox 432 1421 1446 1508; baseline -0.004 -22"><span class='ocrx_word' id='word_1_37' title='bbox 432 1429 551 1486; x_wconf 90' lang='lat' dir='ltr'>tantum</span> <span class='ocrx_word' id='word_1_38' title='bbox 587 1433 633 1487; x_wconf 88' lang='lat' dir='ltr'>est</span> <span class='ocrx_word' id='word_1_39' title='bbox 668 1424 767 1508; x_wconf 89' lang='lat' dir='ltr'>ipsum</span> <span class='ocrx_word' id='word_1_40' title='bbox 803 1423 956 1499; x_wconf 87' lang='lat' dir='ltr'>dividere,</span> <span class='ocrx_word' id='word_1_41' title='bbox 993 1422 1045 1486; x_wconf 91' lang='lat' dir='ltr'>sed</span> <span class='ocrx_word' id='word_1_42' title='bbox 1078 1421 1243 1485; x_wconf 89' lang='lat' dir='ltr'>dividendo</span> <span class='ocrx_word' id='word_1_43' title='bbox 1276 1442 1446 1485; x_wconf 80' lang='lat' dir='ltr'>secernere:</span> 
     </span>
     <span class='ocr_line' id='line_1_7' title="bbox 435 1540 1448 1626; baseline -0.004 -21"><span class='ocrx_word' id='word_1_44' title='bbox 435 1543 615 1607; x_wconf 84' lang='lat' dir='ltr'>sacrificavit</span> <span class='ocrx_word' id='word_1_45' title='bbox 639 1543 787 1607; x_wconf 87' lang='lat' dir='ltr'>Hercules</span> <span class='ocrx_word' id='word_1_46' title='bbox 811 1544 867 1607; x_wconf 76' lang='grc' dir='ltr'>οὖν</span> <span class='ocrx_word' id='word_1_47' title='bbox 890 1543 1025 1618; x_wconf 77' lang='grc' dir='ltr'>πολέμοιο</span> <span class='ocrx_word' id='word_1_48' title='bbox 1049 1541 1142 1614; x_wconf 72' lang='grc' dir='ltr'><strong><em>δόσιν,</em></strong></span> <span class='ocrx_word' id='word_1_49' title='bbox 1166 1563 1275 1626; x_wconf 87' lang='lat' dir='ltr'>nempe</span> <span class='ocrx_word' id='word_1_50' title='bbox 1299 1562 1365 1603; x_wconf 87' lang='lat' dir='ltr'>eam</span> <span class='ocrx_word' id='word_1_51' title='bbox 1383 1540 1448 1623; x_wconf 87' lang='lat' dir='ltr'>ejus</span> 
     </span>
     <span class='ocr_line' id='line_1_8' title="bbox 431 1659 1445 1745; baseline -0.002 -23"><span class='ocrx_word' id='word_1_52' title='bbox 431 1668 565 1745; x_wconf 86' lang='lat' dir='ltr'>partem,</span> <span class='ocrx_word' id='word_1_53' title='bbox 596 1682 687 1745; x_wconf 85' lang='lat' dir='ltr'>quam</span> <span class='ocrx_word' id='word_1_54' title='bbox 711 1661 779 1725; x_wconf 89' lang='lat' dir='ltr'>Diis</span> <span class='ocrx_word' id='word_1_55' title='bbox 803 1661 930 1724; x_wconf 88' lang='lat' dir='ltr'>secrevit</span> <span class='ocrx_word' id='word_1_56' title='bbox 954 1670 984 1724; x_wconf 90' lang='lat' dir='ltr'>et</span> <span class='ocrx_word' id='word_1_57' title='bbox 1006 1659 1166 1724; x_wconf 82' lang='lat' dir='ltr'>divisionis</span> <span class='ocrx_word' id='word_1_58' title='bbox 1190 1659 1357 1744; x_wconf 87' lang='lat' dir='ltr'>primordia</span> <span class='ocrx_word' id='word_1_59' title='bbox 1380 1679 1445 1722; x_wconf 87' lang='lat' dir='ltr'>esse</span> 
     </span>
     <span class='ocr_line' id='line_1_9' title="bbox 433 1776 1444 1864; baseline 0 -23"><span class='ocrx_word' id='word_1_60' title='bbox 433 1778 540 1843; x_wconf 88' lang='lat' dir='ltr'>voluit.</span> <span class='ocrx_word' id='word_1_61' title='bbox 588 1780 634 1843; x_wconf 90' lang='lat' dir='ltr'>De</span> <span class='ocrx_word' id='word_1_62' title='bbox 663 1779 810 1843; x_wconf 83' lang='lat' dir='ltr'>vocabulo</span> <span class='ocrx_word' id='word_1_63' title='bbox 833 1780 966 1858; x_wconf 71' lang='grc' dir='ltr'>οὖαοοῦινα</span> <span class='ocrx_word' id='word_1_64' title='bbox 990 1779 1192 1864; x_wconf 75' lang='lat' dir='ltr'>explicuimus</span> <span class='ocrx_word' id='word_1_65' title='bbox 1217 1777 1255 1841; x_wconf 84' lang='lat' dir='ltr'>ad</span> <span class='ocrx_word' id='word_1_66' title='bbox 1279 1777 1330 1842; x_wconf 91' lang='lat' dir='ltr'>Ol.</span> <span class='ocrx_word' id='word_1_67' title='bbox 1355 1776 1389 1841; x_wconf 93' lang='lat' dir='ltr'>II</span> <span class='ocrx_word' id='word_1_68' title='bbox 1415 1778 1444 1842; x_wconf 85' lang='grc'>7.</span> 
     </span>
    </p>

    <p class='ocr_par' dir='ltr' id='par_1_6' title="bbox 390 1896 1458 2436">
     <span class='ocr_line' id='line_1_10' title="bbox 479 1896 1444 1983; baseline -0.007 -18"><span class='ocrx_word' id='word_1_69' title='bbox 479 1902 530 1965; x_wconf 85' lang='grc'>72.</span> <span class='ocrx_word' id='word_1_70' title='bbox 566 1899 719 1963; x_wconf 80' lang='grc' dir='ltr'>ποταίνιον.</span> <span class='ocrx_word' id='word_1_71' title='bbox 755 1898 849 1962; x_wconf 83' lang='lat' dir='ltr'>Recte</span> <span class='ocrx_word' id='word_1_72' title='bbox 873 1898 1037 1962; x_wconf 81' lang='lat' dir='ltr'>scholiasta</span> <span class='ocrx_word' id='word_1_73' title='bbox 1060 1906 1147 1961; x_wconf 90' lang='lat' dir='ltr'>vetus</span> <span class='ocrx_word' id='word_1_74' title='bbox 1167 1898 1293 1983; x_wconf 79' lang='lat' dir='ltr'>exponit</span> <span class='ocrx_word' id='word_1_75' title='bbox 1308 1896 1444 1976; x_wconf 71' lang='grc' dir='ltr'>πρόσφα-</span> 
     </span>
     <span class='ocr_line' id='line_1_11' title="bbox 432 2015 1444 2099; baseline -0.005 -18"><span class='ocrx_word' id='word_1_76' title='bbox 432 2042 495 2082; x_wconf 76' lang='grc' dir='ltr'>τονι</span> <span class='ocrx_word' id='word_1_77' title='bbox 529 2017 581 2080; x_wconf 85' lang='lat' dir='ltr'>sed</span> <span class='ocrx_word' id='word_1_78' title='bbox 613 2016 764 2080; x_wconf 88' lang='lat' dir='ltr'>immerito</span> <span class='ocrx_word' id='word_1_79' title='bbox 796 2017 945 2080; x_wconf 89' lang='lat' dir='ltr'>Doricum</span> <span class='ocrx_word' id='word_1_80' title='bbox 977 2039 1040 2080; x_wconf 88' lang='lat' dir='ltr'>esse</span> <span class='ocrx_word' id='word_1_81' title='bbox 1072 2015 1163 2080; x_wconf 89' lang='lat' dir='ltr'>dicit:</span> <span class='ocrx_word' id='word_1_82' title='bbox 1198 2016 1224 2079; x_wconf 87' lang='lat' dir='ltr'>si</span> <span class='ocrx_word' id='word_1_83' title='bbox 1251 2015 1375 2099; x_wconf 90' lang='lat' dir='ltr'>quidem</span> <span class='ocrx_word' id='word_1_84' title='bbox 1399 2021 1444 2077; x_wconf 89' lang='lat' dir='ltr'>est</span> 
     </span>
     <span class='ocr_line' id='line_1_12' title="bbox 433 2134 1444 2231; baseline -0.004 -32"><span class='ocrx_word' id='word_1_85' title='bbox 433 2136 514 2220; x_wconf 91' lang='lat' dir='ltr'>apud</span> <span class='ocrx_word' id='word_1_86' title='bbox 539 2136 742 2220; x_wconf 86' lang='lat' dir='ltr'>Aeschylum,</span> <span class='ocrx_word' id='word_1_87' title='bbox 767 2134 862 2200; x_wconf 85' lang='lat' dir='ltr'>Ohoe.</span> <span class='ocrx_word' id='word_1_88' title='bbox 889 2137 973 2231; x_wconf 77' lang='lat'>1055</span> <span class='ocrx_word' id='word_1_89' title='bbox 993 2135 1030 2199; x_wconf 91' lang='lat' dir='ltr'>de</span> <span class='ocrx_word' id='word_1_90' title='bbox 1046 2143 1167 2199; x_wconf 89' lang='lat' dir='ltr'>recente</span> <span class='ocrx_word' id='word_1_91' title='bbox 1185 2134 1444 2219; x_wconf 81' lang='lat' dir='ltr'>Clytaemnestrae</span> 
     </span>
     <span class='ocr_line' id='line_1_13' title="bbox 390 2250 1441 2338; baseline -0.001 -22"><span class='ocrx_word' id='word_1_92' title='bbox 390 2273 391 2276; x_wconf 71' lang='grc'>’</span> <span class='ocrx_word' id='word_1_93' title='bbox 433 2255 597 2338; x_wconf 82' lang='lat' dir='ltr'>sanguine,</span> <span class='ocrx_word' id='word_1_94' title='bbox 630 2254 719 2318; x_wconf 80' lang='lat' dir='ltr'>Eum.</span> <span class='ocrx_word' id='word_1_95' title='bbox 753 2257 817 2316; x_wconf 89' lang='grc'>282</span> <span class='ocrx_word' id='word_1_96' title='bbox 849 2254 887 2318; x_wconf 92' lang='lat' dir='ltr'>de</span> <span class='ocrx_word' id='word_1_97' title='bbox 917 2261 1040 2318; x_wconf 88' lang='lat' dir='ltr'>recente</span> <span class='ocrx_word' id='word_1_98' title='bbox 1065 2253 1199 2338; x_wconf 89' lang='lat' dir='ltr'>ejusdem</span> <span class='ocrx_word' id='word_1_99' title='bbox 1223 2252 1332 2329; x_wconf 90' lang='lat' dir='ltr'>caede,</span> <span class='ocrx_word' id='word_1_100' title='bbox 1358 2250 1441 2335; x_wconf 85' lang='lat' dir='ltr'>Sept.</span> 
     </span>
     <span class='ocr_line' id='line_1_14' title="bbox 433 2359 1458 2436; baseline 0.001 -1"><span class='ocrx_word' id='word_1_101' title='bbox 433 2394 459 2436; x_wconf 91' lang='lat' dir='ltr'>c.</span> <span class='ocrx_word' id='word_1_102' title='bbox 483 2371 540 2435; x_wconf 76' lang='lat' dir='ltr'>rh.</span> <span class='ocrx_word' id='word_1_103' title='bbox 566 2375 629 2434; x_wconf 81' lang='grc'>289</span> <span class='ocrx_word' id='word_1_104' title='bbox 654 2371 692 2435; x_wconf 89' lang='lat' dir='ltr'>de</span> <span class='ocrx_word' id='word_1_105' title='bbox 715 2394 794 2435; x_wconf 88' lang='lat' dir='ltr'>novo</span> <span class='ocrx_word' id='word_1_106' title='bbox 818 2372 965 2436; x_wconf 89' lang='lat' dir='ltr'>tumultu.</span> <span class='ocrx_word' id='word_1_107' title='bbox 1454 2359 1458 2367; x_wconf 44' lang='lat'>¹</span> 
     </span>
    </p>

    <p class='ocr_par' dir='ltr' id='par_1_7' title="bbox 433 2486 1446 3048">
     <span class='ocr_line' id='line_1_15' title="bbox 480 2486 1444 2572; baseline -0.002 -16"><span class='ocrx_word' id='word_1_108' title='bbox 480 2494 530 2556; x_wconf 77' lang='lat'>74.</span> <span class='ocrx_word' id='word_1_109' title='bbox 566 2494 686 2567; x_wconf 76' lang='grc' dir='ltr'>οὖχώνιον</span> <span class='ocrx_word' id='word_1_110' title='bbox 709 2490 806 2572; x_wconf 82' lang='grc' dir='ltr'><em>εὖχος.</em></span> <span class='ocrx_word' id='word_1_111' title='bbox 842 2491 898 2555; x_wconf 73' lang='lat' dir='ltr'>est</span> <span class='ocrx_word' id='word_1_112' title='bbox 914 2492 1007 2555; x_wconf 89' lang='lat' dir='ltr'>decus</span> <span class='ocrx_word' id='word_1_113' title='bbox 1024 2491 1213 2554; x_wconf 81' lang='lat' dir='ltr'>certaminis:</span> <span class='ocrx_word' id='word_1_114' title='bbox 1232 2512 1266 2553; x_wconf 88' lang='lat' dir='ltr'>ao</span> <span class='ocrx_word' id='word_1_115' title='bbox 1282 2490 1343 2554; x_wconf 82' lang='lat' dir='ltr'>fere</span> <span class='ocrx_word' id='word_1_116' title='bbox 1359 2486 1444 2569; x_wconf 83' lang='grc' dir='ltr'><em>εὖχος</em></span> 
     </span>
     <span class='ocr_line' id='line_1_16' title="bbox 434 2607 1444 2684; baseline -0.002 -13"><span class='ocrx_word' id='word_1_117' title='bbox 434 2608 471 2672; x_wconf 86' lang='lat' dir='ltr'>ab</span> <span class='ocrx_word' id='word_1_118' title='bbox 496 2608 630 2672; x_wconf 85' lang='lat' dir='ltr'>Homero</span> <span class='ocrx_word' id='word_1_119' title='bbox 654 2609 691 2673; x_wconf 91' lang='lat' dir='ltr'>de</span> <span class='ocrx_word' id='word_1_120' title='bbox 715 2610 858 2674; x_wconf 86' lang='lat' dir='ltr'>victoriae</span> <span class='ocrx_word' id='word_1_121' title='bbox 881 2610 973 2674; x_wconf 89' lang='lat' dir='ltr'>laude</span> <span class='ocrx_word' id='word_1_122' title='bbox 997 2607 1444 2684; x_wconf 84' lang='lat' dir='ltr'>dicitur:relutIl.VI181,</span> 
     </span>
     <span class='ocr_line' id='line_1_17' title="bbox 434 2722 1446 2812; baseline 0.002 -23"><span class='ocrx_word' id='word_1_123' title='bbox 434 2726 517 2790; x_wconf 88' lang='lat' dir='ltr'>XIII</span> <span class='ocrx_word' id='word_1_124' title='bbox 548 2730 623 2792; x_wconf 76' lang='grc'><strong>327.</strong></span> <span class='ocrx_word' id='word_1_125' title='bbox 670 2727 817 2791; x_wconf 82' lang='lat' dir='ltr'>Similiter</span> <span class='ocrx_word' id='word_1_126' title='bbox 845 2728 925 2812; x_wconf 87' lang='lat' dir='ltr'>apud</span> <span class='ocrx_word' id='word_1_127' title='bbox 950 2726 1135 2803; x_wconf 81' lang='lat' dir='ltr'>Pindarum,</span> <span class='ocrx_word' id='word_1_128' title='bbox 1159 2726 1214 2811; x_wconf 78' lang='lat' dir='ltr'>Py.</span> <span class='ocrx_word' id='word_1_129' title='bbox 1239 2725 1268 2787; x_wconf 81' lang='lat' dir='ltr'>V</span> <span class='ocrx_word' id='word_1_130' title='bbox 1293 2728 1334 2788; x_wconf 89' lang='grc'>26</span> <span class='ocrx_word' id='word_1_131' title='bbox 1359 2722 1446 2805; x_wconf 92' lang='grc' dir='ltr'><em>εὖχος</em></span> 
     </span>
     <span class='ocr_line' id='line_1_18' title="bbox 433 2842 1444 2944; baseline 0 -36"><span class='ocrx_word' id='word_1_132' title='bbox 433 2846 517 2918; x_wconf 78' lang='grc' dir='ltr'><strong><em>ἑλὼν,</em></strong></span> <span class='ocrx_word' id='word_1_133' title='bbox 549 2844 638 2909; x_wconf 90' lang='lat' dir='ltr'>Nem.</span> <span class='ocrx_word' id='word_1_134' title='bbox 670 2845 717 2909; x_wconf 84' lang='lat' dir='ltr'>VI</span> <span class='ocrx_word' id='word_1_135' title='bbox 751 2849 812 2909; x_wconf 88' lang='lat'>100</span> <span class='ocrx_word' id='word_1_136' title='bbox 844 2852 928 2911; x_wconf 78' lang='grc' dir='ltr'><em>τοῦτο</em></span> <span class='ocrx_word' id='word_1_137' title='bbox 960 2846 1075 2926; x_wconf 54' lang='lat' dir='ltr'>aarum</span> <span class='ocrx_word' id='word_1_138' title='bbox 1106 2843 1193 2944; x_wconf 81' lang='grc' dir='ltr'><em>εὖχος</em></span> <span class='ocrx_word' id='word_1_139' title='bbox 1224 2845 1342 2922; x_wconf 58' lang='lat' dir='ltr'>aaaron</span> <span class='ocrx_word' id='word_1_140' title='bbox 1375 2842 1444 2908; x_wconf 78' lang='grc' dir='ltr'><em>ὖνιο.</em></span> 
     </span>
     <span class='ocr_line' id='line_1_19' title="bbox 433 2963 1144 3048; baseline 0.003 -22"><span class='ocrx_word' id='word_1_141' title='bbox 433 2963 527 3047; x_wconf 84' lang='lat' dir='ltr'>Apud</span> <span class='ocrx_word' id='word_1_142' title='bbox 549 2963 729 3048; x_wconf 78' lang='lat' dir='ltr'>Tyrtaeum,</span> <span class='ocrx_word' id='word_1_143' title='bbox 753 2964 872 3028; x_wconf 77' lang='lat'>11136</span> <span class='ocrx_word' id='word_1_144' title='bbox 896 2964 969 3028; x_wconf 88' lang='lat' dir='ltr'>edit.</span> <span class='ocrx_word' id='word_1_145' title='bbox 994 2964 1144 3028; x_wconf 85' lang='lat' dir='ltr'>Brunckii</span> 
     </span>
    </p>

    <p class='ocr_par' dir='ltr' id='par_1_8' title="bbox 434 3080 1446 3517">
     <span class='ocr_line' id='line_1_20' title="bbox 612 3080 1257 3164; baseline -0.002 -17"><span class='ocrx_word' id='word_1_146' title='bbox 612 3084 731 3156; x_wconf 75' lang='grc' dir='ltr'>νικήσεις</span> <span class='ocrx_word' id='word_1_147' title='bbox 753 3083 778 3147; x_wconf 71' lang='grc' dir='ltr'>δ’</span> <span class='ocrx_word' id='word_1_148' title='bbox 802 3084 918 3163; x_wconf 78' lang='grc' dir='ltr'><em>αἰχμῆς</em></span> <span class='ocrx_word' id='word_1_149' title='bbox 940 3083 1057 3160; x_wconf 70' lang='grc' dir='ltr'><strong><em>ἀγλαὸν</em></strong></span> <span class='ocrx_word' id='word_1_150' title='bbox 1081 3080 1168 3163; x_wconf 84' lang='grc' dir='ltr'><em>εὖχος</em></span> <span class='ocrx_word' id='word_1_151' title='bbox 1190 3080 1257 3164; x_wconf 71' lang='grc' dir='ltr'>ἕλχ’</span> 
     </span>
     <span class='ocr_line' id='line_1_21' title="bbox 434 3197 1446 3283; baseline 0 -22"><span class='ocrx_word' id='word_1_152' title='bbox 434 3197 629 3282; x_wconf 76' lang='lat' dir='ltr'>Quamquam</span> <span class='ocrx_word' id='word_1_153' title='bbox 667 3197 754 3279; x_wconf 89' lang='grc' dir='ltr'><em>εὖχος</em></span> <span class='ocrx_word' id='word_1_154' title='bbox 793 3200 884 3265; x_wconf 89' lang='lat' dir='ltr'>etiam</span> <span class='ocrx_word' id='word_1_155' title='bbox 922 3200 1036 3263; x_wconf 89' lang='lat' dir='ltr'>dicitur</span> <span class='ocrx_word' id='word_1_156' title='bbox 1071 3208 1193 3278; x_wconf 90' lang='lat' dir='ltr'>votum,</span> <span class='ocrx_word' id='word_1_157' title='bbox 1230 3199 1313 3262; x_wconf 89' lang='lat' dir='ltr'>velut</span> <span class='ocrx_word' id='word_1_158' title='bbox 1353 3198 1446 3283; x_wconf 86' lang='lat' dir='ltr'>Soph.</span> 
     </span>
     <span class='ocr_line' id='line_1_22' title="bbox 434 3317 696 3381; baseline 0 -1"><span class='ocrx_word' id='word_1_159' title='bbox 434 3317 514 3381; x_wconf 87' lang='lat' dir='ltr'>Phil.</span> <span class='ocrx_word' id='word_1_160' title='bbox 543 3320 625 3380; x_wconf 86' lang='grc'><strong>1203</strong></span> <span class='ocrx_word' id='word_1_161' title='bbox 694 3330 696 3333; x_wconf 82' lang='grc'><strong>’</strong></span> 
     </span>
     <span class='ocr_line' id='line_1_23' title="bbox 722 3433 1213 3517; baseline -0.002 -16"><span class='ocrx_word' id='word_1_162' title='bbox 722 3434 750 3501; x_wconf 77' lang='grc' dir='ltr'>ἕν</span> <span class='ocrx_word' id='word_1_163' title='bbox 773 3436 811 3514; x_wconf 79' lang='grc' dir='ltr'>γε’</span> <span class='ocrx_word' id='word_1_164' title='bbox 834 3460 881 3513; x_wconf 75' lang='grc' dir='ltr'>μοι</span> <span class='ocrx_word' id='word_1_165' title='bbox 905 3433 992 3517; x_wconf 84' lang='grc' dir='ltr'><em>εὖχος</em></span> <span class='ocrx_word' id='word_1_166' title='bbox 1016 3435 1141 3516; x_wconf 74' lang='grc' dir='ltr'><em>ὖοέξατε.</em></span> <span class='ocrx_word' id='word_1_167' title='bbox 1212 3449 1213 3452; x_wconf 76' lang='grc'>’</span> 
     </span>
    </p>

    <p class='ocr_par' dir='ltr' id='par_1_9' title="bbox 433 3554 1450 4232">
     <span class='ocr_line' id='line_1_24' title="bbox 434 3554 1443 3642; baseline 0.002 -25"><span class='ocrx_word' id='word_1_168' title='bbox 434 3554 505 3633; x_wconf 72' lang='lat' dir='ltr'>Qua</span> <span class='ocrx_word' id='word_1_169' title='bbox 536 3555 660 3642; x_wconf 83' lang='lat' dir='ltr'>quidem</span> <span class='ocrx_word' id='word_1_170' title='bbox 691 3556 914 3639; x_wconf 84' lang='lat' dir='ltr'>significatione</span> <span class='ocrx_word' id='word_1_171' title='bbox 948 3556 1129 3640; x_wconf 89' lang='lat' dir='ltr'>plerumque</span> <span class='ocrx_word' id='word_1_172' title='bbox 1160 3557 1235 3636; x_wconf 68' lang='grc' dir='ltr'><em>εὖχῦς</em></span> <span class='ocrx_word' id='word_1_173' title='bbox 1259 3556 1332 3640; x_wconf 88' lang='lat' dir='ltr'>poni</span> <span class='ocrx_word' id='word_1_174' title='bbox 1356 3554 1443 3619; x_wconf 89' lang='lat' dir='ltr'>solet.</span> 
     </span>
     <span class='ocr_line' id='line_1_25' title="bbox 433 3672 1450 3759; baseline 0.002 -24"><span class='ocrx_word' id='word_1_175' title='bbox 433 3672 547 3736; x_wconf 83' lang='lat' dir='ltr'>Tamen</span> <span class='ocrx_word' id='word_1_176' title='bbox 579 3673 698 3737; x_wconf 87' lang='lat' dir='ltr'>decoris</span> <span class='ocrx_word' id='word_1_177' title='bbox 729 3674 984 3758; x_wconf 84' lang='lat' dir='ltr'>significationem</span> <span class='ocrx_word' id='word_1_178' title='bbox 1016 3674 1075 3739; x_wconf 92' lang='lat' dir='ltr'>hoc</span> <span class='ocrx_word' id='word_1_179' title='bbox 1106 3674 1173 3739; x_wconf 90' lang='lat' dir='ltr'>loco</span> <span class='ocrx_word' id='word_1_180' title='bbox 1198 3674 1344 3759; x_wconf 82' lang='lat' dir='ltr'>praefero.</span> <span class='ocrx_word' id='word_1_181' title='bbox 1392 3674 1450 3737; x_wconf 79' lang='lat' dir='ltr'>Est</span> 
     </span>
     <span class='ocr_line' id='line_1_26' title="bbox 435 3789 1448 3877; baseline 0.005 -26"><span class='ocrx_word' id='word_1_182' title='bbox 435 3796 535 3852; x_wconf 86' lang='lat' dir='ltr'>autem</span> <span class='ocrx_word' id='word_1_183' title='bbox 566 3792 686 3866; x_wconf 78' lang='grc' dir='ltr'><strong><em>αχώνιον</em></strong></span> <span class='ocrx_word' id='word_1_184' title='bbox 714 3789 800 3871; x_wconf 85' lang='grc' dir='ltr'><em>εὖχος</em></span> <span class='ocrx_word' id='word_1_185' title='bbox 825 3793 999 3876; x_wconf 87' lang='lat' dir='ltr'>appositum</span> <span class='ocrx_word' id='word_1_186' title='bbox 1024 3793 1099 3877; x_wconf 89' lang='lat' dir='ltr'>ipsis</span> <span class='ocrx_word' id='word_1_187' title='bbox 1123 3792 1280 3870; x_wconf 83' lang='lat' dir='ltr'>vocabulis</span> <span class='ocrx_word' id='word_1_188' title='bbox 1305 3792 1448 3857; x_wconf 73' lang='grc' dir='ltr'>ποταίνιον</span> 
     </span>
     <span class='ocr_line' id='line_1_27' title="bbox 434 3908 1446 3996; baseline 0.005 -26"><span class='ocrx_word' id='word_1_189' title='bbox 434 3908 588 3989; x_wconf 77' lang='grc' dir='ltr'><strong><em>στέφανον.</em></strong></span> <span class='ocrx_word' id='word_1_190' title='bbox 635 3909 822 3974; x_wconf 70' lang='lat' dir='ltr'>scholiastae</span> <span class='ocrx_word' id='word_1_191' title='bbox 852 3918 969 3975; x_wconf 89' lang='lat' dir='ltr'>veteres</span> <span class='ocrx_word' id='word_1_192' title='bbox 1001 3912 1167 3996; x_wconf 86' lang='lat' dir='ltr'>significari</span> <span class='ocrx_word' id='word_1_193' title='bbox 1195 3912 1370 3976; x_wconf 82' lang='lat' dir='ltr'>existimant</span> <span class='ocrx_word' id='word_1_194' title='bbox 1393 3912 1446 3975; x_wconf 91' lang='lat' dir='ltr'>ad·</span> 
     </span>
     <span class='ocr_line' id='line_1_28' title="bbox 435 4026 1447 4114; baseline 0.006 -27"><span class='ocrx_word' id='word_1_195' title='bbox 435 4026 557 4089; x_wconf 90' lang='lat' dir='ltr'>versarii</span> <span class='ocrx_word' id='word_1_196' title='bbox 587 4034 660 4089; x_wconf 87' lang='lat' dir='ltr'>vota</span> <span class='ocrx_word' id='word_1_197' title='bbox 687 4038 717 4090; x_wconf 92' lang='lat' dir='ltr'>et</span> <span class='ocrx_word' id='word_1_198' title='bbox 740 4028 886 4111; x_wconf 85' lang='lat' dir='ltr'>gloriam,</span> <span class='ocrx_word' id='word_1_199' title='bbox 912 4036 949 4093; x_wconf 89' lang='lat' dir='ltr'>ut</span> <span class='ocrx_word' id='word_1_200' title='bbox 972 4030 1099 4095; x_wconf 71' lang='grc' dir='ltr'>καθελὼν</span> <span class='ocrx_word' id='word_1_201' title='bbox 1123 4031 1273 4114; x_wconf 87' lang='lat' dir='ltr'>significet</span> <span class='ocrx_word' id='word_1_202' title='bbox 1297 4030 1447 4093; x_wconf 90' lang='lat' dir='ltr'>devictam</span> 
     </span>
     <span class='ocr_line' id='line_1_29' title="bbox 435 4142 1327 4232; baseline 0.008 -28"><span class='ocrx_word' id='word_1_203' title='bbox 435 4164 453 4204; x_wconf 87' lang='lat' dir='ltr'>a</span> <span class='ocrx_word' id='word_1_204' title='bbox 476 4142 588 4207; x_wconf 89' lang='lat' dir='ltr'>victore</span> <span class='ocrx_word' id='word_1_205' title='bbox 612 4145 695 4228; x_wconf 85' lang='lat' dir='ltr'>ejus,</span> <span class='ocrx_word' id='word_1_206' title='bbox 721 4168 790 4210; x_wconf 89' lang='lat' dir='ltr'>cum</span> <span class='ocrx_word' id='word_1_207' title='bbox 815 4168 876 4229; x_wconf 92' lang='lat' dir='ltr'>quo</span> <span class='ocrx_word' id='word_1_208' title='bbox 900 4148 1078 4225; x_wconf 86' lang='lat' dir='ltr'>certaverit,</span> <span class='ocrx_word' id='word_1_209' title='bbox 1105 4147 1327 4232; x_wconf 82' lang='lat' dir='ltr'>gloriationem.</span> 
     </span>
    </p>

    <p class='ocr_par' dir='ltr' id='par_1_10' title="bbox 434 4261 1448 4585">
     <span class='ocr_line' id='line_1_30' title="bbox 481 4261 1448 4344; baseline 0.003 -19"><span class='ocrx_word' id='word_1_210' title='bbox 481 4263 532 4325; x_wconf 75' lang='lat'>74.</span> <span class='ocrx_word' id='word_1_211' title='bbox 568 4264 596 4325; x_wconf 82' lang='grc' dir='ltr'>ἐν</span> <span class='ocrx_word' id='word_1_212' title='bbox 631 4261 692 4344; x_wconf 71' lang='grc' dir='ltr'>δῦξ,</span> <span class='ocrx_word' id='word_1_213' title='bbox 737 4263 859 4340; x_wconf 70' lang='grc' dir='ltr'><em>θέμενος.</em></span> <span class='ocrx_word' id='word_1_214' title='bbox 897 4264 1035 4342; x_wconf 81' lang='lat' dir='ltr'>Corona,</span> <span class='ocrx_word' id='word_1_215' title='bbox 1074 4266 1166 4328; x_wconf 91' lang='lat' dir='ltr'>decus</span> <span class='ocrx_word' id='word_1_216' title='bbox 1198 4266 1390 4342; x_wconf 87' lang='lat' dir='ltr'>certaminis,-</span> <span class='ocrx_word' id='word_1_217' title='bbox 1421 4266 1448 4328; x_wconf 91' lang='lat' dir='ltr'>si</span> 
     </span>
     <span class='ocr_line' id='line_1_31' title="bbox 434 4381 1447 4468; baseline 0.005 -28"><span class='ocrx_word' id='word_1_218' title='bbox 434 4400 496 4441; x_wconf 90' lang='lat' dir='ltr'>non</span> <span class='ocrx_word' id='word_1_219' title='bbox 526 4388 647 4463; x_wconf 89' lang='lat' dir='ltr'>petetur</span> <span class='ocrx_word' id='word_1_220' title='bbox 679 4381 822 4444; x_wconf 86' lang='lat' dir='ltr'>certando</span> <span class='ocrx_word' id='word_1_221' title='bbox 852 4405 909 4446; x_wconf 89' lang='lat' dir='ltr'>nec</span> <span class='ocrx_word' id='word_1_222' title='bbox 932 4383 1157 4467; x_wconf 87' lang='lat' dir='ltr'>reportabitur,</span> <span class='ocrx_word' id='word_1_223' title='bbox 1182 4405 1237 4446; x_wconf 89' lang='lat' dir='ltr'>sua</span> <span class='ocrx_word' id='word_1_224' title='bbox 1260 4383 1326 4465; x_wconf 87' lang='lat' dir='ltr'>ipsa</span> <span class='ocrx_word' id='word_1_225' title='bbox 1350 4382 1447 4468; x_wconf 85' lang='lat' dir='ltr'>gloria</span> 
     </span>
     <span class='ocr_line' id='line_1_32' title="bbox 434 4496 1445 4585; baseline 0.005 -26"><span class='ocrx_word' id='word_1_226' title='bbox 434 4496 562 4560; x_wconf 86' lang='lat' dir='ltr'>carebit:</span> <span class='ocrx_word' id='word_1_227' title='bbox 592 4520 610 4560; x_wconf 93' lang='lat' dir='ltr'>a</span> <span class='ocrx_word' id='word_1_228' title='bbox 636 4498 750 4562; x_wconf 86' lang='lat' dir='ltr'>victore</span> <span class='ocrx_word' id='word_1_229' title='bbox 780 4499 905 4564; x_wconf 86' lang='lat' dir='ltr'>demum</span> <span class='ocrx_word' id='word_1_230' title='bbox 930 4501 962 4563; x_wconf 92' lang='lat' dir='ltr'>in</span> <span class='ocrx_word' id='word_1_231' title='bbox 989 4500 1087 4585; x_wconf 86' lang='lat' dir='ltr'>gloria</span> <span class='ocrx_word' id='word_1_232' title='bbox 1110 4501 1235 4585; x_wconf 89' lang='lat' dir='ltr'>ponitur</span> <span class='ocrx_word' id='word_1_233' title='bbox 1258 4507 1289 4562; x_wconf 90' lang='lat' dir='ltr'>et</span> <span class='ocrx_word' id='word_1_234' title='bbox 1311 4500 1445 4584; x_wconf 84' lang='lat' dir='ltr'>gloriosa</span> 
     </span>
    </p>
   </div>
   <div class='ocr_carea' id='block_1_5' title="bbox 0 0 1893 5534">
    <p class='ocr_par' dir='ltr' id='par_1_11' title="bbox 0 0 1893 5534">
     <span class='ocr_line' id='line_1_33' title="bbox 0 0 1893 5534; baseline 0 0"><span class='ocrx_word' id='word_1_235' title='bbox 0 0 1893 5534; x_wconf 95' lang='lat' dir='ltr'> </span> 
     </span>
    </p>
   </div>
  </div>
 </body>
</html>
