3767 5534
1003 722 1063 783 loe

749 923 839 987 Ποσσλ
864 922 975 1001 τρέχων
998 928 1071 994 ταῖς
1094 920 1107 985 ὃ
1131 922 1289 999 Λικυανθου

750 1038 872 1110 Ολοινθς·
893 1035 959 1113 ἧκεν
982 1038 1011 1102 δὲ
1033 1038 1176 1105 Μιδέαθεν

748 1157 878 1237 Στρατὸν
901 1157 1038 1222 ἐλαύνων.
1062 1158 1076 1220 ὁ
1099 1156 1129 1221 δὲ
1154 1154 1241 1238 notha
1263 1181 1313 1220 κυ-

793 1274 893 1338 δαίνειν
916 1275 1052 1354 Ἔχεμος
1074 1273 1205 1351 Τένεαν.

749 1392 891 1473 Δόρυκλος
914 1394 944 1455 δὲ
967 1393 1051 1464 τέλος

749 1514 882 1587 Πννμοῖς
903 1508 990 1591 φέρε,
1014 1510 1139 1589 Τίρυνθα
1162 1509 1246 1574 ναθων
1268 1508 1362 1573 σθλιν.

748 1626 808 1693 'Aa'
831 1626 942 1693 λὀττοισι
965 1628 994 1692 δὲ
1017 1627 1149 1707 τέτρασιν

908 1747 956 1810 Ἀ.
981 1747 1015 1813 δ’.
1061 1758 1095 1812 Κ.
1118 1748 1156 1820 ις’.

750 1866 825 1930 'Aut
848 1866 1016 1938 Μαντινέας
1040 1869 1143 1943 Σααος
1166 1865 1325 1948 οἱλιρροθθου.

526 2110 551 2158 in
575 2109 680 2158 scholiis.
714 2108 850 2158 Schmidius
875 2108 904 2157 de
933 2108 1071 2172 conjectura
1098 2108 1174 2158 edidit
1202 2109 1343 2178 εὐθὺὸρομοι.
1385 2107 1543 2156 Hormauuns

526 2204 629 2268 conjecit
651 2206 743 2258 σταδίου
758 2229 792 2243 -·
809 2207 869 2256 εὐθὺν
890 2212 964 2257 rivos:
987 2204 1059 2269 idque
1082 2220 1132 2253 csse
1155 2204 1180 2252 in
1203 2205 1263 2254 Mas.
1283 2204 1360 2269 Neap.
1377 2202 1464 2254 scribit
1481 2202 1544 2253 Ahl·

524 2300 636 2349 werdina.

559 2394 599 2447 77.
624 2403 679 2453 παῖς
695 2399 707 2446 θ
723 2409 749 2446 Λ.
783 2396 813 2444 In
829 2395 889 2445 Mas.
906 2395 983 2460 Neap.
999 2402 1060 2460 γθνος
1076 2406 1102 2446 Δ.

557 2488 597 2541 78.
622 2492 673 2547 ἧκεν
713 2490 766 2539 Pal.
785 2490 804 2539 C
822 2490 856 2541 ἷκε
873 2492 897 2540 δὲ
915 2493 1035 2555 paulato.

558 2584 598 2634 80.
623 2593 713 2649 rupeas.
746 2584 797 2633 Pal.
816 2584 835 2633 C
853 2594 956 2650 τθγαιαν,
974 2585 1043 2633 Uret.
1061 2584 1095 2643 B,
1112 2584 1240 2642 ua'credo,
1257 2592 1344 2647 τεγθαν.

557 2679 603 2738 81,
622 2679 662 2728 82.
691 2684 799 2751 Δθρυιιλος
818 2681 841 2729 δὲ
859 2687 912 2749 φέρε
930 2689 1025 2745 πυρρᾶς
1041 2683 1111 2737 τθλος.
1146 2678 1184 2727 Sic
1200 2679 1253 2728 Pal.
1267 2678 1300 2737 (l,
1312 2677 1368 2726 All.
1380 2678 1449 2726 eost.
1460 2676 1540 2726 Most.

524 2774 559 2833 A,
582 2774 643 2837 Aug.
667 2773 701 2833 B,
724 2774 780 2823 Par.
804 2776 839 2834 A,
863 2774 914 2823 (lin.
936 2774 1014 2824 Vatic.
1031 2774 1057 2822 in
1075 2790 1176 2839 quornm
1192 2773 1285 2823 duobus
1302 2776 1382 2822 tamen
1399 2779 1472 2840 φορεν.
1508 2771 1540 2819 Iu

523 2867 577 2917 eliis
599 2873 706 2939 Δόρυκλος
731 2871 755 2920 δὲ
775 2874 839 2927 τέλος
861 2882 957 2937 πυγμᾶς
980 2879 1043 2940 φερε.
1078 2873 1110 2919 nt
1127 2872 1191 2919 certe
1207 2870 1232 2918 iu
1249 2868 1348 2932 reliquia
1364 2867 1414 2917 ferc
1430 2865 1539 2931 strophis

527 2978 608 3013 versus
632 2965 762 3028 penultimi
785 2965 877 3030 syllaba
900 2970 984 3031 quarta
1007 2965 1086 3015 brevis
1109 2970 1159 3014 est:
1177 2969 1258 3014 temen
1274 2964 1346 3027 longa
1364 2978 1398 3012 vs.
1417 2962 1474 3012 115.
1509 2962 1541 3011 ln

525 3057 594 3108 Urat.
615 3059 636 3107 Β
659 3076 741 3109 versus
765 3061 797 3109 82
821 3065 846 3110 et
866 3061 898 3110 83
915 3060 1077 3125 praetermissi
1096 3063 1168 3119 sunt,
1187 3059 1228 3108 sed
1245 3058 1336 3108 scholia
1353 3061 1434 3107 tomen
1451 3057 1481 3106 od
1498 3072 1541 3106 eos

526 3154 671 3216 pertinentia
688 3153 722 3204 ihi
740 3159 843 3204 exstant.

557 3250 597 3298 84.
622 3260 698 3316 Σᾶμος
715 3254 851 3319 ἁλιρροθὶου.
885 3250 1021 3300 Schmidius
1039 3253 1064 3300 et
1081 3250 1190 3315 Heyuiua
1207 3249 1334 3299 ediderunt
1348 3258 1425 3313 Σᾶμος
1435 3249 1537 3306 »laliaci

523 3344 594 3407 idque
612 3349 648 3394 est
665 3346 690 3394 in
715 3346 785 3395 Uret.
803 3348 825 3395 A
842 3351 867 3395 et
883 3346 918 3405 B,
940 3346 992 3397 Pal.
1008 3347 1030 3394 A
1048 3349 1072 3395 et
1090 3345 1124 3405 B,
1141 3345 1218 3394 Mose.
1235 3347 1257 3394 A
1274 3348 1299 3394 et
1315 3344 1349 3402 B,
1367 3342 1481 3406 aliisque:
1498 3342 1541 3391 aad

524 3455 610 3488 nomen
637 3439 663 3488 in
687 3440 828 3505 quibusdam
847 3450 934 3506 Σῆμοςι
953 3445 977 3489 et
994 3441 1020 3489 in
1037 3442 1114 3490 Mosc.
1132 3440 1153 3489 B
1170 3445 1207 3489 eat
1223 3438 1345 3489 scholion:
1362 3440 1431 3495 οὕτως
1447 3443 1541 3503 ἄμεινον

521 3513 649 3602 γράφεσθαι
665 3535 764 3592 aalma·
782 3538 805 3593 θς
822 3533 841 3586 δ’
857 3539 930 3591 ἄλλοις
946 3540 1044 3604 γράφει,
1063 3538 1088 3585 οὐ
1104 3538 1175 3592 καλῶς
1191 3539 1286 3603 γράφεις
1304 3536 1377 3597 atque
1393 3532 1493 3581 omnino
1512 3532 1539 3581 iu

523 3629 620 3679 scholiis
643 3630 815 3679 recentioribus
832 3629 891 3679 haec
908 3630 1027 3694 scriptura
1044 3629 1191 3693 agnoscitur.
1225 3629 1253 3676 ln
1271 3628 1327 3677 Ald.
1344 3627 1411 3677 Gott.
1430 3626 1484 3677 Por.
1503 3628 1539 3686 ll,

523 3722 702 3789 Ρε1.οιοο“ιμ’
725 3728 868 3793 ἀλιρροθθυι,
894 3724 919 3773 iu
936 3726 999 3789 Aug.
1017 3725 1038 3773 B
1056 3729 1080 3774 et
1097 3725 1175 3773 Vatic.
1194 3723 1252 3788 σᾶμ’
1270 3725 1419 3791 θλλιρροθθου.
1452 3722 1540 3771 Gloase

522 3817 598 3867 Mose.
622 3818 643 3867 B
665 3822 831 3889 ἀνεκηρύττετο
851 3826 879 3870 τὸ
901 3826 942 3878 τῆς
964 3824 1034 3887 βολῆς
1059 3827 1152 3884 σημεῖον
1170 3820 1270 3869 fortasse
1287 3818 1377 3867 indicat
1393 3816 1539 3881 scripturam

523 3911 581 3977 σᾶμ’
609 3915 705 3969 latino.
739 3915 772 3963 At
798 3914 857 3978 σᾶμ’
886 3918 1016 3981 άλιρροθίου
1036 3915 1061 3962 in
1088 3913 1208 3963 veteribus
1231 3911 1327 3964 scholiis
1343 3911 1495 3975 agnoscitur:
1512 3909 1538 3960 in

521 4006 607 4069 quibus
630 4011 679 4056 est:
704 4018 769 4073 σῆμα
792 4010 922 4076 ἀλιρροθθου
942 4015 1003 4060 κατὰ
1027 4012 1164 4077 περίφρασιν
1177 4032 1212 4045 -
1229 4009 1292 4066 ολονςλ
1310 4010 1339 4059 τὸ
1359 4013 1452 4071 σημεῖον
1468 4009 1539 4064 καὶὴ

521 4101 576 4160 δόξα
597 4108 637 4152 τοῦ
659 4101 809 4171 Ἃλιρροθὶου,
834 4111 864 4160 ὡς
886 4107 925 4154 καλ
946 4098 1063 4172 Ὅμηρος·
1088 4102 1147 4168 Ἱερὴ
1166 4106 1185 4161 λς
1200 4106 1351 4169 Τηλεμάχοιο.
1386 4101 1538 4150 Memoralur

520 4197 592 4246 etiam
610 4196 707 4261 Didymi
723 4197 864 4262 explicatio:
889 4201 970 4255 ἔξωθεν
986 4195 1285 4266 παραλαμβανομένωῖτοῦ
1302 4202 1427 4261 ονοματος·
1445 4196 1479 4246 ἀν’
1496 4199 1539 4246 ln-

460 4313 462 4318 ·
519 4309 580 4342 ποισι
598 4292 622 4342 δὲ
637 4298 746 4361 τέτρασιν
767 4299 828 4361 θροις
845 4295 918 4343 hunt
942 4301 1069 4350 Μαντινέας
1088 4296 1174 4350 sumes
1199 4296 1237 4345 καλ
1255 4298 1314 4343 ἔστιν
1329 4296 1343 4349 ἡ
1361 4298 1476 4343 nmmo
1493 4312 1537 4349 ση-

519 4394 584 4450 μεῖον
600 4391 636 4437 καὶ
656 4391 709 4457 ἱεροὶ
725 4392 766 4438 τοῦ
784 4389 928 4445 Ποσειδῶνος.
962 4387 1098 4455 ιΔλιρρὸθιον
1118 4395 1165 4457 γὰρ
1184 4392 1314 4443 aaronem
1331 4386 1458 4437 Ποσειδῶνά
1473 4405 1535 4452 φησι.

520 4478 585 4542 Ergo
608 4479 649 4529 ille
671 4483 715 4529 ant
737 4480 822 4546 legisse
838 4481 945 4531 videtur:
963 4487 1011 4531 ἀπὸ
1029 4489 1170 4546 navaturus,
1188 4479 1246 4546 σᾶμ’
1262 4482 1274 4531 θ
1289 4478 1439 4548 Ἁλιρροθίου,
1456 4477 1482 4528 id
1499 4481 1536 4527 etl
