<?xml version="1.0" encoding="UTF-8"?>
<!DOCTYPE html PUBLIC "-//W3C//DTD XHTML 1.0 Transitional//EN"
    "http://www.w3.org/TR/xhtml1/DTD/xhtml1-transitional.dtd">
<html xmlns="http://www.w3.org/1999/xhtml" xml:lang="en" lang="en">
 <head>
  <title>
</title>
<meta http-equiv="Content-Type" content="text/html;charset=utf-8" />
  <meta name='ocr-system' content='tesseract 3.04.00' />
  <meta name='ocr-capabilities' content='ocr_page ocr_carea ocr_par ocr_line ocrx_word'/>
</head>
<body>
  <div class='ocr_page' id='page_1' title='image "./pindaricarminao00pindgoog_0592.png"; bbox 0 0 3767 5534; ppageno 0'>
   <div class='ocr_carea' id='block_1_1' title="bbox 909 751 972 811">
    <p class='ocr_par' dir='ltr' id='par_1_1' title="bbox 909 751 972 811">
     <span class='ocr_line' id='line_1_1' title="bbox 909 751 972 811; baseline 0 0"><span class='ocrx_word' id='word_1_1' title='bbox 909 751 972 811; x_wconf 78' lang='lat'>509</span> 
     </span>
    </p>
   </div>
   <div class='ocr_carea' id='block_1_2' title="bbox 370 915 1517 4581">
    <p class='ocr_par' dir='ltr' id='par_1_2' title="bbox 431 915 1517 1393">
     <span class='ocr_line' id='line_1_2' title="bbox 477 915 1440 1032; baseline -0.007 -17"><span class='ocrx_word' id='word_1_2' title='bbox 477 955 530 1016; x_wconf 84' lang='lat'>90.</span> <span class='ocrx_word' id='word_1_3' title='bbox 564 953 593 1018; x_wconf 81' lang='grc' dir='ltr'>ἓν</span> <span class='ocrx_word' id='word_1_4' title='bbox 616 952 641 1017; x_wconf 69' lang='grc' dir='ltr'>δ’</span> <span class='ocrx_word' id='word_1_5' title='bbox 663 951 797 1032; x_wconf 70' lang='grc' dir='ltr'><strong><em>ἔφλεξεν.</em></strong></span> <span class='ocrx_word' id='word_1_6' title='bbox 833 949 1009 1014; x_wconf 86' lang='lat' dir='ltr'>Plenilunio</span> <span class='ocrx_word' id='word_1_7' title='bbox 1032 948 1169 1012; x_wconf 80' lang='lat' dir='ltr'>instituti</span> <span class='ocrx_word' id='word_1_8' title='bbox 1189 915 1256 1012; x_wconf 68' lang='lat' dir='ltr'>lu&#39;di</span> <span class='ocrx_word' id='word_1_9' title='bbox 1272 947 1440 1032; x_wconf 85' lang='lat' dir='ltr'>Olympici:</span> 
     </span>
     <span class='ocr_line' id='line_1_3' title="bbox 431 1054 1442 1154; baseline -0.004 -21"><span class='ocrx_word' id='word_1_10' title='bbox 431 1071 509 1135; x_wconf 84' lang='lat' dir='ltr'>conf.</span> <span class='ocrx_word' id='word_1_11' title='bbox 534 1069 585 1135; x_wconf 90' lang='lat' dir='ltr'>Ol.</span> <span class='ocrx_word' id='word_1_12' title='bbox 609 1070 661 1135; x_wconf 90' lang='grc' dir='ltr'>ΙΙΙ</span> <span class='ocrx_word' id='word_1_13' title='bbox 685 1074 738 1135; x_wconf 81' lang='grc'>36.</span> <span class='ocrx_word' id='word_1_14' title='bbox 774 1054 964 1154; x_wconf 78' lang='lat' dir='ltr'>Praepcsitio</span> <span class='ocrx_word' id='word_1_15' title='bbox 988 1076 1090 1132; x_wconf 82' lang='lat' dir='ltr'>aulem</span> <span class='ocrx_word' id='word_1_16' title='bbox 1114 1090 1175 1131; x_wconf 86' lang='lat' dir='ltr'>non</span> <span class='ocrx_word' id='word_1_17' title='bbox 1200 1067 1290 1131; x_wconf 88' lang='lat' dir='ltr'>verbo</span> <span class='ocrx_word' id='word_1_18' title='bbox 1314 1066 1442 1150; x_wconf 86' lang='lat' dir='ltr'>adjungi</span> 
     </span>
     <span class='ocr_line' id='line_1_4' title="bbox 431 1185 1517 1273; baseline -0.006 -21"><span class='ocrx_word' id='word_1_19' title='bbox 431 1188 568 1267; x_wconf 81' lang='lat' dir='ltr'>videtur,</span> <span class='ocrx_word' id='word_1_20' title='bbox 593 1188 646 1253; x_wconf 86' lang='lat' dir='ltr'>sed</span> <span class='ocrx_word' id='word_1_21' title='bbox 669 1190 770 1273; x_wconf 87' lang='lat' dir='ltr'>ipsum</span> <span class='ocrx_word' id='word_1_22' title='bbox 793 1188 917 1269; x_wconf 78' lang='grc' dir='ltr'><strong><em>Φλέχειν</em></strong></span> <span class='ocrx_word' id='word_1_23' title='bbox 942 1187 1053 1251; x_wconf 84' lang='lat' dir='ltr'>habere</span> <span class='ocrx_word' id='word_1_24' title='bbox 1077 1185 1276 1250; x_wconf 83' lang='lat' dir='ltr'>collustrandi</span> <span class='ocrx_word' id='word_1_25' title='bbox 1293 1185 1444 1269; x_wconf 83' lang='lat' dir='ltr'>significa·</span> <span class='ocrx_word' id='word_1_26' title='bbox 1515 1241 1517 1245; x_wconf 21' lang='lat'><em>1</em></span> 
     </span>
     <span class='ocr_line' id='line_1_5' title="bbox 431 1308 819 1393; baseline 0 -22"><span class='ocrx_word' id='word_1_27' title='bbox 431 1310 563 1387; x_wconf 84' lang='lat' dir='ltr'>tionem,</span> <span class='ocrx_word' id='word_1_28' title='bbox 587 1315 624 1371; x_wconf 80' lang='lat' dir='ltr'>ut</span> <span class='ocrx_word' id='word_1_29' title='bbox 646 1308 700 1393; x_wconf 88' lang='lat' dir='ltr'>Py.</span> <span class='ocrx_word' id='word_1_30' title='bbox 725 1308 753 1369; x_wconf 87' lang='lat' dir='ltr'>V</span> <span class='ocrx_word' id='word_1_31' title='bbox 779 1311 819 1371; x_wconf 77' lang='lat'>60</span> 
     </span>
    </p>

    <p class='ocr_par' dir='ltr' id='par_1_3' title="bbox 431 1422 1446 1860">
     <span class='ocr_line' id='line_1_6' title="bbox 664 1422 1208 1504; baseline -0.009 -13"><span class='ocrx_word' id='word_1_32' title='bbox 664 1427 697 1491; x_wconf 77' lang='grc' dir='ltr'>σὲ</span> <span class='ocrx_word' id='word_1_33' title='bbox 720 1426 745 1489; x_wconf 73' lang='grc' dir='ltr'>δ’</span> <span class='ocrx_word' id='word_1_34' title='bbox 768 1427 883 1502; x_wconf 72' lang='grc' dir='ltr'><strong><em>ἠύκομοι</em></strong></span> <span class='ocrx_word' id='word_1_35' title='bbox 906 1425 1051 1504; x_wconf 54' lang='lat' dir='ltr'>&lt;cairam</span> <span class='ocrx_word' id='word_1_36' title='bbox 1077 1422 1208 1504; x_wconf 81' lang='grc' dir='ltr'><strong><em>Χάριτες.</em></strong></span> 
     </span>
     <span class='ocr_line' id='line_1_7' title="bbox 431 1540 1446 1627; baseline -0.006 -18"><span class='ocrx_word' id='word_1_37' title='bbox 431 1543 481 1609; x_wconf 85' lang='grc' dir='ltr'>Ἐν</span> <span class='ocrx_word' id='word_1_38' title='bbox 512 1543 726 1608; x_wconf 79' lang='lat' dir='ltr'>adverbialiter</span> <span class='ocrx_word' id='word_1_39' title='bbox 755 1542 890 1627; x_wconf 81' lang='lat' dir='ltr'>positum</span> <span class='ocrx_word' id='word_1_40' title='bbox 922 1550 987 1618; x_wconf 84' lang='lat' dir='ltr'>cst,</span> <span class='ocrx_word' id='word_1_41' title='bbox 1018 1541 1179 1621; x_wconf 80' lang='grc' dir='ltr'><strong><em>ἐντούτῳ,</em></strong></span> <span class='ocrx_word' id='word_1_42' title='bbox 1203 1540 1335 1617; x_wconf 79' lang='lat' dir='ltr'>interea,</span> <span class='ocrx_word' id='word_1_43' title='bbox 1366 1549 1446 1604; x_wconf 82' lang='lat' dir='ltr'>lum.</span> 
     </span>
     <span class='ocr_line' id='line_1_8' title="bbox 432 1660 739 1726; baseline 0 -1"><span class='ocrx_word' id='word_1_44' title='bbox 432 1660 520 1726; x_wconf 85' lang='lat' dir='ltr'><strong>Gonf.</strong></span> <span class='ocrx_word' id='word_1_45' title='bbox 546 1660 596 1725; x_wconf 93' lang='lat' dir='ltr'>Ol.</span> <span class='ocrx_word' id='word_1_46' title='bbox 621 1661 685 1726; x_wconf 85' lang='lat' dir='ltr'>VII</span> <span class='ocrx_word' id='word_1_47' title='bbox 709 1666 739 1725; x_wconf 86' lang='grc'>9.</span> 
     </span>
     <span class='ocr_line' id='line_1_9' title="bbox 477 1776 1374 1860; baseline -0.003 -18"><span class='ocrx_word' id='word_1_48' title='bbox 477 1782 530 1843; x_wconf 76' lang='lat'>92.</span> <span class='ocrx_word' id='word_1_49' title='bbox 566 1781 689 1846; x_wconf 74' lang='grc' dir='ltr'><strong><em>άεέδετο.</em></strong></span> <span class='ocrx_word' id='word_1_50' title='bbox 725 1780 892 1859; x_wconf 82' lang='grc' dir='ltr'><strong><em>Κατείχετο</em></strong></span> <span class='ocrx_word' id='word_1_51' title='bbox 914 1779 1004 1860; x_wconf 60' lang='lat' dir='ltr'>aazia</span> <span class='ocrx_word' id='word_1_52' title='bbox 1050 1777 1143 1842; x_wconf 90' lang='lat' dir='ltr'>Hom.</span> <span class='ocrx_word' id='word_1_53' title='bbox 1167 1777 1205 1841; x_wconf 92' lang='lat' dir='ltr'>Il.</span> <span class='ocrx_word' id='word_1_54' title='bbox 1231 1776 1308 1840; x_wconf 80' lang='lat' dir='ltr'>XVI</span> <span class='ocrx_word' id='word_1_55' title='bbox 1334 1780 1374 1842; x_wconf 77' lang='lat' dir='ltr'>la</span> 
     </span>
    </p>

    <p class='ocr_par' dir='ltr' id='par_1_4' title="bbox 434 1895 1254 2083">
     <span class='ocr_line' id='line_1_10' title="bbox 621 1895 1254 1977; baseline -0.005 -15"><span class='ocrx_word' id='word_1_56' title='bbox 621 1900 645 1962; x_wconf 84' lang='lat' dir='ltr'>ol</span> <span class='ocrx_word' id='word_1_57' title='bbox 669 1898 692 1961; x_wconf 79' lang='grc' dir='ltr'>δ’</span> <span class='ocrx_word' id='word_1_58' title='bbox 714 1900 857 1977; x_wconf 81' lang='grc' dir='ltr'><strong><em>άλαλντῷ</em></strong></span> <span class='ocrx_word' id='word_1_59' title='bbox 883 1902 944 1962; x_wconf 87' lang='grc' dir='ltr'>πάν</span> <span class='ocrx_word' id='word_1_60' title='bbox 969 1896 1062 1961; x_wconf 76' lang='grc' dir='ltr'><strong><em>πεδίον</em></strong></span> <span class='ocrx_word' id='word_1_61' title='bbox 1085 1895 1254 1977; x_wconf 76' lang='grc' dir='ltr'><strong><em>κατέχουσι.</em></strong></span> 
     </span>
     <span class='ocr_line' id='line_1_11' title="bbox 434 2016 876 2083; baseline -0.005 -2"><span class='ocrx_word' id='word_1_62' title='bbox 434 2016 560 2081; x_wconf 80' lang='lat' dir='ltr'>Hesiod.</span> <span class='ocrx_word' id='word_1_63' title='bbox 584 2016 669 2083; x_wconf 78' lang='lat' dir='ltr'>Saul.</span> <span class='ocrx_word' id='word_1_64' title='bbox 694 2016 785 2080; x_wconf 85' lang='lat' dir='ltr'>Herc.</span> <span class='ocrx_word' id='word_1_65' title='bbox 811 2018 876 2079; x_wconf 79' lang='lat'>284</span> 
     </span>
    </p>

    <p class='ocr_par' dir='ltr' id='par_1_5' title="bbox 634 2130 1240 2212">
     <span class='ocr_line' id='line_1_12' title="bbox 634 2130 1240 2212; baseline -0.005 -13"><span class='ocrx_word' id='word_1_66' title='bbox 634 2131 736 2200; x_wconf 82' lang='grc' dir='ltr'><strong><em>πάσαν</em></strong></span> <span class='ocrx_word' id='word_1_67' title='bbox 759 2135 789 2198; x_wconf 71' lang='grc' dir='ltr'>δέ</span> <span class='ocrx_word' id='word_1_68' title='bbox 812 2134 899 2199; x_wconf 83' lang='grc' dir='ltr'><strong><em>πάλιν</em></strong></span> <span class='ocrx_word' id='word_1_69' title='bbox 924 2130 1025 2198; x_wconf 80' lang='grc' dir='ltr'><strong><em>έαλέαι</em></strong></span> <span class='ocrx_word' id='word_1_70' title='bbox 1048 2158 1082 2197; x_wconf 87' lang='grc' dir='ltr'>τε</span> <span class='ocrx_word' id='word_1_71' title='bbox 1104 2134 1185 2212; x_wconf 81' lang='grc' dir='ltr'><strong><em>χοροί</em></strong></span> <span class='ocrx_word' id='word_1_72' title='bbox 1207 2158 1240 2197; x_wconf 82' lang='grc' dir='ltr'>τε</span> 
     </span>
    </p>

    <p class='ocr_par' dir='ltr' id='par_1_6' title="bbox 588 2248 883 2332">
     <span class='ocr_line' id='line_1_13' title="bbox 588 2248 883 2332; baseline 0.003 -16"><span class='ocrx_word' id='word_1_73' title='bbox 588 2252 717 2330; x_wconf 77' lang='grc' dir='ltr'><strong><em>άχλαΐαι</em></strong></span> <span class='ocrx_word' id='word_1_74' title='bbox 741 2253 769 2317; x_wconf 83' lang='grc' dir='ltr'>τ’</span> <span class='ocrx_word' id='word_1_75' title='bbox 793 2248 883 2332; x_wconf 80' lang='grc' dir='ltr'><strong><em>εἶχον.</em></strong></span> 
     </span>
    </p>

    <p class='ocr_par' dir='ltr' id='par_1_7' title="bbox 438 2369 1296 2457">
     <span class='ocr_line' id='line_1_14' title="bbox 438 2369 1296 2457; baseline 0 -22"><span class='ocrx_word' id='word_1_76' title='bbox 438 2372 547 2457; x_wconf 77' lang='lat' dir='ltr'>Eurip,</span> <span class='ocrx_word' id='word_1_77' title='bbox 572 2369 675 2456; x_wconf 84' lang='lat' dir='ltr'><strong>Iphig.</strong></span> <span class='ocrx_word' id='word_1_78' title='bbox 700 2370 734 2435; x_wconf 83' lang='grc' dir='ltr'>Τ.</span> <span class='ocrx_word' id='word_1_79' title='bbox 761 2372 823 2436; x_wconf 83' lang='grc'>867</span> <span class='ocrx_word' id='word_1_80' title='bbox 850 2373 988 2435; x_wconf 77' lang='grc' dir='ltr'><strong><em>αὐλεῖται</em></strong></span> <span class='ocrx_word' id='word_1_81' title='bbox 1012 2370 1041 2433; x_wconf 77' lang='grc' dir='ltr'>δέ</span> <span class='ocrx_word' id='word_1_82' title='bbox 1064 2374 1124 2433; x_wconf 83' lang='grc' dir='ltr'>πάν</span> <span class='ocrx_word' id='word_1_83' title='bbox 1147 2370 1296 2450; x_wconf 69' lang='grc' dir='ltr'><strong><em>μέλαθρον.</em></strong></span> 
     </span>
    </p>

    <p class='ocr_par' dir='ltr' id='par_1_8' title="bbox 434 2488 1449 2688">
     <span class='ocr_line' id='line_1_15' title="bbox 483 2488 1449 2573; baseline -0.003 -19"><span class='ocrx_word' id='word_1_84' title='bbox 483 2494 537 2555; x_wconf 74' lang='lat'>92.</span> <span class='ocrx_word' id='word_1_85' title='bbox 573 2493 634 2555; x_wconf 86' lang='grc' dir='ltr'>πάν</span> <span class='ocrx_word' id='word_1_86' title='bbox 665 2490 793 2568; x_wconf 82' lang='grc' dir='ltr'><strong><em>τέμενος.</em></strong></span> <span class='ocrx_word' id='word_1_87' title='bbox 829 2488 867 2553; x_wconf 83' lang='grc' dir='ltr'>Ιι]</span> <span class='ocrx_word' id='word_1_88' title='bbox 892 2489 1033 2573; x_wconf 85' lang='lat' dir='ltr'>quidem,</span> <span class='ocrx_word' id='word_1_89' title='bbox 1059 2488 1141 2573; x_wconf 90' lang='lat' dir='ltr'>quod</span> <span class='ocrx_word' id='word_1_90' title='bbox 1165 2488 1314 2553; x_wconf 84' lang='lat' dir='ltr'>Hercules</span> <span class='ocrx_word' id='word_1_91' title='bbox 1338 2489 1449 2553; x_wconf 77' lang='lat' dir='ltr'>consti·</span> 
     </span>
     <span class='ocr_line' id='line_1_16' title="bbox 434 2608 919 2688; baseline 0 -15"><span class='ocrx_word' id='word_1_92' title='bbox 434 2616 537 2673; x_wconf 78' lang='lat' dir='ltr'>tuerat</span> <span class='ocrx_word' id='word_1_93' title='bbox 561 2608 661 2688; x_wconf 72' lang='grc' dir='ltr'><strong><em>δόρποιο</em></strong></span> <span class='ocrx_word' id='word_1_94' title='bbox 683 2610 784 2685; x_wconf 81' lang='grc' dir='ltr'><strong><em>λύσιν,</em></strong></span> <span class='ocrx_word' id='word_1_95' title='bbox 808 2631 842 2671; x_wconf 87' lang='lat' dir='ltr'>vs</span> <span class='ocrx_word' id='word_1_96' title='bbox 868 2612 919 2673; x_wconf 85' lang='grc'>57.</span> 
     </span>
    </p>

    <p class='ocr_par' dir='ltr' id='par_1_9' title="bbox 400 2725 1510 3159">
     <span class='ocr_line' id='line_1_17' title="bbox 481 2725 1510 2807; baseline -0.001 -18"><span class='ocrx_word' id='word_1_97' title='bbox 481 2730 533 2791; x_wconf 85' lang='grc'>93.</span> <span class='ocrx_word' id='word_1_98' title='bbox 573 2726 632 2790; x_wconf 74' lang='grc' dir='ltr'>Τὸν</span> <span class='ocrx_word' id='word_1_99' title='bbox 667 2726 809 2803; x_wconf 78' lang='grc' dir='ltr'><strong><em>ἐγκώμιον</em></strong></span> <span class='ocrx_word' id='word_1_100' title='bbox 844 2728 927 2807; x_wconf 69' lang='grc' dir='ltr'>ἀμφὶ</span> <span class='ocrx_word' id='word_1_101' title='bbox 963 2726 1074 2806; x_wconf 80' lang='grc' dir='ltr'><strong><em>τρὸπον.</em></strong></span> <span class='ocrx_word' id='word_1_102' title='bbox 1110 2725 1222 2805; x_wconf 79' lang='grc' dir='ltr'><strong><em>Τράπος</em></strong></span> <span class='ocrx_word' id='word_1_103' title='bbox 1257 2732 1302 2788; x_wconf 83' lang='lat' dir='ltr'>cst</span> <span class='ocrx_word' id='word_1_104' title='bbox 1338 2725 1446 2789; x_wconf 88' lang='lat' dir='ltr'>modus</span> <span class='ocrx_word' id='word_1_105' title='bbox 1509 2785 1510 2788; x_wconf 74' lang='grc'>,</span> 
     </span>
     <span class='ocr_line' id='line_1_18' title="bbox 435 2842 1446 2925; baseline -0.002 -16"><span class='ocrx_word' id='word_1_106' title='bbox 435 2845 622 2920; x_wconf 84' lang='lat' dir='ltr'>carminum,</span> <span class='ocrx_word' id='word_1_107' title='bbox 654 2845 739 2909; x_wconf 80' lang='lat' dir='ltr'>velut</span> <span class='ocrx_word' id='word_1_108' title='bbox 768 2843 819 2907; x_wconf 94' lang='lat' dir='ltr'>Ol.</span> <span class='ocrx_word' id='word_1_109' title='bbox 844 2843 922 2908; x_wconf 88' lang='lat' dir='ltr'>XIV</span> <span class='ocrx_word' id='word_1_110' title='bbox 947 2848 987 2906; x_wconf 76' lang='lat'>25</span> <span class='ocrx_word' id='word_1_111' title='bbox 1012 2843 1108 2924; x_wconf 74' lang='grc' dir='ltr'><strong><em>Λνδέῳ</em></strong></span> <span class='ocrx_word' id='word_1_112' title='bbox 1131 2844 1159 2908; x_wconf 81' lang='grc' dir='ltr'>έν</span> <span class='ocrx_word' id='word_1_113' title='bbox 1182 2843 1293 2925; x_wconf 73' lang='grc' dir='ltr'><strong><em>τρέπςι,</em></strong></span> <span class='ocrx_word' id='word_1_114' title='bbox 1319 2842 1369 2907; x_wconf 85' lang='grc'>01.</span> <span class='ocrx_word' id='word_1_115' title='bbox 1393 2842 1446 2907; x_wconf 92' lang='grc' dir='ltr'>ΙΠ</span> 
     </span>
     <span class='ocr_line' id='line_1_19' title="bbox 436 2961 1446 3051; baseline -0.002 -25"><span class='ocrx_word' id='word_1_116' title='bbox 436 2966 455 3025; x_wconf 88' lang='lat'>8</span> <span class='ocrx_word' id='word_1_117' title='bbox 480 2964 650 3051; x_wconf 70' lang='grc' dir='ltr'><strong><em>νεοσίγαλον</em></strong></span> <span class='ocrx_word' id='word_1_118' title='bbox 672 2962 783 3039; x_wconf 77' lang='grc' dir='ltr'><strong><em>τρόπον.</em></strong></span> <span class='ocrx_word' id='word_1_119' title='bbox 830 2962 995 3039; x_wconf 70' lang='grc' dir='ltr'><strong><em>Ἐχκάμιος</em></strong></span> <span class='ocrx_word' id='word_1_120' title='bbox 1018 2962 1120 3042; x_wconf 78' lang='grc' dir='ltr'><strong><em>τρόπος</em></strong></span> <span class='ocrx_word' id='word_1_121' title='bbox 1145 2961 1222 3025; x_wconf 85' lang='lat' dir='ltr'><strong>festo</strong></span> <span class='ocrx_word' id='word_1_122' title='bbox 1246 2963 1446 3025; x_wconf 80' lang='lat' dir='ltr'>conveniens:</span> 
     </span>
     <span class='ocr_line' id='line_1_20' title="bbox 400 3080 920 3159; baseline 0.002 -14"><span class='ocrx_word' id='word_1_123' title='bbox 400 3146 406 3154; x_wconf 76' lang='grc'><strong><em>,</em></strong></span> <span class='ocrx_word' id='word_1_124' title='bbox 434 3080 525 3145; x_wconf 81' lang='lat' dir='ltr'>Nem.</span> <span class='ocrx_word' id='word_1_125' title='bbox 549 3080 566 3143; x_wconf 93' lang='lat' dir='ltr'><strong>I</strong></span> <span class='ocrx_word' id='word_1_126' title='bbox 592 3083 632 3144; x_wconf 85' lang='lat'>10</span> <span class='ocrx_word' id='word_1_127' title='bbox 657 3081 798 3159; x_wconf 76' lang='grc' dir='ltr'><strong><em>έγκάμιον</em></strong></span> <span class='ocrx_word' id='word_1_128' title='bbox 821 3082 920 3157; x_wconf 80' lang='grc' dir='ltr'><strong><em>μέλος.</em></strong></span> 
     </span>
    </p>

    <p class='ocr_par' dir='ltr' id='par_1_10' title="bbox 435 3195 1448 3522">
     <span class='ocr_line' id='line_1_21' title="bbox 480 3195 1448 3284; baseline 0 -21"><span class='ocrx_word' id='word_1_129' title='bbox 480 3203 533 3264; x_wconf 75' lang='lat'>94.</span> <span class='ocrx_word' id='word_1_130' title='bbox 569 3202 679 3280; x_wconf 79' lang='grc' dir='ltr'><strong><em>άρχαῑρ</em></strong></span> <span class='ocrx_word' id='word_1_131' title='bbox 710 3199 738 3263; x_wconf 78' lang='grc' dir='ltr'>δὲ</span> <span class='ocrx_word' id='word_1_132' title='bbox 764 3195 922 3279; x_wconf 77' lang='grc' dir='ltr'>προτέραις.</span> <span class='ocrx_word' id='word_1_133' title='bbox 959 3198 1187 3283; x_wconf 82' lang='lat' dir='ltr'>Significantur.</span> <span class='ocrx_word' id='word_1_134' title='bbox 1205 3222 1239 3263; x_wconf 86' lang='lat' dir='ltr'>ea</span> <span class='ocrx_word' id='word_1_135' title='bbox 1263 3200 1345 3284; x_wconf 77' lang='lat' dir='ltr'>ipsa,</span> <span class='ocrx_word' id='word_1_136' title='bbox 1370 3220 1448 3283; x_wconf 88' lang='lat' dir='ltr'>quae</span> 
     </span>
     <span class='ocr_line' id='line_1_22' title="bbox 435 3317 1446 3402; baseline -0.001 -21"><span class='ocrx_word' id='word_1_137' title='bbox 435 3317 527 3382; x_wconf 89' lang='lat' dir='ltr'>modo</span> <span class='ocrx_word' id='word_1_138' title='bbox 562 3325 798 3381; x_wconf 78' lang='lat' dir='ltr'>commemorata</span> <span class='ocrx_word' id='word_1_139' title='bbox 829 3324 921 3395; x_wconf 79' lang='lat' dir='ltr'><strong>sunt,</strong></span> <span class='ocrx_word' id='word_1_140' title='bbox 954 3317 1123 3381; x_wconf 81' lang='lat' dir='ltr'>carminum</span> <span class='ocrx_word' id='word_1_141' title='bbox 1145 3317 1251 3395; x_wconf 86' lang='lat' dir='ltr'>initia,</span> <span class='ocrx_word' id='word_1_142' title='bbox 1276 3340 1354 3402; x_wconf 88' lang='lat' dir='ltr'>quae</span> <span class='ocrx_word' id='word_1_143' title='bbox 1378 3339 1446 3381; x_wconf 90' lang='lat' dir='ltr'>cum</span> 
     </span>
     <span class='ocr_line' id='line_1_23' title="bbox 436 3435 1228 3522; baseline -0.003 -21"><span class='ocrx_word' id='word_1_144' title='bbox 436 3435 649 3522; x_wconf 84' lang='lat' dir='ltr'>Olympiorum</span> <span class='ocrx_word' id='word_1_145' title='bbox 670 3436 877 3506; x_wconf 75' lang='lat' dir='ltr'>institutione,</span> <span class='ocrx_word' id='word_1_146' title='bbox 891 3437 1055 3521; x_wconf 82' lang='lat' dir='ltr'>conjuncta</span> <span class='ocrx_word' id='word_1_147' title='bbox 1079 3436 1228 3506; x_wconf 75' lang='lat' dir='ltr'>fuerunt..</span> 
     </span>
    </p>

    <p class='ocr_par' dir='ltr' id='par_1_11' title="bbox 370 3552 1450 4226">
     <span class='ocr_line' id='line_1_24' title="bbox 482 3552 1449 3633; baseline 0 -16"><span class='ocrx_word' id='word_1_148' title='bbox 482 3557 534 3618; x_wconf 82' lang='lat'>95.</span> <span class='ocrx_word' id='word_1_149' title='bbox 571 3554 737 3630; x_wconf 76' lang='grc' dir='ltr'><strong><em>ἐπωνυμίαν</em></strong></span> <span class='ocrx_word' id='word_1_150' title='bbox 768 3552 856 3633; x_wconf 91' lang='grc' dir='ltr'><strong><em>χάριν</em></strong></span> <span class='ocrx_word' id='word_1_151' title='bbox 888 3554 980 3624; x_wconf 75' lang='grc' dir='ltr'><strong><em>νίκας.</em></strong></span> <span class='ocrx_word' id='word_1_152' title='bbox 1016 3553 1055 3617; x_wconf 90' lang='lat' dir='ltr'>In</span> <span class='ocrx_word' id='word_1_153' title='bbox 1078 3554 1202 3618; x_wconf 81' lang='lat' dir='ltr'>scholiis</span> <span class='ocrx_word' id='word_1_154' title='bbox 1227 3553 1379 3617; x_wconf 77' lang='lat' dir='ltr'>veteribus</span> <span class='ocrx_word' id='word_1_155' title='bbox 1403 3561 1449 3618; x_wconf 83' lang='lat' dir='ltr'>est</span> 
     </span>
     <span class='ocr_line' id='line_1_25' title="bbox 372 3670 1448 3757; baseline 0.001 -23"><span class='ocrx_word' id='word_1_156' title='bbox 372 3683 382 3697; x_wconf 80' lang='lat'><strong><em>⁴</em></strong></span> <span class='ocrx_word' id='word_1_157' title='bbox 436 3671 605 3748; x_wconf 78' lang='lat' dir='ltr'>sententia,</span> <span class='ocrx_word' id='word_1_158' title='bbox 639 3672 727 3751; x_wconf 89' lang='grc' dir='ltr'><strong><em>χάριν</em></strong></span> <span class='ocrx_word' id='word_1_159' title='bbox 750 3672 830 3743; x_wconf 78' lang='grc' dir='ltr'><strong><em>νίκας</em></strong></span> <span class='ocrx_word' id='word_1_160' title='bbox 853 3693 918 3735; x_wconf 80' lang='lat' dir='ltr'>essa</span> <span class='ocrx_word' id='word_1_161' title='bbox 941 3670 991 3735; x_wconf 70' lang='lat' dir='ltr'>aa</span> <span class='ocrx_word' id='word_1_162' title='bbox 1013 3674 1065 3746; x_wconf 68' lang='grc' dir='ltr'>τάν</span> <span class='ocrx_word' id='word_1_163' title='bbox 1088 3673 1180 3746; x_wconf 68' lang='lat' dir='ltr'>vinna,</span> <span class='ocrx_word' id='word_1_164' title='bbox 1207 3680 1261 3735; x_wconf 82' lang='lat' dir='ltr'>aul</span> <span class='ocrx_word' id='word_1_165' title='bbox 1282 3672 1370 3752; x_wconf 89' lang='grc' dir='ltr'><strong><em>χάριν</em></strong></span> <span class='ocrx_word' id='word_1_166' title='bbox 1392 3695 1448 3757; x_wconf 86' lang='lat' dir='ltr'>pro</span> 
     </span>
     <span class='ocr_line' id='line_1_26' title="bbox 436 3783 1448 3873; baseline 0.004 -21"><span class='ocrx_word' id='word_1_167' title='bbox 436 3790 476 3860; x_wconf 77' lang='grc' dir='ltr'>εἰς</span> <span class='ocrx_word' id='word_1_168' title='bbox 506 3788 628 3870; x_wconf 73' lang='grc' dir='ltr'><strong><em>χάρινε·</em></strong></span> <span class='ocrx_word' id='word_1_169' title='bbox 645 3796 675 3853; x_wconf 84' lang='lat' dir='ltr'>ct</span> <span class='ocrx_word' id='word_1_170' title='bbox 704 3789 859 3873; x_wconf 81' lang='lat' dir='ltr'>objectum</span> <span class='ocrx_word' id='word_1_171' title='bbox 883 3790 967 3855; x_wconf 85' lang='lat' dir='ltr'>verbi</span> <span class='ocrx_word' id='word_1_172' title='bbox 990 3791 1211 3868; x_wconf 71' lang='grc' dir='ltr'><strong><em>κελαδήσομεάα</em></strong></span> <span class='ocrx_word' id='word_1_173' title='bbox 1237 3814 1301 3855; x_wconf 84' lang='lat' dir='ltr'>csse</span> <span class='ocrx_word' id='word_1_174' title='bbox 1323 3783 1448 3873; x_wconf 81' lang='grc' dir='ltr'><strong><em>βροντάν</em></strong></span> 
     </span>
     <span class='ocr_line' id='line_1_27' title="bbox 436 3906 1447 3990; baseline 0.006 -20"><span class='ocrx_word' id='word_1_175' title='bbox 436 3909 485 3971; x_wconf 78' lang='grc' dir='ltr'>καὶ</span> <span class='ocrx_word' id='word_1_176' title='bbox 509 3908 607 3985; x_wconf 77' lang='grc' dir='ltr'><strong><em>βέλος.</em></strong></span> <span class='ocrx_word' id='word_1_177' title='bbox 654 3906 726 3971; x_wconf 91' lang='lat' dir='ltr'>Non</span> <span class='ocrx_word' id='word_1_178' title='bbox 750 3908 794 3971; x_wconf 80' lang='lat' dir='ltr'>ita</span> <span class='ocrx_word' id='word_1_179' title='bbox 817 3930 882 3972; x_wconf 81' lang='lat' dir='ltr'>esse</span> <span class='ocrx_word' id='word_1_180' title='bbox 906 3909 1067 3973; x_wconf 79' lang='lat' dir='ltr'>existimo:</span> <span class='ocrx_word' id='word_1_181' title='bbox 1092 3909 1145 3973; x_wconf 84' lang='lat' dir='ltr'>sed</span> <span class='ocrx_word' id='word_1_182' title='bbox 1168 3910 1254 3990; x_wconf 89' lang='grc' dir='ltr'><strong><em>χάριν</em></strong></span> <span class='ocrx_word' id='word_1_183' title='bbox 1279 3919 1309 3973; x_wconf 80' lang='lat' dir='ltr'>et</span> <span class='ocrx_word' id='word_1_184' title='bbox 1324 3910 1447 3990; x_wconf 84' lang='grc' dir='ltr'><strong><em>βροντάν</em></strong></span> 
     </span>
     <span class='ocr_line' id='line_1_28' title="bbox 437 4025 1450 4112; baseline 0.006 -23"><span class='ocrx_word' id='word_1_185' title='bbox 437 4049 501 4090; x_wconf 84' lang='lat' dir='ltr'>esse</span> <span class='ocrx_word' id='word_1_186' title='bbox 525 4027 590 4110; x_wconf 85' lang='lat' dir='ltr'>ejus</span> <span class='ocrx_word' id='word_1_187' title='bbox 613 4025 697 4090; x_wconf 83' lang='lat' dir='ltr'>verbi</span> <span class='ocrx_word' id='word_1_188' title='bbox 720 4026 892 4112; x_wconf 84' lang='lat' dir='ltr'>objectum,</span> <span class='ocrx_word' id='word_1_189' title='bbox 918 4035 948 4091; x_wconf 79' lang='lat' dir='ltr'>et</span> <span class='ocrx_word' id='word_1_190' title='bbox 971 4026 1059 4109; x_wconf 89' lang='grc' dir='ltr'><strong><em>χάριν</em></strong></span> <span class='ocrx_word' id='word_1_191' title='bbox 1082 4028 1252 4112; x_wconf 80' lang='lat' dir='ltr'>significare</span> <span class='ocrx_word' id='word_1_192' title='bbox 1276 4029 1368 4094; x_wconf 84' lang='lat' dir='ltr'>decas</span> <span class='ocrx_word' id='word_1_193' title='bbox 1385 4030 1450 4095; x_wconf 91' lang='lat' dir='ltr'>lau-</span> 
     </span>
     <span class='ocr_line' id='line_1_29' title="bbox 370 4140 1019 4226; baseline 0.003 -23"><span class='ocrx_word' id='word_1_194' title='bbox 370 4216 378 4226; x_wconf 39' lang='lat'>·</span> <span class='ocrx_word' id='word_1_195' title='bbox 436 4140 576 4224; x_wconf 80' lang='lat' dir='ltr'>demque.</span> <span class='ocrx_word' id='word_1_196' title='bbox 624 4140 770 4205; x_wconf 82' lang='lat' dir='ltr'>Similiter</span> <span class='ocrx_word' id='word_1_197' title='bbox 793 4140 844 4206; x_wconf 91' lang='lat' dir='ltr'>Ol.</span> <span class='ocrx_word' id='word_1_198' title='bbox 869 4141 952 4206; x_wconf 87' lang='lat' dir='ltr'><strong>VIII</strong></span> <span class='ocrx_word' id='word_1_199' title='bbox 977 4145 994 4208; x_wconf 84' lang='grc'><strong>7</strong></span> <span class='ocrx_word' id='word_1_200' title='bbox 999 4146 1019 4205; x_wconf 77' lang='lat'><strong>4</strong></span> 
     </span>
    </p>

    <p class='ocr_par' dir='ltr' id='par_1_12' title="bbox 437 4256 1445 4581">
     <span class='ocr_line' id='line_1_30' title="bbox 747 4256 1108 4342; baseline 0.011 -20"><span class='ocrx_word' id='word_1_201' title='bbox 747 4258 796 4323; x_wconf 79' lang='grc' dir='ltr'>καὶ</span> <span class='ocrx_word' id='word_1_202' title='bbox 820 4256 925 4342; x_wconf 75' lang='grc' dir='ltr'><strong><em>Νεμέα</em></strong></span> <span class='ocrx_word' id='word_1_203' title='bbox 948 4261 1008 4340; x_wconf 76' lang='grc' dir='ltr'>γάρ</span> <span class='ocrx_word' id='word_1_204' title='bbox 1032 4264 1108 4338; x_wconf 78' lang='grc' dir='ltr'><strong><em>ὁμῶς</em></strong></span> 
     </span>
     <span class='ocr_line' id='line_1_31' title="bbox 746 4377 1069 4459; baseline 0.009 -18"><span class='ocrx_word' id='word_1_205' title='bbox 746 4378 809 4455; x_wconf 82' lang='grc' dir='ltr'><strong><em>ἐρέω</em></strong></span> <span class='ocrx_word' id='word_1_206' title='bbox 832 4377 949 4443; x_wconf 82' lang='grc' dir='ltr'><strong><em>ταύταν</em></strong></span> <span class='ocrx_word' id='word_1_207' title='bbox 971 4380 1069 4459; x_wconf 86' lang='grc' dir='ltr'><strong><em>χάριν.</em></strong></span> 
     </span>
     <span class='ocr_line' id='line_1_32' title="bbox 437 4495 1445 4581; baseline 0.008 -21"><span class='ocrx_word' id='word_1_208' title='bbox 437 4495 524 4575; x_wconf 80' lang='grc' dir='ltr'><strong><em>Χάρις</em></strong></span> <span class='ocrx_word' id='word_1_209' title='bbox 547 4495 698 4574; x_wconf 80' lang='grc' dir='ltr'><strong><em>ἐπωνυμία</em></strong></span> <span class='ocrx_word' id='word_1_210' title='bbox 720 4496 801 4567; x_wconf 75' lang='grc' dir='ltr'><strong><em>νίκας</em></strong></span> <span class='ocrx_word' id='word_1_211' title='bbox 825 4502 872 4559; x_wconf 78' lang='lat' dir='ltr'>est</span> <span class='ocrx_word' id='word_1_212' title='bbox 894 4496 942 4560; x_wconf 80' lang='lat' dir='ltr'>vel</span> <span class='ocrx_word' id='word_1_213' title='bbox 966 4499 1114 4581; x_wconf 70' lang='grc' dir='ltr'><strong><em>ἐπινίκιος,</em></strong></span> <span class='ocrx_word' id='word_1_214' title='bbox 1140 4508 1175 4563; x_wconf 82' lang='lat' dir='ltr'>ul</span> <span class='ocrx_word' id='word_1_215' title='bbox 1199 4499 1289 4565; x_wconf 84' lang='lat' dir='ltr'>Nem.</span> <span class='ocrx_word' id='word_1_216' title='bbox 1314 4502 1360 4566; x_wconf 89' lang='lat' dir='ltr'>IV</span> <span class='ocrx_word' id='word_1_217' title='bbox 1383 4507 1445 4568; x_wconf 64' lang='lat'>‘128</span> 
     </span>
    </p>
   </div>
   <div class='ocr_carea' id='block_1_3' title="bbox 0 0 1897 5534">
    <p class='ocr_par' dir='ltr' id='par_1_13' title="bbox 0 0 1897 5534">
     <span class='ocr_line' id='line_1_33' title="bbox 0 0 1897 5534; baseline 0 0"><span class='ocrx_word' id='word_1_218' title='bbox 0 0 1897 5534; x_wconf 95' lang='lat' dir='ltr'> </span> 
     </span>
    </p>
   </div>
  </div>
 </body>
</html>
