3767 5534
982 721 1046 781 300

504 927 592 985 vetus
626 920 658 984 id
693 920 785 986 refert
808 921 856 985 'ad
889 921 1068 986 felicitatem
1100 945 1184 1000 eam,
1217 945 1296 1006 quae
1323 933 1391 1008 post
1417 932 1524 990 secuta

504 1045 566 1103 est:
597 1040 700 1103 minus
727 1048 817 1104 recte.
859 1016 912 1104 ¹De
936 1048 1070 1124 quatuor
1094 1040 1202 1105 Cadmi
1226 1042 1365 1121 filiabus,
1390 1066 1523 1128 quarum

503 1182 587 1224 nunc
610 1160 687 1224 duas
711 1182 802 1246 porro
825 1160 920 1224 Poeta
943 1170 1106 1237 memorat,
1131 1160 1253 1225 fabulae
1277 1163 1423 1247 antiquae
1446 1164 1521 1228 satis

504 1285 596 1343 notae
619 1294 702 1343 sunt.

550 1401 603 1462 tl.
639 1399 737 1470 πένθος
760 1424 787 1464 κ.
812 1424 840 1464 r.
864 1416 894 1464 ιι.
929 1400 988 1464 Per
1015 1401 1183 1464 sententiae
1208 1401 1367 1465 universae
1391 1402 1522 1466 formam

505 1517 579 1581 haec
603 1517 789 1597 efferuntur,
814 1517 972 1583 referenda
997 1525 1099 1583 tamen
1123 1519 1161 1582 ad
1186 1519 1294 1584 Cadmi
1319 1519 1406 1584 filias.

549 1640 602 1701 45.
632 1635 732 1717 βρόμῳ
751 1643 896 1718 κεραυνοῦ.
928 1638 1226 1702 Accusatedictum:
1248 1638 1447 1723 nequeenim
1463 1638 1523 1702 ful·

504 1757 586 1821 mine
609 1758 670 1821 icta
692 1757 766 1834 fnit,
789 1757 840 1821 sed
862 1765 1026 1843 apparente
1046 1757 1123 1821 Jove
1145 1780 1215 1822 cum
1238 1758 1367 1822 fulmine
1388 1765 1521 1823 mortua.

551 1878 604 1939 48.
635 1876 774 1947 Πιιλλιὶς.
806 1876 900 1941 Recte
920 1877 1102 1940 scholiastae
1118 1884 1301 1955 memorant,
1320 1877 1523 1962 praecipuum

507 1994 625 2060 cultum
648 1995 762 2060 Thebis
785 1996 880 2060 fuisse
905 1996 1038 2060 Palladis
1062 1994 1175 2060 Oncae.
1211 1994 1250 2059 In
1274 1995 1417 2080 precibus
1437 1996 1524 2060 chori

508 2113 589 2198 apud
622 2113 807 2199 Aeschylum
838 2113 922 2200 Sept.
956 2137 980 2179 c.
1012 2114 1069 2178 Th.
1101 2116 1198 2199 prima
1222 2114 1412 2199 appellatur,
1441 2116 1522 2178 130:

507 2234 652 2314 ῥυσίπολις
675 2239 760 2311 γενοῦ
782 2233 925 2304 Uxantis:
955 2237 1016 2299 170
1037 2233 1074 2299 σύ
1089 2259 1123 2299 τε
1138 2234 1260 2316 μάκαιρ’
1276 2231 1382 2299 alvacr'
1397 2234 1523 2311 ’Όγκιιτ

508 2352 623 2417 51087
650 2358 680 2416 et
705 2353 779 2415 501.

552 2476 605 2537 49.
648 2472 721 2543 Ζεὺς
753 2473 859 2551 carta
903 2471 1075 2558 Significari
1109 2479 1210 2556 potest
1245 2471 1337 2535 Pater
1367 2469 1522 2534 Palladis:

447 2572 450 2577 ’
506 2615 612 2656 rerum
643 2592 807 2677 significari
832 2564 930 2656 'credo
962 2592 1096 2677 supremi
1120 2590 1170 2655 dei
1193 2590 1385 2676 dignitatem.
1434 2587 1523 2652 Simi-

507 2710 576 2774 liter
599 2709 650 2775 Ol.
675 2709 738 2773 VII
767 2713 837 2774 150.

554 2832 606 2892 50.
641 2836 724 2900 aruir.
760 2827 833 2893 Non
857 2835 939 2893 aetas
963 2828 1170 2913 significatur,
1200 2826 1252 2891 sed
1273 2826 1354 2890 filius
1377 2825 1523 2890 Semeles.

555 2950 606 3013 53.
641 2945 773 3028 ἄφθιτον.
810 2947 857 3012 Cf.
882 2946 932 3012 Ol.
958 2947 975 3012 I
1001 2949 1074 3011 101.

554 3072 606 3132 55.
641 3068 734 3149 atavi.
771 3066 817 3132 Cf.
843 3066 893 3131 Ol.
919 3067 935 3132 I
961 3069 1034 3133 157.

553 3189 604 3251 55.
634 3182 721 3252 Ἤτοι
744 3187 852 3268 βροτῶν
876 3212 902 3252 κ.
927 3211 956 3252 τ.
981 3202 1010 3250 ιι.
1048 3186 1223 3263 Praeclare,
1249 3192 1285 3248 ut
1306 3184 1406 3247 multa
1429 3182 1524 3268 hujus

505 3307 664 3385 carminis,
701 3306 777 3371 haec
811 3307 1004 3391 praesertim,
1023 3305 1208 3370 Karstenius
1239 3304 1391 3389 explicat:
1423 3310 1525 3366 osten·

508 3425 583 3490 dens
615 3426 871 3510 significationem
903 3424 986 3489 verbi
1020 3423 1164 3507 κέκριται,
1196 3428 1361 3509 quaeest,
1386 3419 1526 3505 explora·

506 3552 590 3624 tum,
626 3545 801 3630 cognitum,
838 3551 978 3629 apertum
1012 3551 1074 3607 est:
1111 3551 1218 3624 Πεῖριις
1253 3549 1356 3605 autem
1389 3562 1453 3605 non
1484 3540 1524 3604 de

506 3670 643 3749 tempore
678 3663 740 3727 dici
771 3662 828 3727 hoc
858 3662 944 3740 looo,
975 3662 1028 3726 sed
1052 3661 1090 3726 de
1112 3661 1215 3726 modo.
1262 3660 1357 3724 Porro
1379 3660 1413 3723 in
1436 3659 1525 3725 ὄιιιτε

507 3804 569 3846 non
593 3781 758 3867 repetenda
781 3804 845 3845 esse
869 3782 1040 3867 superiora,
1066 3780 1154 3864 quasi
1173 3801 1235 3843 non
1253 3778 1411 3864 cognitum
1427 3786 1524 3855 esset,

507 3901 631 3987 quando
662 3901 741 3965 diem
774 3923 845 3965 cum
875 3900 1020 3965 felicitate
1045 3899 1199 3985 peracturi
1223 3898 1336 3962 simus:
1360 3918 1468 3961 verum
1491 3896 1526 3961 in

506 4020 592 4086 ἔπιτε
627 4043 750 4085 causam
790 4021 954 4106 significari
993 4020 1196 4105 superiorum.
1256 4017 1415 4082 Sententia
1449 4016 1527 4080 haec

507 4150 563 4206 est.
610 4139 699 4205 Certe
733 4163 797 4206 uon
831 4148 972 4225 apertum
1007 4152 1070 4218 est,
1103 4138 1203 4223 qualis
1234 4137 1385 4202 terminus
1417 4134 1527 4199 mortis

487 4260 669 4324 ‘hominum
700 4260 825 4324 futurus
859 4259 919 4338 sit,
952 4265 1057 4323 utrum
1088 4258 1141 4322 ille
1164 4257 1341 4321 felicitatem
1366 4277 1404 4319 an
1427 4253 1529 4318 151511-

510 4381 634 4444 citatem
668 4378 829 4443 habiturus
867 4380 924 4456 sit,
966 4375 1215 4461 quandoquidem
1254 4397 1293 4439 ne
1328 4396 1425 4438 unum
1460 4372 1529 4458 qui-

512 4498 584 4562 dem
615 4498 696 4562 diem
727 4497 929 4582 tranquillum
961 4518 1032 4560 cum
1054 4495 1183 4561 infracta
1205 4494 1351 4558 felicitate
1374 4493 1530 4578 peracturi
