3767 5534
918 708 961 769 54

431 908 475 972 ita
504 907 774 973 Rhadamanthum
805 909 930 985 fecisse,
959 908 1014 972 sed
1041 910 1157 993 cepisse
1183 908 1320 972 fructum
1346 906 1446 969 incor-

430 1034 540 1111 ruptae
573 1027 702 1105 mentis,
733 1049 797 1090 nou
827 1025 1014 1091 delectatum
1047 1027 1149 1091 auimo
1181 1025 1326 1102 fallaciis,
1359 1021 1445 1107 quod

430 1145 551 1209 evenire
573 1144 652 1209 solet
673 1144 834 1209 bominum
857 1145 1055 1209 adulatorum
1078 1144 1250 1209 fraudibus.
1264 1145 1290 1228 ¹)

476 1263 582 1349 Pergit
615 1271 719 1328 autem
752 1264 813 1342 ita,
849 1271 886 1328 ut
919 1264 994 1329 boni
1025 1265 1098 1329 civis
1131 1263 1281 1349 probique
1312 1260 1446 1326 hominis

431 1381 583 1447 describat
609 1382 723 1446 officia:
752 1381 921 1447 calumnias
949 1405 1015 1447 esse
1043 1382 1157 1446 malum
1180 1382 1347 1445 invictum:
1373 1378 1445 1455 sed,

431 1501 464 1565 iu
497 1501 655 1565 communi
687 1501 847 1586 pravitatis
880 1501 1134 1585 fallaciarumque
1168 1499 1292 1577 illuvie,
1328 1497 1447 1562 suberis

430 1618 526 1682 instar
547 1642 610 1683 uon
633 1619 712 1703 tingi
735 1625 891 1704 oportere,
915 1640 1012 1702 quum
1038 1626 1173 1683 ceterum
1192 1624 1256 1682 rete
1278 1623 1448 1701 mergatur.

431 1737 499 1803 Nec
521 1738 586 1801 lieri
608 1759 715 1822 posse,
739 1744 775 1801 ut
798 1744 921 1800 astutus
942 1737 1018 1801 civis
1033 1738 1145 1801 fortem
1159 1758 1264 1801 vocem
1280 1735 1352 1799 edat
1368 1735 1449 1799 inter

432 1856 546 1933 bonos,
578 1855 633 1919 sed
662 1855 751 1920 illum
783 1855 903 1920 cunctis
933 1856 1048 1940 pariter
1078 1855 1217 1931 adulari,
1249 1854 1363 1918 flexum
1395 1874 1449 1939 per

306 1994 308 1998 ’
433 1973 536 2038 orbes:
560 1995 624 2037 nou
646 1973 832 2038 veniendum
856 1995 922 2037 esse
943 1974 978 2037 iu
1001 1968 1067 2060 ejus
1089 1972 1300 2059 impudentiae
1324 1970 1450 2035 societ»

433 2099 506 2156 tem.
553 2092 730 2157 Amandum
765 2114 829 2157 esse
864 2090 1015 2169 amicum,
1051 2092 1104 2156 sed
1134 2092 1260 2156 inimico
1290 2110 1449 2155 occurrere

436 2219 576 2297 oportere
606 2210 706 2275 modis
738 2210 881 2276 omuibus
913 2211 1003 2294 quasi
1025 2211 1145 2296 lupum.
1193 2209 1232 2275 Iu
1254 2210 1339 2274 omui
1359 2229 1450 2293 repu-

435 2330 516 2395 blica
537 2330 692 2395 homiuem
715 2330 861 2394 orationis
885 2337 1009 2415 apertae
1031 2330 1192 2415 proficere,
1217 2329 1251 2393 in
1269 2327 1449 2413 tyrauuide,

434 2456 466 2513 et
488 2448 543 2513 ubi
566 2448 718 2533 sapientes
741 2449 895 2512 civitatem
918 2447 1103 2532 gubernant.
1116 2448 1141 2532 ⁹)

479 2565 615 2631 Omnino
637 2573 719 2631 recte
743 2566 879 2631 monuit:
903 2588 1005 2650 neque
1029 2566 1110 2630 enim
1133 2566 1302 2650 quidquam
1320 2563 1450 2628 fallaciis

435 2684 614 2770 pestiferum
637 2685 752 2768 magis,
777 2693 807 2748 et
831 2683 1001 2749 calumniae
1023 2684 1107 2770 ipsae
1131 2682 1361 2749 adulationibus
1380 2702 1452 2746 oon·

433 2802 644 2889 junctissimae
671 2810 760 2881 aunt,
789 2804 854 2888 ejus
878 2802 1029 2880 hominis,
1054 2803 1105 2867 cui
1128 2825 1226 2886 quum
1249 2802 1347 2867 bonae
1370 2806 1452 2865 artes

437 2921 553 3000 desint,
575 2921 742 2986 mendaciis
766 2921 1017 2986 contendendum
1038 2929 1085 2985 est
1109 2930 1139 2986 et
1154 2943 1208 3006 per
1223 2921 1312 2985 orbes
1327 2926 1453 3004 captan-

437 3038 477 3103 da
499 3038 719 3104 benevolentia.
762 3039 920 3125 Expressit
942 3039 1025 3104 idem
1049 3039 1201 3125 praeclare
1225 3039 1279 3103 ille
1299 3038 1337 3103 de
1360 3059 1453 3102 scena

435 3156 638 3244 philosophus
660 3156 839 3242 Euripides:
861 3157 967 3236 „istud
989 3164 1050 3233 est,
1073 3157 1156 3242 quod
1178 3156 1354 3221 mortalium
1374 3154 1452 3220 bene

435 3275 619 3339 constitutas
648 3276 786 3340 civitates
814 3276 984 3359 domosque
1007 3276 1126 3360 perdit,
1151 3274 1243 3340 nimis
1267 3273 1368 3359 pulcri
1391 3294 1454 3337 ser-

437 3415 559 3457 mones:
587 3415 687 3477 uaque
714 3394 794 3458 enim
822 3394 905 3478 quod
929 3395 1056 3459 auribus
1080 3393 1199 3480 placeat
1221 3393 1322 3457 dicere
1345 3392 1451 3469 decet,

437 3510 491 3576 sed
520 3534 557 3576 ex
587 3534 649 3595 quo
682 3511 793 3596 aliquis
822 3511 946 3576 laudem
975 3519 1123 3575 nacturus
1147 3509 1218 3575 sit.”
1229 3510 1255 3594 8)
1299 3509 1453 3574 Pindarus

438 3651 528 3708 saue,
552 3652 648 3714 quum
670 3632 947 3717 praestantissimas
971 3632 1076 3696 amicis
1101 3631 1208 3695 laudes
1231 3630 1452 3715 impertiverit,

438 3747 499 3813 uisi
519 3770 590 3814 vera
609 3750 658 3813 via
678 3750 850 3827 incesserit,
875 3749 1117 3815 contemnendus
1133 3749 1188 3813 sit:
1205 3748 1259 3813 sed
1274 3748 1340 3833 ipse
1355 3769 1453 3832 quum

439 3867 539 3951 qualis
559 3874 639 3932 esset
658 3868 859 3954 intelligeret,
876 3869 1023 3933 invidiam
1040 3867 1288 3951 calumniamque
1303 3875 1334 3930 et
1348 3866 1453 3931 adula-

438 3984 553 4049 tionem
576 4008 702 4064 exosus,
726 4009 891 4072 veramque
913 3987 1083 4052 orationem
1100 3985 1231 4063 habene,
1247 4007 1310 4049 nou
1326 3986 1452 4051 auribus

437 4103 570 4189 placere,
591 4104 643 4169 sed
660 4105 805 4170 virtutem
821 4105 931 4170 animis
949 4105 1161 4169 commendare
1179 4103 1313 4168 studuit:
1330 4104 1452 4188 fuitque

436 4228 499 4287 tam
520 4222 662 4307 copiosus
682 4222 715 4286 in
735 4222 983 4288 commendandis
1005 4223 1157 4288 bonorum
1179 4220 1340 4299 laudibus,
1357 4242 1451 4305 quam

474 4475 499 4537 l)
516 4474 558 4541 Py.
576 4476 615 4526 ΙΙ.
635 4476 690 4527 llll.
791 4478 816 4540 2)
832 4478 873 4543 Py.
892 4478 931 4528 ΙΙ.
952 4478 1006 4528 140.
1107 4477 1132 4539 8)
1149 4475 1248 4539 IEppcl.
1264 4474 1323 4527 486.
