3767 5534
908 1036 984 1122 ss.

652 1278 841 1362 Comparatio
865 1277 998 1340 nacon
1018 1298 1084 1339 cum
1109 1274 1239 1338 Platone.
1450 1288 1461 1317 ⁸

483 1513 624 1578 Platonis
662 1515 753 1580 etiam
775 1514 927 1579 sententia
950 1513 1130 1600 apponenda
1154 1511 1290 1587 videtur,
1315 1508 1451 1573 inlibris

435 1632 490 1696 De
514 1631 687 1717 Republica
708 1633 746 1699 de
770 1635 854 1720 poesi
878 1633 1101 1720 praecipientia.
1137 1630 1217 1695 Nam
1234 1629 1339 1715 quales
1357 1628 1452 1691 luturi

430 1754 503 1816 sint
528 1752 653 1837 perfecti
676 1752 816 1817 custodes
840 1752 1025 1839 reipublicae
1049 1774 1145 1837 quum
1169 1750 1308 1834 effingat,
1333 1771 1395 1812 rem
1412 1747 1449 1811 ab

431 1873 531 1938 initio
554 1872 665 1959 repetit
686 1895 889 1958 magnamque
913 1894 1015 1937 curam
1039 1870 1210 1958 ponendam
1235 1892 1299 1933 esse
1315 1868 1403 1932 docet
1419 1867 1451 1930 in

434 1991 568 2078 primis,
600 2014 676 2076 quos
699 1991 842 2068 audiant,
867 1991 1075 2069 sermonibus,
1101 2012 1156 2056 neo
1179 1988 1449 2063 committendum,

436 2119 478 2176 ut
499 2112 534 2178 in
558 2112 655 2197 prima
678 2113 808 2197 pueritia
831 2113 931 2198 pravis
960 2112 1119 2176 sententiis
1143 2111 1321 2175 imbuant-ur
1344 2108 1451 2192 accipi-

435 2230 522 2297 endo
558 2232 708 2316 ejusmodi
741 2233 891 2310 earmina,
923 2255 1002 2316 quae
1034 2231 1213 2315 pravitatem
1246 2227 1452 2314 exemplorum

437 2350 617 2415 exhibeant.
664 2351 767 2416 Multa
789 2352 984 2437 reprehendit
1007 2351 1150 2428 Homeri,
1174 2348 1325 2413 narrantis
1340 2346 1455 2433 proelia

437 2470 581 2534 Deorum
604 2480 634 2535 et
656 2470 745 2549 odia,
769 2495 808 2536 ne
839 2472 959 2535 discant
982 2470 1053 2535 inde
1077 2472 1155 2534 cives
1179 2469 1271 2533 etiam
1294 2468 1353 2552 ipsi
1376 2467 1455 2531 inter

347 2583 350 2592 '
438 2612 475 2653 se
506 2589 607 2655 odisse
637 2598 728 2675 atque
764 2591 963 2655 contendere:
999 2613 1055 2655 nec
1086 2589 1209 2675 probat,
1243 2588 1324 2652 Deos
1354 2609 1454 2651 rerum

440 2709 582 2774 omnium
614 2718 750 2775 auctores
781 2711 869 2797 poni,
898 2709 949 2775 sed
974 2710 1122 2775 malarum
1146 2732 1248 2773 rerum
1270 2707 1343 2802 alias
1367 2706 1456 2770 docet

440 2851 550 2894 causas
574 2851 638 2893 esse
662 2830 867 2915 quaerendas,
889 2853 984 2914 quum
1009 2828 1061 2894 Dii
1077 2827 1289 2893 tantummodo
1306 2827 1453 2891 bonarum

443 2957 586 3013 auctores
609 2972 674 3014 esse
697 2950 825 3035 possint.
873 2949 939 3014 Neo
961 2951 1145 3014 mutationes
1170 2956 1200 3012 et
1222 2947 1379 3012 mendacia
1398 2945 1457 3009 De·

430 3091 534 3165 ,orum
557 3075 696 3154 oportere
719 3070 852 3147 narrari,
872 3092 911 3134 ne
930 3069 1032 3134 timidi
1055 3069 1186 3134 evadant
1201 3068 1254 3153 qui
1270 3090 1304 3131 ea
1320 3066 1455 3130 audiant.

442 3185 512 3251 Nec
535 3209 606 3252 vero
635 3187 849 3252 fortitudinem
878 3210 967 3274 posse
989 3189 1092 3274 pueris
1116 3186 1212 3265 tradi,
1237 3187 1262 3250 si
1286 3208 1353 3263 eae,
1380 3207 1458 3268 quae

444 3305 483 3370 de
517 3306 622 3371 inferis
656 3308 813 3385 feruntur,
846 3308 1022 3373 formidines
1053 3309 1170 3372 animos
1201 3329 1305 3371 eorum
1337 3314 1457 3369 teneros

444 3424 547 3490 adhue
570 3434 601 3490 et
624 3426 705 3491 flecti
729 3449 830 3491 cereos
854 3435 1059 3512 permoveant.
1075 3428 1098 3511 ἰ)

488 3544 646 3610 Praeclare
667 3547 788 3611 monuit
811 3547 935 3612 omnino
960 3554 990 3611 et
1014 3546 1181 3633 praeclaras
1199 3546 1264 3631 ipse
1280 3543 1457 3608 interseruit

442 3664 482 3729 de
514 3664 581 3728 Diis
610 3666 793 3729 sententias:
825 3666 955 3731 fueritne
985 3675 1086 3730 autem
1110 3666 1143 3730 in
1168 3665 1336 3728 Homerum
1360 3662 1457 3725 acrior

441 3790 474 3847 et
497 3806 571 3846 num
595 3784 713 3869 possint
737 3807 774 3847 ex
797 3783 932 3848 Homero
957 3785 1047 3849 etiam
1073 3792 1234 3871 praecepta
1257 3782 1337 3868 peti,
1360 3781 1456 3844 aPla·

441 3908 515 3965 tone
551 3904 779 3987 praetermissa,
810 3926 888 3986 quae
921 3903 1018 3969 bonae
1049 3904 1239 3969 institutioni
1270 3900 1456 3976 inserviant,

440 4043 526 4084 nunc
557 4020 680 4106 quidem
711 4022 744 4085 in
776 4022 876 4086 medio
907 4022 1119 4107 relinquimus.
1168 4021 1251 4086 lllud
1285 4021 1455 4097 cernimus,

440 4139 602 4203 convenire
627 4139 722 4204 videri
747 4140 906 4206 Platonem
930 4165 998 4206 cum
1022 4141 1172 4217 Pindaro,
1198 4143 1376 4227 sejungente
1401 4140 1456 4203 hu-

441 4279 533 4321 mana
558 4258 630 4322 vitia
652 4282 670 4322 a
693 4258 779 4337 Diis,
797 4261 1035 4346 reprehendente
1049 4262 1182 4347 priorum
1201 4267 1357 4346 poetarum
1374 4280 1456 4322 men·

476 4532 499 4593 1)
518 4531 544 4580 o.
564 4532 602 4580 n.
623 4498 732 4584 aar-'n
755 4532 810 4583 nr.
828 4489 884 4585 aaa.
