3767 5534
902 721 967 782 281

446 932 559 1009 henes,
598 938 634 995 ut
671 935 824 993 testantur
862 924 1068 1001 Scholiastae‚
1105 920 1157 984 sed
1195 921 1225 983 in
1258 918 1446 1003 reliquorum

444 1050 615 1116 romiuibus
639 1049 732 1114 iidem
755 1071 818 1112 non
842 1045 1050 1111 consentiunt.

482 1171 556 1231 146.
591 1168 803 1247 αἱμακουρίαις.
837 1164 1006 1249 Gregorius
1030 1159 1210 1225 Corinthius
1231 1158 1269 1221 de
1284 1156 1357 1221 dial.
1376 1155 1450 1218 Dor.

440 1291 475 1354 17
513 1286 646 1374 explicat
679 1288 721 1353 rot
754 1292 810 1350 τῶν
844 1290 945 1365 νεκρῶν
979 1283 1174 1360 ἐναγίσματα
1205 1287 1236 1343 41
1269 1275 1452 1341 vocabulum

438 1407 566 1471 Doricae
600 1405 730 1470 dialecto
766 1403 920 1467 vindicat:
958 1400 1138 1465 Boeotieunr
1173 1399 1267 1462 fuisse
1301 1396 1453 1461 affirmant

437 1526 642 1603 Scholiastae,
675 1532 705 1589 ct
737 1524 877 1589 derivant
907 1523 968 1587 ιὶνιὸ
991 1528 1043 1586 τοῦ
1066 1520 1242 1601 optaveram
1264 1518 1321 1588 ταὶς
1344 1516 1451 1596 ψυχας

435 1643 571 1723 αἵματος.
619 1644 748 1709 Fiebant
780 1645 872 1708 etiam
903 1651 1004 1707 aetate
1035 1640 1204 1704 Pausaniae
1236 1661 1321 1702 sacra
1349 1660 1452 1701 annua

435 1765 560 1849 Pelopi,
584 1765 794 1829 immolatione
815 1764 896 1849 nigri
917 1762 1034 1826 arietis:
1059 1760 1150 1823 Paus.
1167 1757 1204 1823 L.
1221 1757 1250 1819 V
1268 1756 1302 1822 (l.
1320 1756 1403 1820 XIII
1420 1757 1450 1819 1.

484 1887 558 1950 147.
592 1886 753 1963 ἀγλααῖσι.
789 1881 880 1947 Nem.
905 1881 953 1945 lV
977 1884 1018 1945 33
1042 1879 1161 1957 aynau
1183 1878 1308 1956 τύμβον.

482 2005 555 2069 147.
594 2004 747 2083 μέμικται.
787 2002 935 2066 Similiter
971 1999 1049 2064 Isth.
1086 1998 1121 2062 Π
1156 2000 1198 2061 43
1232 1997 1388 2068 ἀθανάτοις
1424 1998 1452 2061 ἕν

432 2130 536 2202 τιμαῖς
567 2123 696 2205 ἔμιχθεν.
751 2122 892 2186 Affirmat
922 2120 1111 2198 Pausanias,
1143 2118 1179 2183 L.
1204 2117 1233 2178 V
1264 2117 1299 2182 O.
1324 2115 1407 2179 XIII
1437 2119 1449 2178 1

433 2243 580 2329 Pelopem
614 2242 775 2328 Olympiae
813 2242 857 2305 ita
893 2264 987 2328 supra
1022 2241 1129 2305 heroas
1166 2239 1299 2323 reliquos
1334 2236 1450 2302 cultum

433 2363 530 2428 fuisse
553 2370 589 2426 ut
611 2362 719 2426 Jovem
743 2384 836 2447 supra
859 2362 995 2445 reliquos
1020 2360 1111 2424 Deos.

484 2485 556 2547 148.
589 2483 705 2553 κλιθείς.
738 2480 899 2545 Accubaus
925 2480 963 2545 ad
989 2480 1102 2566 Alphei
1126 2479 1270 2556 fiuvium,
1292 2478 1382 2563 juxta
1403 2475 1453 2539 lll-

433 2602 550 2687 pheum
574 2601 703 2687 positus.
737 2599 829 2664 Hom.
854 2599 892 2663 Il.
914 2598 943 2659 V
969 2602 1031 2666 709
1054 2600 1142 2680 λίμνα
1160 2597 1326 2675 κεκλιμένος
1342 2601 1453 2676 Κηφισ-

433 2721 508 2805 crbr,
539 2720 682 2785 habitans
713 2741 807 2805 prope
830 2718 934 2783 lacum
959 2718 1159 2804 Cephissum:
1184 2715 1245 2781 XV
1271 2719 1333 2783 740
1358 2716 1453 2796 πόντῳ

431 2841 613 2924 κεκλιμένοι,
639 2840 715 2904 mari
739 2839 888 2925 proximi,
913 2847 950 2903 ut
974 2838 1053 2902 nihil
1077 2838 1208 2902 intersit.

481 2964 555 3025 149.
590 2959 715 3039 τύμβον.
752 2960 789 3024 In
822 2960 949 3024 scholiis
983 2959 1136 3024 veteribus
1163 2958 1335 3041 ἀμφίπολον
1359 2957 1454 3043 expli-

431 3085 522 3145 catur
544 3080 577 3143 in
601 3079 677 3144 urbe
693 3079 809 3158 media,
833 3078 878 3143 ibi
894 3080 975 3143 enim
992 3079 1086 3143 fnisse
1102 3078 1242 3164 sepulcra
1258 3078 1452 3141 conditorum

432 3198 575 3263 urbium:
610 3199 657 3262 vel
688 3198 772 3284 quod
803 3222 822 3262 a
852 3198 1042 3263 certantibus
1074 3198 1259 3275 ambiretur,
1291 3197 1324 3261 in
1351 3197 1452 3261 stadio

432 3319 517 3384 enim
539 3319 652 3383 fuisse:
678 3319 726 3383 vel
749 3318 823 3383 orbe
847 3318 884 3383 ab
909 3320 994 3383 omni
1018 3325 1105 3405 parte
1129 3317 1167 3382 ad
1182 3317 1262 3382 illud
1278 3318 1452 3401 frequentes

433 3440 612 3504 accessisse:
646 3445 676 3503 et
707 3438 786 3502 hanc
818 3438 940 3523 quidem
972 3438 1204 3524 explicationem
1229 3438 1320 3502 etiam
1344 3438 1452 3503 Eusta-

432 3559 520 3624 thius
545 3558 754 3637 commendat,
779 3558 818 3622 ad
842 3557 902 3623 Od.
927 3558 944 3621 I
972 3561 1044 3623 136.
1087 3559 1229 3640 Ἀρχαῒιν
1252 3561 1340 3636 σιῖμα
1363 3558 1452 3625 Πέλα-

432 3702 488 3750 πας
512 3684 698 3742 memoratur
720 3678 811 3742 etiam
836 3677 887 3742 Ol.
914 3678 943 3741 X
968 3681 1021 3742 30.
1073 3680 1102 3742 A
1125 3678 1278 3742 Pausania
1300 3677 1336 3742 L.
1361 3678 1449 3743 VC.

433 3796 519 3860 XIII
548 3804 736 3861 memoratur
767 3797 855 3863 lucus
886 3798 919 3862 iu
943 3797 1010 3862 Alti
1037 3798 1231 3876 aelianum,
1256 3798 1372 3877 τέμενος
1397 3797 1452 3861 Ρ4-

432 3917 528 4002 lopis‚
553 3916 714 3999 Πελόπιον,
739 3916 860 4001 lapideo
879 3917 977 3996 vallo,
1003 3918 1119 3982 habens
1135 3918 1256 3983 arbores
1273 3926 1303 3983 et
1319 3924 1450 3996 statuas,

432 4034 517 4119 quod
534 4033 684 4099 Hercules
698 4034 858 4100 dicebatur
870 4058 1076 4102 consecrasse:
1093 4038 1236 4123 idemque
1249 4060 1333 4102 saera
1345 4038 1451 4102 fecisse

432 4156 597 4220 dicebatur
619 4156 651 4219 in
676 4157 812 4221 scrobem
837 4157 963 4243 Pelopi,
989 4160 1018 4231 ἐς
1044 4160 1092 4223 τὸν
1115 4158 1229 4239 βάθροις
1255 4166 1286 4223 41
1308 4181 1393 4222 sacra
1416 4181 1452 4223 ea

434 4275 528 4340 etiam
553 4298 609 4339 sua
633 4282 732 4341 aetate
755 4276 968 4362 permansisse.
1008 4278 1054 4342 De
1078 4278 1198 4343 ossibus
1222 4280 1315 4343 etiarn
1330 4279 1451 4366 Pelopis

435 4394 552 4459 ibidem
575 4396 691 4460 mentio
715 4405 771 4460 est.
808 4397 902 4461 Aram
925 4421 996 4462 vero
1014 4397 1101 4462 Jovis
1117 4397 1253 4485 Olympii
1269 4400 1361 4463 fuisse
1377 4399 1452 4463 dicit

436 4520 508 4579 aute
531 4514 703 4601 Pelopinm.
750 4515 866 4581 Verum
889 4518 1003 4583 tumuli
1027 4519 1150 4606 quidem
1174 4542 1236 4583 non
1260 4520 1375 4584 mentio
1395 4527 1450 4584 est.
