3767 5534
923 727 964 787 85

474 930 577 1013 1111111,
591 930 793 1017 -reprehendit
815 940 916 993 tamen
941 952 1028 1005 eum,
1054 927 1153 1012 quod,
1176 950 1271 1013 quum
1296 926 1380 990 solus
1398 926 1448 990 ha·

473 1046 524 1111 beat
549 1051 601 1115 vim
633 1058 663 1114 et
695 1050 882 1135 potentiam,
914 1048 1092 1132 noveritque
1117 1058 1231 1111 mentes
1255 1048 1447 1123 mortalium,

471 1167 569 1234 1111111
598 1178 711 1234 sortem
734 1169 823 1233 malis
846 1168 963 1233 tribuat
986 1176 1017 1231 et
1040 1166 1145 1244 bonis,
1171 1190 1225 1231 nee
1250 1168 1326 1231 viam
1351 1180 1449 1230 osten·

470 1282 621 1373 dentque
647 1289 717 1375 quis
740 1287 883 1352 incedens
907 1287 934 1350 11
959 1287 1076 1372 placere
1100 1286 1205 1372 possit·
1221 1286 1243 1371 ¹)
1290 1285 1356 1349 Imo
1381 1308 1449 1349 vero

468 1401 543 1487 ipsum
572 1408 651 1472 vitae
682 1407 816 1471 fructum
848 1405 1006 1491 repudiat,
1037 1428 1164 1469 canens:
1189 1405 1347 1483 „omnium
1372 1404 1448 1489 opti·

467 1544 530 1589 11111
557 1534 601 1591 111
632 1527 808 1591 hominibus
840 1548 900 1591 non
928 1535 1035 1589 natum
1060 1547 1142 1602 esse,
1167 1535 1221 1589 aut
1244 1524 1269 1589 si
1293 1536 1384 1589 natus
1408 1525 1449 1587 sis

465 1664 534 1726 quam
562 1648 717 1712 celerrime
747 1648 780 1712 in
811 1646 908 1732 Hadis
941 1646 1069 1711 transire
1098 1644 1255 1709 domum.'’
1267 1641 1290 1729 1)
1326 1644 1448 1708 Scilicet

463 1782 501 1840 11,
525 1790 599 1853 quae
631 1791 647 1831 e
678 1790 778 1831 rerum
807 1767 916 1852 peritia
939 1766 1157 1851 proficiscitur,
1182 1764 1364 1849 prudentia,
1390 1764 1449 1827 nisi

462 1882 492 1945 sit
509 1887 609 1972 majori
632 1886 769 1972 subjecta
788 1886 922 1972 judicio,
948 1885 984 1949 ad
1008 1908 1112 1949 verum
1129 1884 1294 1948 videndum
1311 1906 1372 1947 non
1389 1884 1449 1947 sul·

460 2001 515 2069 ficit.
536 2006 628 2070 Posse
651 2006 760 2069 acriter
783 2006 862 2069 vitae
886 2004 1091 2069 conditionem
1109 2013 1229 2068 nostrae
1244 2012 1349 2067 notare
1366 2026 1447 2081 eam,

458 2144 519 2206 quae
545 2126 696 2202 cernitur,
722 2132 878 2209 totamque
902 2123 1080 2208 complecti,
1106 2122 1229 2187 omnino
1253 2123 1374 2208 majoris
1399 2146 1448 2186 ou-

450 2236 557 2326 jusdam
579 2244 696 2329 ingenii
718 2254 780 2322 1115
806 2267 875 2308 nam
899 2244 1056 2327 loquimur
1078 2266 1140 2307 non
1164 2238 1202 2307 de
1221 2243 1330 2328 peritia
1345 2244 1447 2307 nescio

451 2365 525 2449 cujus
548 2364 699 2442 hominm,
723 2365 776 2428 sed
800 2365 837 2428 de
860 2363 1068 2449 Theognidis,
1094 2363 1131 2427 de
1154 2374 1261 2448 poetae
1282 2363 1446 2449 sapientia:

446 2482 491 2546 sed
521 2492 623 2547 tamen
653 2506 718 2547 eam
748 2484 846 2568 ipsam
875 2484 1082 2547 conditionem
1115 2483 1158 2546 ita
1181 2483 1298 2568 judicio
1322 2482 1448 2547 submit·

443 2610 519 2681 tere,
551 2611 587 2667 ut
614 2602 651 2666 ad
675 2603 820 2667 rationem
846 2624 967 2666 revoces
992 2611 1022 2666 et
1045 2601 1199 2688 quomodo
1223 2602 1354 2667 deterior
1377 2626 1446 2689 pars

440 2722 615 2786 emendetur
639 2721 797 2798 ostendes,
822 2722 880 2785 hoo
903 2729 949 2785 est
972 2743 1034 2785 non
1059 2744 1095 2785 ex
1118 2722 1303 2807 experientia
1326 2746 1445 2807 sapere,

437 2840 489 2905 sed
512 2841 614 2927 ipsum
639 2863 703 2905 esse
727 2843 903 2926 sapientem.
950 2841 1052 2906 Facile
1074 2841 1247 2927 Theognidi
1269 2843 1396 2907 tristitia
1412 2866 1446 2908 11

435 2983 537 3024 rernm
561 2961 764 3024 humanarum
789 2959 958 3045 deploratio
982 2960 1095 3025 oboriri
1109 2960 1228 3047 potuit:
1242 2961 1373 3042 Pindaro
1384 2986 1446 3026 non

436 3079 548 3163 potuit.
586 3078 687 3142 Habet
710 3088 839 3163 uterque
863 3079 901 3143 de
921 3080 1122 3165 temperantia
1139 3090 1298 3167 praecepta
1314 3082 1446 3167 optima:

434 3197 489 3262 sed
519 3197 672 3262 Pindarus
703 3198 761 3278 sibi
792 3206 921 3264 constat.
969 3199 1090 3264 Etenim
1115 3206 1145 3263 et
1167 3200 1221 3264 illa
1244 3200 1282 3263 de
1305 3200 1447 3285 superbia

433 3315 559 3380 vitanda
588 3318 740 3381 sententia
770 3317 957 3403 Theognidis
982 3342 1051 3383 cum
1074 3318 1206 3384 Pindaro
1231 3320 1390 3404 congruit:
1416 3329 1447 3383 et

433 3435 554 3519 egregie
577 3435 668 3499 etiam
692 3436 785 3499 illud:
807 3436 920 3501 bonum
937 3438 1036 3502 virum
1053 3461 1171 3523 semper
1187 3438 1297 3503 habere
1313 3447 1445 3502 mentem

432 3552 593 3631 stabilem,
625 3554 795 3638 fortemque
826 3579 895 3620 esse·
919 3564 950 3620 et
972 3557 1004 3620 in
1028 3558 1179 3641 prosperis
1203 3558 1289 3622 etin
1313 3557 1446 3622 adversis

432 3672 542 3736 rebus:
575 3673 689 3738 malum
718 3697 788 3737 vero
820 3674 975 3740 hominem
998 3699 1060 3740 non
1083 3676 1161 3740 ferre
1184 3676 1392 3761 fortunam:³)
1415 3685 1446 3740 et

432 3799 537 3855 tamen
561 3781 596 3855 ea
618 3792 841 3871 inconstantia,
867 3817 945 3879 quae
968 3794 1058 3859 rebus
1081 3794 1223 3858 humanis
1248 3796 1369 3880 propria
1384 3811 1445 3873 est,

433 3910 537 3974 nescio
561 3911 731 3994 quomodo,
757 3912 796 3975 ad
819 3935 885 3976 eam
909 3912 1079 3978 redundare
1096 3914 1218 3978 videtur
1234 3914 1444 3999 prudentiam,

434 4053 515 4114 quae
538 4053 574 4093 ex
597 4053 700 4094 earum
724 4032 910 4115 experientia
935 4034 1059 4117 petitur.
1096 4032 1205 4117 Neque
1229 4034 1326 4111 enim,
1347 4033 1446 4097 11111-

433 4156 497 4213 tem
520 4149 553 4213 iu
577 4159 706 4234 utraque
730 4151 851 4219 fortuna
875 4174 938 4215 esse
963 4151 1074 4236 decet,
1090 4154 1135 4216 ita
1158 4162 1211 4217 aut
1233 4152 1340 4217 Jovem
1362 4153 1445 4216 iucu-

432 4290 501 4332 sare
516 4276 571 4331 aut
585 4268 678 4332 vitam
694 4268 852 4356 deplorare
868 4278 1006 4356 oportet,
1030 4282 1065 4335 ut
1076 4263 1230 4357 Theognis
1242 4273 1323 4338 fecit.
1349 4271 1445 4336 Nulla

441 4438 610 4447 Μ...-

646 4458 651 4485 1

470 4542 495 4604 1)
513 4543 572 4602 365,
590 4559 651 4612 seqq.
781 4545 962 4612 11111111.
1095 4546 1118 4607 3)
1137 4547 1196 4608 309,
1214 4563 1275 4615 seqq.
