3767 5534
971 688 1035 748 294

737 889 813 962 νίκκς
837 885 920 963 ἀγονν
942 894 1070 968 τροπαῖον
1093 887 1263 967 κάκροθίνια.

490 1010 627 1094 Tropaea
657 1008 798 1072 novimus
831 1007 952 1090 proprie
985 1007 1079 1070 luisse
1110 1007 1211 1090 posita
1240 1028 1276 1069 eo
1299 1006 1367 1069 loco
1391 1006 1507 1091 spolia,

491 1150 553 1215 quo
585 1128 689 1192 hostes
719 1126 794 1190 victi
817 1126 966 1203 fuissent,
996 1124 1054 1188 hoc
1078 1132 1180 1192 tamen
1204 1125 1272 1189 loco
1296 1125 1509 1211 significantur

491 1247 607 1334 spolia,
637 1268 715 1330 quae
744 1245 842 1309 victor
865 1266 969 1307 secum
993 1244 1135 1308 ducebat.
1183 1243 1297 1308 Similis
1321 1267 1393 1330 ergo
1416 1244 1450 1308 in
1473 1266 1509 1308 eo

490 1366 641 1431 vocabulo
665 1373 711 1429 est
734 1364 967 1450 significationis
992 1363 1153 1428 translatio
1175 1372 1267 1448 atque
1288 1364 1320 1428 in
1340 1364 1512 1444 ἀκροθινίοις.

536 1486 681 1550 Ceterum
717 1482 808 1547 scribi
843 1482 921 1546 solet
957 1482 1117 1562 ἀκροθίνια,
1154 1506 1210 1547 nec
1247 1489 1398 1568 quantum
1430 1482 1511 1561 scio,

490 1605 624 1684 ἀκρόθινα
656 1603 716 1667 nisi
743 1602 802 1666 hoo
824 1601 952 1666 Pindari
976 1601 1044 1666 loco
1069 1608 1099 1666 et
1125 1601 1175 1666 Ol.
1200 1601 1231 1665 X
1255 1604 1308 1665 69.
1355 1600 1435 1665 Sunt
1458 1602 1514 1685 qui

489 1724 637 1809 adjective
668 1722 806 1808 positum
837 1729 948 1806 putent
979 1744 996 1785 a
1024 1722 1214 1789 nominativo
1237 1721 1366 1804 ἀκρόόις,
1391 1729 1427 1785 ut
1452 1721 1512 1785 hoc

490 1843 557 1906 loco
581 1843 786 1928 conjungatur
810 1862 880 1903 cum
903 1837 1116 1917 Ὀλνμτιάδα,
1142 1839 1196 1903 illo
1219 1839 1315 1903 altero
1337 1862 1407 1903 cum
1428 1839 1513 1906 δόσιν.

491 1961 591 2026 Credo
614 1970 717 2025 tamen
741 1981 807 2023 esse
830 1958 1056 2023 substantivum
1083 1981 1193 2043 genere
1214 1967 1334 2023 neutro.

541 2084 591 2145 10.
624 2079 804 2156 γεγονκτὲον
823 2080 882 2145 όπὶ.
914 2076 1005 2142 Nem.
1022 2077 1076 2142 ΙΙΙ
1095 2080 1157 2142 116
1178 2078 1226 2142 όπὶ
1243 2079 1396 2148 κελαδέων.
1419 2078 1514 2143 Hom.

497 2199 536 2263 Il.
561 2198 579 2263 Ι
604 2201 668 2262 604

608 2313 754 2381 Μονοάιον
778 2315 819 2389 θ’,
844 2310 877 2378 αἳ
899 2312 992 2385 ἀειδον
1015 2314 1212 2396 ἀμειβόμενοι
1236 2312 1285 2379 όπό
1309 2322 1397 2396 καλῇ.

547 2438 597 2499 11.
634 2434 738 2498 δίκαιον
761 2432 847 2511 ξένον.
883 2432 1028 2497 Justitiae
1060 2433 1183 2497 nomine
1216 2433 1315 2500 omnis
1346 2455 1419 2518 erga
1448 2432 1518 2497 hos·

496 2555 575 2640 pites
599 2553 812 2619 benevolentia
834 2559 865 2616 et
884 2552 1053 2644 liberalitas
1073 2552 1262 2630 continetur,
1280 2552 1404 2636 pietatis
1423 2553 1516 2615 etiam

497 2672 589 2738 titulo
613 2670 802 2742 celebranda.
851 2669 947 2733 Velut
970 2669 1053 2759 apud
1077 2669 1265 2747 Homerum,
1291 2669 1350 2733 Od.
1375 2669 1424 2734 IX
1450 2672 1513 2735 175

621 2786 683 2870 ἦρ’
706 2786 762 2865 οἵγ’
787 2788 923 2868 ὑβρισταί
945 2788 1052 2853 τεκαὶ
1076 2789 1169 2868 ἀγριοι
1193 2788 1255 2854 οὐδὲ
1278 2787 1396 2863 δίκαιοι,

621 2909 653 2984 ἠὲ
676 2907 829 3000 φιλόξεινοι
853 2909 903 2974 καί
924 2915 997 2991 σφιν
1021 2908 1089 2987 νόοςυ
1102 2907 1163 2978 ἐστὶ
1188 2908 1309 2983 θεουδής.

499 3029 546 3091 De
579 3026 729 3094 Theronis
764 3026 949 3099 liberalitate
985 3027 1159 3090 conferatur
1190 3026 1284 3111 hujus
1315 3026 1459 3091 carminis
1485 3047 1517 3095 vs

501 3149 563 3212 170
589 3154 619 3211 et
645 3149 717 3211 179.

545 3268 596 3329 la.
631 3262 737 3345 ἔρεισμ’
761 3262 974 3349 Ἀκράγανπος.
1010 3262 1051 3328 Elt
1080 3263 1118 3329 ad
1147 3264 1300 3349 justitiam
1333 3263 1453 3349 imperii
1485 3273 1517 3330 et

498 3384 536 3448 ad
567 3384 797 3462 fortitudinem,
831 3407 923 3471 quam
956 3385 1071 3469 proelio
1107 3384 1281 3449 Himerensi
1305 3386 1518 3469 praestiterat,

498 3505 573 3569 haec
598 3504 736 3568 laudatio
761 3505 904 3590 pertinet.

547 3626 596 3687 14.
633 3624 735 3690 ἀωτον.
772 3623 866 3688 Recte
897 3631 1001 3689 monet
1032 3622 1233 3703 KarsteniuS,
1265 3646 1328 3689 non
1351 3623 1519 3710 significari

500 3740 557 3806 hoc
587 3741 656 3807 loco
687 3765 775 3827 posse
799 3744 1092 3828 praestantissimam
1117 3752 1251 3829 partem:
1277 3744 1442 3827 significari
1465 3765 1520 3828 po·

498 3862 560 3928 tius
591 3862 700 3927 decus:
734 3861 888 3947 quomodo
921 3862 1013 3947 Pytb.
1047 3862 1094 3926 IX
1128 3865 1144 3926 5
1177 3862 1374 3928 Telesicrates
1403 3862 1520 3928 dicitur

498 3981 684 4059 οτεΦάνωμα
710 3982 850 4060 Κνράνας.
897 3981 999 4045 Decus
1024 3981 1164 4046 additum
1188 3991 1219 4046 et
1242 3998 1457 4047 ornamentum
1482 4004 1519 4047 eo

499 4098 647 4164 vocabulo
679 4100 871 4183 significatur
902 4098 952 4165 Ol.
977 4099 1030 4164 III
1055 4104 1093 4178 5,
1127 4098 1230 4182 ὕμνον,
1262 4100 1518 4179 ἀκαμαντοπόδων

497 4215 592 4282 ἵππον
622 4217 730 4301 ἀωτον,
763 4226 793 4282 et
824 4218 929 4282 eodem
955 4217 1046 4282 modo
1071 4217 1120 4283 Ol.
1147 4218 1175 4280 V
1200 4222 1218 4281 2
1245 4221 1353 4298 ἀρετάν
1375 4218 1425 4283 καὶ
1450 4243 1519 4283 crr-

497 4336 598 4419 Φάνον
629 4336 731 4403 ἀοτον.
778 4337 914 4402 Talelius
939 4338 1103 4422 significari
1128 4338 1224 4402 credit
1248 4337 1374 4421 prolem.
1422 4335 1515 4402 Certe

499 4477 534 4519 ea
557 4454 740 4539 significatio
764 4461 810 4520 est
833 4456 926 4541 hujus
951 4457 1094 4520 carminis
1119 4479 1152 4519 vs
1178 4458 1217 4519 81
1243 4454 1384 4522 vocabuli
1407 4454 1517 4534 όάνιος,
