3767 5534
1012 708 1053 767 lo

515 905 602 983 'Hes
617 907 640 990 ¹}
673 906 787 992 decipit
810 907 937 985 lovem,
961 925 997 971 ut
1020 910 1117 993 possit
1141 908 1309 993 Neptunus
1331 911 1364 972 in
1387 908 1535 994 proelium

516 1026 669 1109 potuer·
699 1041 730 1089 et
762 1027 890 1090 Achivis
920 1028 1038 1091 adesse
1084 1028 1145 1091 Sed
1175 1028 1260 1114 apud
1283 1028 1451 1091 Pindarum
1472 1048 1535 1090 non

516 1164 587 1206 cnm
611 1143 735 1228 proeliis
758 1144 937 1208 mortalium
960 1168 1017 1208 nec
1039 1144 1205 1209 discordiis
1227 1146 1370 1229 dolisque
1391 1145 1534 1221 deorum,

515 1260 569 1324 sod
592 1284 664 1325 cum
687 1263 820 1326 civitatis
844 1275 916 1327 ortu
939 1281 970 1327 et
993 1287 1082 1328 sacro
1104 1267 1217 1348 pioque
1232 1264 1369 1327 Deorum
1384 1263 1472 1326 cultu
1487 1285 1535 1325 res

515 1384 682 1465 conjuncta
713 1395 770 1445 est.
819 1382 887 1446 Hoc
918 1406 1023 1447 amore
1050 1384 1205 1469 Apollinis
1227 1384 1382 1468 Curense,
1406 1383 1536 1465 inclytae

518 1500 640 1563 Africae
662 1502 814 1578 civitatis,
839 1504 926 1585 origo
948 1519 1126 1566 consecrata
1148 1521 1178 1566 ct
1201 1504 1241 1565 ad
1265 1504 1363 1566 Deum
1379 1511 1534 1565 auctorem

515 1618 613 1682 relata
635 1631 697 1696 (st,
721 1632 751 1683 et
775 1622 807 1683 iu
831 1620 938 1684 eodem
968 1622 1127 1705 religionis
1150 1623 1275 1685 initium
1299 1622 1450 1706 positum,
1473 1641 1535 1702 qua

515 1737 720 1802 clarissimum
742 1740 863 1802 Africae
883 1740 1074 1824 praesidem,
1086 1742 1151 1803 sive
1160 1740 1269 1804 Jovem
1280 1740 1330 1802 vel
1343 1739 1533 1823 Apollinem,

515 1857 579 1920 sive
595 1859 771 1921 Aristaeum
787 1859 998 1942 appellatum,
1012 1861 1055 1943 pii
1067 1860 1208 1923 homines
1218 1859 1396 1922 adorarunt.
1419 1856 1535 1939 Magna

515 1976 560 2039 “l
590 1977 740 2059 timii&
772 1976 826 2039 sed
858 2000 914 2060 par
944 1977 1072 2040 Pindari
1103 1980 1219 2041 virtus:
1251 1989 1285 2040 ut
1317 1979 1350 2039 in
1380 1974 1534 2059 Apollinis
1637 2015 1641 2020 -

515 2115 618 2157 amore
641 2094 794 2157 narrando
817 2095 855 2158 ab
879 2096 947 2179 ipso
971 2096 1117 2179 Apolline
1140 2118 1285 2159 numeros
1308 2118 1380 2158 eum
1394 2101 1424 2157 et
1442 2092 1534 2155 verba

516 2211 629 2276 dixeris
653 2214 815 2297 accepisse.

559 2331 707 2395 Similiter
740 2354 877 2415 propago
911 2333 1013 2417 gentis
1047 2332 1217 2396 Locrorum
1247 2333 1429 2395 furneium
1462 2351 1532 2391 con·

514 2460 632 2513 secrata
652 2450 724 2513 Jovi
746 2460 803 2513 eet.
850 2449 931 2514 Nam
955 2451 1020 2514 dux
1042 2450 1207 2536 Olympius
1230 2452 1325 2514 liliam
1343 2448 1479 2534 Opuntis
1494 2469 1531 2509 cx

515 2567 672 2652 Epeorum
694 2569 819 2651 regione
841 2571 947 2653 rapuit
969 2578 1001 2633 et
1023 2592 1095 2633 cum
1118 2593 1155 2632 ea
1176 2572 1209 2633 in
1233 2568 1385 2632 Maenalis
1400 2565 1530 2629 saltibus

515 2687 605 2765 coiit,
621 2697 653 2750 et
664 2687 795 2751 adduxit
805 2711 872 2751 eam
884 2688 923 2751 ad
935 2688 1068 2752 Locrum
1075 2738 1086 2767 ‚
1103 2713 1142 2752 ne
1154 2689 1208 2752 ille
1222 2690 1318 2773 prolis
1333 2710 1440 2771 expers
1455 2706 1530 2748 aevo

515 2805 744 2890 defungeretur.
769 2806 889 2871 Habuit
911 2831 1015 2871 semen
1039 2810 1207 2871 maximum
1230 2830 1325 2884 uxor,
1345 2808 1529 2889 gavisusque

515 2934 562 2989 est
584 2926 674 2989 heros
698 2927 805 2991 videns
828 2926 888 2991 sibi
911 2928 1012 2991 filium
1035 2927 1191 3011 datum.²)
1225 2926 1420 2990 Praeclarum
1436 2924 1531 3008 igitur

514 3044 633 3109 Locrus
656 3068 674 3108 a
695 3046 773 3109 Jove
793 3047 976 3111 beneficium
993 3046 1112 3111 habuit.
1135 3047 1259 3111 Scilicet
1273 3048 1317 3110 sic
1328 3043 1531 3130 judicandum

515 3172 577 3242 est,
601 3163 738 3228 Deorum
761 3187 880 3228 amores
902 3165 942 3229 ad
965 3166 1095 3249 gloriam
1119 3174 1150 3229 et
1171 3166 1347 3229 felicitatem
1371 3163 1529 3226 homiuum

516 3282 709 3366 pertinuisse.
754 3282 914 3368 Euripidis
943 3284 1069 3368 quidem
1097 3284 1220 3361 fabula,
1251 3306 1331 3367 quae
1356 3280 1533 3345 inscribitur

515 3401 595 3480 lon,
623 3424 726 3465 nonne
749 3402 840 3487 plena
863 3405 1098 3487 quaestionum,
1123 3402 1317 3488 querelarum
1340 3400 1409 3465 est?
1431 3420 1531 3482 neque

515 3520 629 3584 absunt
651 3521 873 3590 altercationes.
909 3520 1046 3585 Omnino
1064 3522 1109 3587 ibi
1128 3524 1161 3585 in
1181 3544 1283 3586 amore
1302 3519 1415 3605 Apollo
1434 3518 1532 3582 multa

514 3638 652 3703 humana
674 3663 793 3724 passus.
839 3640 882 3703 Et
904 3640 1109 3704 absolvuntur
1127 3648 1229 3704 tamen
1249 3641 1282 3704 in
1302 3662 1339 3702 eo
1358 3638 1475 3713 omnia,
1496 3644 1532 3698 ut

513 3758 613 3822 filium
637 3782 653 3822 e
676 3757 794 3823 Creusa
816 3769 995 3844 susceptum
1018 3759 1127 3822 Xutho
1151 3760 1261 3823 marito
1284 3757 1417 3821 Creusae
1436 3756 1531 3819 donet

511 3877 625 3962 Apollo
649 3878 785 3942 muneri:
810 3877 842 3942 in
866 3901 927 3963 quo
951 3878 1078 3942 auditur
1099 3900 1158 3941 vor
1181 3878 1317 3941 Palladis
1341 3876 1380 3940 ad
1398 3876 1528 3939 donem:

745 3999 782 4070 ὥς
805 3996 922 4078 nocida*
946 3994 1019 4063 οἷκον
1042 3999 1262 4076 εὐγενέστατον·
1276 3997 1303 4081 3)

515 4118 550 4176 ct
578 4115 786 4178 catillanorum
816 4119 929 4180 dmum
960 4117 1107 4181 obterens:
1137 4124 1169 4180 et
1199 4117 1335 4180 futuram
1360 4114 1475 4199 prolem
1499 4119 1531 4176 et

516 4232 758 4315 magnitudinem
788 4236 954 4319 praedicit:
968 4239 994 4319 4)
1018 4244 1049 4299 et
1072 4236 1216 4299 admonet
1238 4246 1340 4298 tamen
1364 4233 1528 4307 Creusam,

532 4399 721 4414 *-

552 4506 575 4565 1)
597 4507 633 4554 Vs,
651 4509 708 4558 noo.
759 4510 784 4569 e)
805 4512 841 4559 οι.
860 4513 905 4561 rr.
923 4511 1030 4562 ee-ee.
1081 4513 1105 4572 a)
1122 4508 1361 4573 respuerem.
1410 4510 1436 4567 4)
1455 4505 1549 4557 1575..
