3767 5534
970 694 1034 755 322

501 895 548 958 dis
571 917 603 960 se
626 901 765 960 secutum
788 917 851 959 esse
875 895 1051 960 ostenderit.
1095 891 1186 958 Canit
1208 892 1259 957 Ol.
1283 894 1312 956 X
1337 896 1377 956 92
1403 915 1505 980 seqq,

500 995 643 1078 instituto
666 1015 703 1078 ab
728 1014 862 1078 Hercule
884 1014 962 1077 festo
986 1013 1226 1099 quinquennali,
1251 1014 1417 1098 primisque
1440 1012 1505 1076 illis

501 1134 630 1216 peractis
665 1133 900 1210 certaminibus,
940 1140 1041 1196 totum
1074 1131 1178 1196 lucum
1214 1131 1374 1216 impletum
1408 1131 1505 1195 fuisse

500 1249 617 1316 laetitia
651 1258 680 1314 et
714 1260 807 1315 cantu
842 1251 1008 1335 ejusmodi,
1041 1251 1094 1334 qui
1125 1249 1179 1314 tali
1210 1250 1287 1313 festo
1312 1250 1503 1314 conveniret:

500 1370 592 1447 haec,
625 1370 743 1453 inquit,
776 1376 876 1433 vetera
906 1370 995 1433 initia
1025 1391 1107 1438 nuno
1139 1390 1259 1452 quoque
1289 1390 1452 1453 sequemur
1476 1374 1507 1431 et

501 1476 642 1553 1111111111
663 1488 785 1553 laudem
804 1488 974 1574 praeclarae
991 1488 1134 1552 victoriae
1150 1488 1370 1573 cognominem.
1394 1486 1506 1571 Ibique

501 1610 550 1671 vix
579 1608 639 1671 alio
663 1608 811 1671 vocabulo
834 1589 959 1671 moduni
983 1607 1124 1672 carminis
1148 1607 1316 1692 signifieat,
1341 1608 1389 1672 τὸν
1412 1605 1504 1683 ἐγκώ-

500 1752 563 1803 μιον
587 1728 686 1808 τρόπον
710 1725 876 1811 appellans.
918 1729 966 1792 An
989 1748 1074 1803 vero,
1099 1749 1209 1810 quum,
1235 1726 1367 1790 carmine
1391 1725 1505 1809 Pythio

500 1844 598 1923 VIII,
625 1869 656 1907 vs
681 1848 737 1922 27,
769 1845 915 1912 X‘enarris
946 1845 1043 1908 filium
1071 1846 1108 1908 ab
1134 1844 1277 1929 Apolline
1301 1845 1381 1908 dieat
1405 1867 1507 1930 recep

500 1974 567 2029 tum
590 1988 654 2029 esse
677 1974 778 2028 mente
801 1964 949 2028 benevola

875 2084 1120 2164 ἐστεφανωμένον·

686 2240 731 2251 -
753 2203 821 2284 ποίᾳ
843 2201 1003 2282 Παρνασίδν
1027 2208 1131 2281 Δωριεῖ
1150 2226 1183 2265 τε
1207 2202 1308 2282 κώμῳ,

502 2321 553 2385 1111
577 2327 669 2399 ropac
694 2321 754 2383 vim
778 2329 913 2383 suamet
934 2319 1187 2405 significationem
1208 2318 1332 2384 aliunde
1352 2318 1507 2383 desumit?

501 2442 550 2502 An
574 2461 633 2503 non
659 2439 764 2503 laurus
788 2439 929 2502 Parnasis
952 2439 1124 2523 festumque
1148 2462 1268 2503 carmen
1293 2439 1440 2503 Doricum
1461 2440 1506 2502 ita

500 2559 579 2622 inter
601 2560 903 2643 seconjunguntur,
928 2566 964 2621 ut
987 2568 1116 2643 utroque
1140 2558 1251 2642 pariter·
1273 2564 1365 2643 caput
1380 2557 1507 2621 victoris

500 2684 640 2740 ornatum
664 2700 729 2739 esse
752 2676 847 2744 Poeta
870 2676 1022 2741 voluerit?

543 2796 601 2859 Sed
625 2819 707 2889 nunc
731 2795 855 2880 quidem
879 2797 915 2860 ad
941 2820 1082 2881 praesens
1105 2820 1225 2861 carmen
1249 2796 1420 2861 redeamus.
1467 2795 1505 2859 In

404 2963 406 2967 -
499 2937 560 2999 quo
584 2938 681 3001 quum
704 2939 737 2979 11
763 2918 801 2987 77
827 2915 909 3001 dieat
931 2914 1042 2994 Poeta,
1066 2939 1148 3001 nuno
1173 2916 1298 3002 quidem
1322 2915 1359 2979 ad
1384 2937 1506 2980 summa

499 3036 669 3118 pervenisse
692 3034 877 3113 Theronem,
902 3043 1040 3120 apparet,
1064 3035 1143 3100 hauc
1168 3036 1295 3121 primam
1318 3036 1383 3120 ejus
1407 3034 1503 3101 luisse

499 3154 635 3218 curulem
669 3155 824 3245 victoriam
841 3152 1043 3242 Olympiam.
1091 3154 1158 3219 Nee
1193 3156 1325 3219 carmine
1357 3153 1504 3240 Olympio

499 3248 631 3337 secundo
655 3295 687 3335 vs
712 3275 750 3337 87
777 3272 947 3357 quidquam
969 3273 1006 3337 de
1029 3274 1138 3336 iterata
1162 3274 1287 3337 victoria
1307 3279 1503 3337 memoratur.

499 3389 702 3454 Statuendum
725 3377 796 3474 eigo
820 3400 879 3466 est,
905 3398 1069 3476 utrumque
1092 3413 1212 3456 carmen
1236 3392 1275 3455 ad
1295 3392 1421 3456 eandem
1446 3392 1506 3455 vic-

499 3511 606 3573 toriam
629 3510 804 3595 pertinere.
825 3511 922 3593 Atqui
947 3511 1101 3589 existimo,
1126 3534 1245 3576 carmen
1265 3512 1391 3575 tertium
1410 3511 1505 3575 fuisse

498 3627 612 3691 factum
625 3698 632 3721 x
646 3629 793 3691 continuo
829 3636 898 3713 post
931 3630 1107 3707 victoriam,
1140 3630 1307 3694 secundum
1340 3652 1409 3695 vero
1434 3638 1506 3715 post

498 3746 633 3810 tertium.
680 3745 775 3831 Cujus
807 3748 975 3812 sententiae
1007 3771 1098 3812 eausa
1129 3749 1205 3813 mihi
1233 3750 1308 3814 haec
1331 3757 1393 3827 est,
1419 3748 1504 3834 quod

499 3865 624 3928 tertium
648 3872 678 3927 et
700 3864 821 3929 brevius
845 3873 908 3943 est,
940 3873 971 3930 et
993 3868 1151 3935 materiem
1174 3867 1266 3933 habet
1289 3891 1326 3933 ex
1349 3869 1416 3953 ipsa
1439 3868 1505 3933 sola

500 3980 643 4066 Olympia
665 3983 848 4066 antiquitate
871 3984 997 4068 petitam
1003 4034 1013 4068 ,
1037 3993 1067 4050 et
1083 3986 1251 4071 simplicem
1268 3987 1410 4051 victoriae
1426 3986 1505 4051 'Phe-

499 4101 580 4165 ronis
610 4100 835 4166 laudationem:
865 4104 1034 4169 seeundum
1063 4128 1132 4170 vero
1155 4105 1252 4191 majus
1276 4115 1321 4170 est
1343 4106 1504 4191 magisque

501 4207 706 4316 elaboratum?
730 4220 762 4283 in
784 4220 933 4286 Theronis
958 4246 1028 4287 vero
1051 4246 1112 4287 non
1136 4223 1279 4310 Olympia
1301 4232 1423 4289 tantum·
1445 4226 1506 4291 vio·

500 4339 579 4402 toria
602 4338 655 4402 sed
678 4338 803 4421 reliquis
827 4341 919 4404 etiam
940 4342 1084 4407 laudibus
1106 4343 1335 4428 virtutibusque
1355 4343 1508 4410 celebran-

503 4456 550 4519 dis
582 4466 735 4536 versatur,
766 4458 798 4521 in
829 4462 926 4543 patria
957 4483 1080 4545 quoque
1103 4464 1168 4546 ejus
1193 4470 1223 4525 et
1245 4470 1336 4547 gente
1359 4470 1390 4525 et
1413 4463 1504 4529 fratre
