3767 5534
839 739 902 800 441

365 951 503 1015 cidarum
537 950 569 1013 in
603 944 752 1032 capiendo
787 943 847 1006 Ilio
881 942 988 1026 gloria.
1039 941 1082 1004 lle
1117 941 1240 1006 oraculo
1272 942 1376 1025 Olym-

367 1070 434 1153 pico
465 1067 635 1132 videbimus
664 1065 702 1128 ad
735 1088 768 1127 vs
803 1065 860 1126 10:
895 1085 997 1126 verum
1023 1061 1100 1124 illud
1126 1060 1279 1145 Apollinis
1304 1062 1377 1125 vati-

366 1187 479 1252 cinium
516 1210 582 1251 earu
617 1192 697 1248 certe
731 1204 853 1246 causam
889 1204 951 1244 uon
986 1180 1096 1257 habet,
1125 1201 1225 1263 neque
1252 1178 1283 1243 id
1316 1180 1377 1243 alio

366 1306 499 1391 pertinet
521 1305 580 1369 nisi
604 1303 641 1367 ad
666 1309 820 1366 vetustum
844 1300 937 1364 decus
963 1300 1097 1384 Aeginae
1121 1308 1151 1363 et
1175 1299 1375 1364 Aeacidarum

365 1424 593 1490 illustrandum.

412 1664 441 1724 1.
477 1663 583 1737 Μοῖσορ
614 1655 635 1722 ὦ
663 1655 919 1738 χρυσοστεφάνων.
957 1654 1122 1740 Comparat
1152 1655 1248 1719 Poeta
1278 1656 1376 1719 olivae

366 1777 560 1863 splendorem
591 1784 622 1842 et
649 1777 777 1862 gloriam
802 1797 893 1853 auro,
919 1776 1006 1861 cujus
1032 1776 1249 1859 praestantiam
1272 1775 1379 1839 laudat

367 1896 416 1962 Ol.
441 1897 458 1961 I
482 1900 520 1974 2,
544 1895 597 1959 ΠΙ
621 1898 673 1961 76.
698 1894 786 1959 Oonl.
812 1893 900 1958 Nem.
926 1894 943 1958 I
964 1897 1005 1956 26
1022 1894 1236 1971 Ὀλυμπιάδων
1251 1893 1377 1976 φύλλοις

367 2018 471 2082 ἕλοιιοῖν
504 2015 646 2096 χρυσέοις.
693 2014 865 2079 Scholiasta
901 2023 988 2078 vetus
1021 2014 1253 2095 χρυσοστέφανοι
1285 2012 1380 2079 ἄεθλοι

368 2134 451 2199 dicta
469 2141 560 2219 putat
576 2134 700 2217 quaevis
716 2133 871 2218 praeclara
886 2135 1066 2214 certamina:
1084 2132 1259 2218 Olympiam
1277 2140 1379 2197 autem

368 2258 494 2317 matrem
520 2274 623 2315 eorum
647 2251 727 2330 dici,
751 2252 840 2335 quasi
863 2258 972 2336 caput,
1001 2252 1074 2335 quia
1096 2252 1140 2316 ibi
1163 2260 1263 2330 essent
1279 2252 1381 2316 claris-

370 2370 456 2434 sima.
493 2368 601 2433 Potius
626 2391 696 2434 vero
718 2369 812 2434 ἄεθλοι
835 2377 909 2434 sunt
931 2370 998 2455 ipsa
1021 2369 1183 2455 Olympico
1198 2370 1379 2448 certamina,

369 2494 400 2551 et
423 2485 568 2571 Olympia
591 2487 681 2572 quasi
703 2487 824 2572 proprie
843 2486 958 2551 dicitur
974 2510 1078 2552 eorum
1095 2495 1191 2552 mater
1206 2495 1236 2552 et
1252 2512 1379 2573 parens,

369 2627 446 2690 qnae
474 2604 568 2669 donet
591 2628 626 2669 ea
649 2612 679 2669 et
702 2606 845 2691 proferat.

414 2726 445 2787 3.
481 2722 604 2789 δέσποιν’
634 2725 784 2796 ductrice.
820 2724 1018 2788 interseritur
1049 2724 1246 2809 appellationi
1277 2724 1381 2810 Olym·

371 2840 438 2925 piae
469 2841 584 2905 oraculi
608 2843 737 2906 veritas:
762 2842 880 2906 reditur
904 2843 942 2906 ad
966 2842 1063 2928 ipsam
1087 2843 1322 2928 appellationem
1347 2867 1380 2907 vs

372 2962 422 3024 12.
470 2960 518 3023 De
549 2960 673 3024 oraculo
705 2984 740 3025 ac
763 2961 801 3025 de
824 2962 972 3025 ministris
997 2963 1062 3047 ejus
1086 2963 1159 3026 eatis
1182 2963 1281 3027 multa
1304 2963 1382 3026 dini·

370 3099 438 3141 mus
469 3076 508 3141 ad
537 3076 587 3143 Ol.
620 3077 676 3142 VI.
724 3079 875 3144 Memorat
906 3080 998 3143 etiam
1029 3079 1138 3145 Strabo
1170 3080 1206 3146 L.
1238 3081 1321 3145 VIII
1349 3105 1378 3166 p.

370 3197 435 3259 353
459 3195 493 3261 τὸ
515 3204 652 3272 μονσεῖον
673 3204 724 3263 σοῦ
752 3199 922 3276 Ὀλυμπίου
946 3200 1023 3271 Διός.

345 3392 348 3401 p
415 3315 446 3377 6.
481 3313 553 3393 σέρι.
590 3315 689 3393 Solet,
714 3324 865 3400 quantum
888 3317 968 3395 scio,
994 3317 1207 3403 praetermissa
1230 3321 1381 3404 praeposi-

369 3429 454 3494 tione
484 3431 544 3495 diei
573 3431 661 3509 Atym
693 3433 773 3514 ἔχειν
802 3435 894 3513 τινός,
921 3436 1034 3501 habere
1057 3437 1204 3501 rationem
1230 3436 1379 3523 alicujus,

369 3568 475 3613 curare
499 3549 648 3635 aliquem:
673 3552 759 3616 velut
783 3554 893 3617 Aesch.
917 3553 1021 3619 Prom.
1047 3557 1109 3619 231

590 3676 697 3747 Βροσῶν
724 3670 753 3735 δὲ
777 3677 832 3736 τῶν
855 3673 1046 3753 σοολοιισώροιν
1069 3672 1157 3751 λόγον

503 3788 555 3849 οὐκ
577 3785 666 3868 ἔσχεν
688 3788 783 3856 οὐδέν’.

369 3899 483 3965 Tamen
507 3902 539 3967 in
563 3902 654 3969 simili
678 3905 812 3972 dictione
835 3916 880 3972 est
904 3908 986 3993 apud
1010 3909 1191 3994 Sophoclem
1217 3912 1290 3974 Ant.
1314 3913 1377 3973 283

772 4026 912 4104 δοίροονοις
935 4027 1031 4106 λέγων

546 4138 677 4216 σρὸνοιοιν
700 4141 795 4224 ἴσχειν
817 4146 901 4211 τοῦδε
923 4153 974 4211 τοῦ
998 4154 1092 4228 νεκροῦ
1116 4148 1187 4228 πέρι.

368 4251 410 4316 Et
440 4253 519 4319 Plat.
552 4257 599 4321 De
630 4258 725 4346 Legg.
758 4264 823 4326 XII
854 4267 917 4327 952
943 4266 963 4329 d
986 4264 1056 4342 ξένοι
1081 4263 1117 4330 ὧν
1140 4266 1184 4329 δεῖ
1205 4265 1266 4341 πέρι
1290 4266 1378 4343 λόγον

368 4372 434 4436 τινὰ
465 4376 612 4442 σοιεῖσθοιι.
659 4378 773 4444 Similis
802 4382 885 4447 color
908 4391 955 4447 est
978 4384 1145 4449 sententiae
1169 4384 1250 4469 apud
1277 4385 1376 4450 Xeno-

370 4489 534 4577 phontem,
559 4492 652 4560 Mem.
676 4496 712 4562 L.
736 4498 754 4564 I
777 4498 811 4565 O.
837 4499 884 4567 IV
909 4502 949 4566 18
975 4507 1030 4567 τῶν
1053 4504 1120 4568 θεῶν
1136 4510 1239 4583 σεῖροιν
1256 4502 1381 4583 acadd-
