3767 5534
820 634 885 695 486

344 834 395 897 far
418 834 448 898 a
469 834 519 898 aar
544 834 656 899 cisra
679 835 790 898 sanes
813 834 851 897 aa
876 793 1129 918 ipimus:
1155 834 1250 919 uitur
1267 854 1366 920 quum

345 953 497 1018 sententia
518 952 699 1037 interposita
720 952 768 1018 ὅτε
790 952 951 1034 ἀμφότερον
971 952 1114 1017 Isthmiis
1134 952 1260 1039 quidem
1274 951 1369 1017 Iram

346 1072 501 1157 promachi
531 1071 675 1165 laudibus
706 1070 947 1156 Epharlnostum
980 1071 1172 1157 adjunxerit,
1205 1071 1265 1136 hoc
1295 1092 1368 1136 vero

345 1192 377 1255 in
410 1191 456 1254 bis
479 1190 616 1268 duabus,
641 1213 718 1275 quae
743 1199 923 1255 consecutae
947 1196 1039 1267 sunt,
1064 1213 1127 1254 non
1149 1191 1260 1265 faciat.
1285 1190 1368 1255 redit

346 1312 377 1375 in
408 1311 446 1374 iis
478 1311 516 1373 ad
541 1310 658 1394 priora,
683 1309 715 1372 id
739 1317 786 1373 est
809 1309 848 1372 ad
872 1308 1068 1394 Epharmosti
1092 1309 1212 1373 decora.
1260 1312 1370 1395 Atque

347 1419 438 1516 hujus
461 1428 609 1492 Isthmiae
632 1428 779 1491 victoriae
800 1428 922 1491 fucrant
947 1449 1073 1491 numero
1097 1427 1211 1512 plurali
1235 1428 1363 1514 positae.

346 1547 453 1611 Frrisse
477 1569 548 1630 ergo
573 1545 649 1610 mihi
672 1552 798 1630 apparet
821 1554 900 1609 tres:
926 1546 1054 1631 primam
1078 1546 1184 1610 eodem
1201 1545 1251 1609 die
1265 1568 1367 1632 repor-

345 1674 458 1743 tatam,
483 1686 544 1748 quo
568 1664 618 1727 die
641 1664 732 1728 etiam
756 1663 796 1728 ab
819 1663 1043 1749 Epharmosto:
1068 1671 1175 1748 postea
1198 1664 1286 1729 duas.

395 1785 465 1845 128.
501 1784 530 1845 ἐν
565 1781 691 1856 Κορίνθου
723 1782 842 1853 πύλαις.
879 1780 1078 1865 significatur
1109 1781 1177 1866 ipsa
1206 1781 1365 1847 Isthmnar

346 1900 457 1965 Aesch.
482 1900 582 1964 Prom.
609 1902 670 1965 tal

432 2016 544 2093 'rotula
568 2018 591 2081 δ’
615 2019 661 2081 ἐπ’
684 2020 791 2089 αὐταῖς
815 2016 993 2098 στενοπόροις
1017 2018 1121 2095 λίμνης
1144 2016 1253 2088 πύλαις

434 2136 609 2217 Κιμμερικὸν
633 2134 718 2212 ἥξεις.

395 2258 466 2317 129.
503 2254 632 2335 χάρμαι.
666 2254 793 2338 Proprie
817 2256 1042 2319 contentiones:
1067 2254 1145 2318 conf.
1167 2276 1238 2318 ann.
1256 2252 1296 2317 ad
1311 2251 1361 2316 01.

345 2372 362 2436 I
390 2375 442 2436 35.
490 2372 558 2437 Hoc
588 2372 656 2437 loco
687 2373 897 2453 significantur
928 2374 1091 2437 victoriae:
1125 2372 1204 2437 conf.
1230 2371 1363 2436 anund

345 2490 396 2555 Ol.
422 2490 504 2553 VIII
529 2493 569 2556 76
593 2492 712 2570 μάχαν.
873 2559 886 2574 ..

393 2612 466 2673 l3l.
501 2610 617 2675 κόλπον.
655 2608 742 2673 Oonf.
776 2608 826 2673 Ol.
858 2608 937 2673 XIV
969 2612 1021 2673 33.
1069 2608 1155 2690 Quid
1186 2616 1289 2675 antem
1319 2616 1364 2675 cst

343 2728 394 2792 ra}
425 2727 477 2792 li?
510 2729 558 2791 An
590 2728 703 2812 plurali
734 2750 861 2792 numero
893 2750 968 2791 usus
992 2728 1087 2791 Poeta
1109 2728 1248 2793 instituit
1271 2748 1361 2814 porro

344 2846 542 2931 Epharmosti
573 2868 729 2909 recensere
759 2846 921 2923 victorias,
947 2868 1076 2931 quarum
1102 2868 1165 2910 una
1187 2846 1281 2911 inerit
1303 2844 1364 2909 Ne·

344 2964 470 3029 mcaea?
497 2964 570 3028 Non
593 2964 700 3041 credo,
726 2972 758 3027 at
781 2964 874 3050 hujus
898 2965 1012 3049 paritor
1035 2964 1111 3028 duas
1134 2965 1230 3030 fuisse
1254 2962 1380 3030 Neme-⁴

345 3106 431 3160 aeas,
457 3082 712 3167 quemadmodum
739 3082 818 3147 duae
833 3082 981 3146 Isthmiae
997 3082 1231 3169 Lampromachi
1247 3106 1282 3147 vs
1300 3086 1361 3148 128

346 3202 519 3287 propositae
544 3202 674 3266 fuerant.

392 3323 465 3384 132.
497 3319 615 3401 Ἄργει.
651 3318 689 3382 Io
723 3318 868 3396 Heraeis,
904 3341 983 3404 quae
1015 3319 1106 3383 etiam
1138 3319 1361 3386 Hecatomhaea

345 3438 428 3503 dicta
460 3439 604 3502 fuerunt:
638 3437 717 3502 conf.
750 3434 788 3500 ad
812 3435 862 3499 Ol.
888 3435 952 3500 VII
977 3440 1029 3501 52.
1077 3437 1202 3502 Praeter
1224 3438 1361 3525 clypeum

345 3557 495 3622 aheneum
520 3558 611 3621 etiam
635 3572 776 3620 coronam
800 3564 949 3640 myrteam
971 3557 1002 3620 in
1027 3557 1064 3620 iis
1084 3558 1254 3642 praemium
1271 3559 1361 3623 fuisse

346 3675 436 3739 docet
460 3676 504 3739 ibi
527 3674 692 3739 scholiasta
717 3686 812 3739 vetus.

393 3796 466 3856 133.
503 3794 532 3858 ἕν
555 3793 701 3866 'Adriacas
737 3794 879 3857 Alterum
903 3801 989 3857 vetus
1013 3793 1183 3858 scholium:
1206 3796 1248 3859 rol
1264 3767 1361 3860 ssavo

346 3911 465 3986 θύννων,
488 3911 619 3977 alterum
642 3913 659 3988 ἢ
681 3914 722 3978 τὰ
745 3914 936 3987 Παναθήναια
960 3903 986 3987 ἦ
1000 3914 1041 3977 τὰ
1065 3914 1234 3989 Ὀλύμπιον.
1275 3912 1361 3978 conf.

346 4029 385 4093 ad
416 4028 466 4093 Ol.
490 4029 555 4094 VII
592 4034 664 4095 151.
711 4030 903 4116 Intelligitur
926 4039 1029 4095 autem
1054 4053 1090 4094 ex
1114 4031 1360 4115 praecedentibus

347 4147 453 4228 ἔσχεθε
476 4150 557 4221 κῦδος
582 4152 794 4235 praetermisso
817 4150 940 4231 ἀνδρῶνι
964 4149 1058 4233 idque
1081 4150 1138 4214 hoc
1154 4151 1280 4235 quidem
1296 4151 1351 4214 loo«

346 4267 421 4329 satis
445 4277 583 4352 apertum
607 4279 667 4347 est,
692 4277 900 4335 verumtamen
918 4270 1083 4334 memoravi
1099 4270 1139 4333 od
1159 4270 1341 4354 adjuvandar

350 4384 497 4472 abruptae
521 4387 705 4473 quandoque
728 4387 854 4452 Pindari
878 4387 1025 4451 orationis
1049 4386 1294 4472 intelligentiam.
