3767 5534
999 754 1040 813 14

503 951 576 1014 nisti
599 954 713 1037 conjux
736 952 820 1016 hune
844 954 876 1015 in
899 952 1031 1031 saltum,
1056 977 1091 1017 ac
1114 954 1266 1017 ducturus
1291 954 1357 1017 cani
1380 976 1411 1016 es
1434 962 1519 1015 trans

502 1092 585 1133 mare
615 1070 655 1134 ad
683 1069 771 1133 Jovis
794 1071 918 1134 hortum
941 1071 1100 1135 selectum.
1146 1072 1196 1136 Ibi
1219 1095 1286 1136 eam
1309 1072 1519 1137 11111ωά1111ιί-

502 1212 572 1253 nam
603 1189 706 1267 urbis,
738 1199 923 1274 congregato
953 1191 1123 1292 111,111111111
1154 1192 1270 1276 populo
1300 1201 1455 1255 terrenum
1485 1190 1518 1253 in

503 1309 675 1373 tumulum:
692 1312 714 1393 ¹)
744 1331 828 1373 nunc
859 1332 930 1372 vero
961 1309 1032 1373 latis
1066 1312 1161 1395 pratis
1188 1318 1320 1395 augusta
1343 1310 1441 1394 Libya
1462 1309 1518 1373 tibi

501 1428 665 1513 gloriosam
699 1451 844 1514 sponsam
874 1429 1015 1513 excipiet.
1070 1427 1121 1494 Ibi
1151 1430 1250 1493 filium
1282 1430 1395 1514 pariet,
1427 1450 1518 1511 quem

502 1548 655 1632 gloriosus
686 1548 859 1613 Mercurius
888 1548 1068 1612 venerandis
1099 1548 1194 1612 Horis
1217 1572 1252 1611 ae
1274 1549 1385 1612 Terrae
1408 1546 1518 1610 tollens

502 1676 639 1731 amatre
663 1667 763 1731 ducet.
800 1666 867 1730 Hae
894 1669 926 1730 in
950 1668 1081 1752 genibus
1103 1669 1251 1732 infantem
1276 1667 1335 1731 sibi
1357 1673 1473 1750 ponent
1488 1672 1518 1727 et

502 1794 607 1851 nectar
640 1786 729 1851 labiis
759 1787 924 1851 infundent
955 1796 986 1850 et
1017 1788 1218 1865 ambrosiam,
1250 1787 1423 1869 facientque
1448 1806 1518 1848 eum

502 1906 723 1983 immortalem,
754 1906 863 1970 Jovem
894 1916 925 1969 et
956 1914 1098 1969 sanetum
1122 1906 1316 1991 Apollinem,
1341 1903 1517 1968 hominibus

502 2026 581 2088 caris
611 2025 858 2109 praesentissima
880 2024 1011 2109 gaudia,
1044 2026 1181 2109 Agrenm
1205 2033 1236 2087 et
1259 2022 1426 2099 Nomium,
1450 2021 1518 2084 aliis

501 2165 572 2207 vero
603 2145 778 2207 Aristaeum
805 2143 987 2208 vocandum.
1029 2142 1079 2207 Sic
1098 2144 1221 2209 locutus
1242 2143 1371 2207 adduxit
1392 2164 1460 2205 eum
1482 2150 1518 2203 ut

501 2262 602 2327 dulcis
625 2263 773 2327 connubii
795 2264 887 2327 finem
910 2263 1078 2347 perficeret.

747 2386 835 2448 daria
861 2382 885 2446 δ’
912 2384 1105 2461 ἐπειγομένων
1132 2383 1182 2458 ἤδη
1206 2384 1273 2446 θεῶν

748 2501 853 2582 πρᾶξις
876 2502 933 2567 ὁδοί
954 2528 988 2567 τε
1010 2502 1166 2582 βραχεῖαι·

748 2629 821 2686 κεῖνο
844 2625 913 2687 κεῖν’
936 2616 1020 2702 ἆμαρ
1043 2622 1203 2687 διαίτασεν.

505 2741 613 2806 Celeris
622 2742 845 2823 properantium
852 2743 919 2823 jam
935 2742 1065 2805 Deorum
1081 2742 1157 2804 actio
1173 2741 1293 2824 viaeque
1308 2740 1413 2802 bever.
1437 2736 1522 2799 mad

500 2860 553 2923 ila
575 2860 638 2923 dier
659 2859 799 2944 perfecit.
846 2858 885 2922 In
913 2881 1005 2922 aureo
1029 2859 1127 2924 coiere
1149 2857 1264 2943 Libyae
1287 2832 1439 2920 thalamo:
1464 2852 1517 2917 ubi

428 2982 430 2985 ’
500 2978 715 3062 pulcerrimam
735 2975 841 3041 urbem
861 2984 968 3041 tuetur
988 2984 1019 3041 et
1039 2977 1258 3048 certaminibus
1276 2972 1485 3061 gloriosam.2)

545 3095 735 3181 Hujusmodi
758 3094 884 3158 Pindari
908 3095 1043 3158 narratio
1067 3102 1122 3159 est.
1159 3095 1260 3159 Deum
1285 3102 1388 3157 autem
1407 3089 1516 3155 amoris

499 3215 585 3279 dulci
608 3214 752 3300 cupidine
776 3213 945 3279 abductum
965 3237 1030 3278 esse
1048 3213 1142 3278 Chiro
1166 3214 1317 3299 significat
1336 3219 1372 3276 ut
1391 3209 1517 3275 humani

500 3333 576 3418 quid
599 3339 755 3418 pateretur
777 3333 943 3416 fictumque
967 3356 1136 3397 sermonem
1158 3334 1304 3418 jactaret,
1330 3330 1384 3395 sed
1399 3332 1444 3394 ita
1459 3330 1517 3413 sig·

499 3452 619 3530 nificat,
656 3460 691 3515 ut
725 3474 760 3516 eo
790 3452 857 3537 ipso
881 3451 948 3516 loeo
971 3452 1073 3516 Deum
1097 3459 1238 3516 vereatur
1262 3474 1361 3536 neque
1384 3448 1516 3513 hominis

499 3572 596 3634 instar
616 3570 744 3656 judicet.
780 3570 907 3650 Quanta
929 3593 1001 3634 vcro
1026 3558 1159 3655 dignitas
1183 3571 1215 3635 in
1236 3569 1381 3636 scientiae
1400 3567 1517 3654 Apolli·

499 3690 547 3753 nis
566 3689 810 3774 praedicatione?
845 3689 972 3769 Quanta
992 3690 1119 3775 virginis
1140 3689 1310 3754 fortitudo?
1326 3688 1385 3752 Sed
1401 3693 1516 3773 quanta

500 3809 634 3894 dignitas
669 3818 700 3873 et
734 3809 924 3893 singularum
957 3811 1091 3895 partium
1123 3818 1153 3874 et
1183 3808 1366 3873 narrationis
1397 3805 1516 3871 totius?

500 3926 634 3991 Omnino
665 3928 762 3992 totius
786 3950 882 3991 unum
908 3928 1104 4012 antiquitatis
1127 3928 1230 3992 locum
1254 3951 1323 3991 cnm
1348 3928 1405 3990 hac
1429 3933 1515 3989 tanta

500 4046 688 4131 praestantia
710 4047 952 4132 comparandum
980 4047 1137 4125 existim0,
1163 4070 1250 4125 eum,
1276 4068 1337 4131 quo
1361 4044 1514 4108 Homerus

499 4160 585 4227 Jovis
615 4170 645 4227 et
675 4163 807 4229 Junonis
839 4164 988 4249 expressit
1017 4187 1159 4229 amorem.
1206 4162 1288 4227 Nam
1312 4184 1407 4246 quum
1430 4161 1515 4225 luno

535 4452 558 4514 1)
575 4452 637 4501 Nam
654 4468 682 4502 ex
699 4452 776 4502 insula
793 4453 871 4503 'l'hera
889 4458 1007 4503 venerunt
1024 4455 1134 4519 Cyrenen
1152 4452 1252 4503 incolae.

532 4549 557 4610 2)
576 4550 616 4615 Pp.
635 4550 680 4599 IX.
697 4549 821 4601 23-125.
