3767 5534
910 720 976 780 480

441 917 587 1001 phictyon
616 936 745 1000 regnum
777 914 907 980 Athenis
937 915 1089 983 habuerit.
1136 918 1195 984 Sed
1227 921 1287 988 fuit
1308 923 1390 989 illud
1414 924 1454 988 ad

439 1043 578 1120 tempus,
610 1041 646 1098 ut
676 1033 765 1099 docet
794 1033 980 1115 Pausanias,
1011 1034 1048 1101 L.
1076 1037 1093 1101 Ι
1116 1036 1151 1103 O.
1176 1038 1211 1103 ΙΙ
1235 1042 1273 1118 5,
1296 1048 1328 1105 at
1350 1042 1455 1128 potuit

439 1150 640 1216 Locrensium
661 1152 792 1217 retinere
815 1153 977 1237 imperium
1000 1154 1126 1240 filioque
1148 1157 1268 1222 tradere
1291 1158 1340 1223 vel
1362 1159 1453 1224 relin-

438 1293 540 1356 quere.
574 1270 678 1357 Ipsius
701 1269 898 1336 Deucalionis
921 1272 1080 1352 tumulus,
1104 1282 1141 1340 ut
1165 1274 1276 1341 Strabo
1298 1285 1450 1343 memorat

438 1388 475 1455 L.
499 1388 548 1454 IX
571 1413 602 1477 p.
627 1391 691 1454 425
716 1388 798 1454 Alm.
824 1391 906 1469 651,
931 1391 1063 1457 Athenis
1093 1393 1329 1473 ostendebatur,
1354 1418 1452 1481 quum

438 1509 573 1596 Pyrrhae
587 1508 726 1574 tumulus
742 1516 821 1574 esset
836 1508 915 1596 Oyni
929 1510 963 1574 in
977 1508 1126 1576 Locridar
1143 1534 1199 1577 nec
1210 1521 1313 1579 tamen
1326 1522 1452 1600 propter

439 1650 506 1693 eam
527 1650 591 1692 rem
614 1626 835 1697 Deucalionem
857 1626 895 1691 ad
920 1628 1157 1694 Atheniensium
1179 1630 1396 1717 potiusquam
1411 1631 1451 1696 ad

436 1745 635 1811 Locrensium
658 1745 874 1830 antiquitatem
896 1745 1048 1811 retuleris.

483 1866 534 1927 85.
570 1861 665 1941 Satis,
689 1862 748 1926 nisi
771 1862 877 1941 fallor,
897 1863 1005 1941 docui,
1022 1864 1177 1948 quomodo
1192 1864 1345 1930 Pindarus
1361 1866 1450 1952 origi-

436 2005 491 2047 nes
510 2003 615 2065 regum
632 1979 800 2044 Locrorum
816 1982 1045 2046 consecraverit.
1080 1981 1100 2045 J
1102 2004 1150 2046 am
1166 2004 1244 2067 quae
1260 1990 1446 2067 sequuntur,

437 2102 475 2166 de
498 2099 624 2186 Opunte
647 2098 763 2163 adscito
785 2097 877 2163 Locri
899 2097 981 2177 filio,
1006 2122 1042 2164 eo
1064 2122 1127 2164 nou
1149 2100 1322 2185 pertinent,
1338 2099 1394 2165 sod
1409 2100 1447 2165 ad

436 2218 624 2284 laudandum
650 2217 789 2281 divinum
812 2216 992 2281 beneficium
1008 2218 1040 2282 in
1057 2218 1184 2303 stirpem
1198 2217 1285 2282 illam
1301 2217 1447 2283 collatum

437 2344 469 2402 et
484 2336 523 2401 ad
538 2334 750 2401 celebrandam
765 2334 858 2399 unius
874 2356 910 2397 ex
923 2356 959 2397 ea
970 2334 1130 2398 clarissimi
1141 2334 1241 2399 herois
1253 2336 1445 2401 memoriamz

437 2454 550 2540 quippe
573 2475 669 2538 quum
692 2451 810 2516 Locrus
833 2451 987 2516 videretur
1010 2452 1075 2518 sine
1098 2453 1243 2538 progenie
1263 2454 1445 2533 moriturus,

436 2572 509 2638 huic
531 2594 550 2635 a
571 2570 647 2636 Jove
671 2570 819 2634 donatum
842 2591 907 2634 esse
930 2570 1046 2648 filium,
1072 2593 1202 2655 eumque
1224 2571 1444 2656 praestantissi-

434 2714 521 2757 mum
543 2691 705 2756 exstitisse.
750 2688 827 2753 Rem
850 2690 946 2773 igitur
967 2712 1079 2754 novam
1102 2712 1200 2774 quum
1223 2690 1376 2768 ordiatur,
1400 2711 1447 2754 oo·

435 2809 541 2897 pulam
564 2830 627 2873 non
651 2807 800 2872 adhibuit.
839 2807 909 2889 Πρὶν
932 2808 1094 2892 antiquum
1117 2814 1239 2893 tempus
1262 2815 1352 2872 notat
1375 2829 1444 2871 cum

435 2927 602 3015 posteriore
633 2933 858 3011 comparatum:
890 2947 962 2989 narn
992 2924 1244 3011 praecedentibus
1268 2924 1444 3009 complexus

434 3046 494 3110 fuit
515 3044 612 3109 Poeta
634 3066 755 3109 omnem
776 3065 883 3127 regum
907 3043 1031 3107 seriem:
1055 3043 1150 3127 igitur
1170 3064 1248 3127 quae
1264 3049 1445 3107 narraturus

436 3170 497 3243 eet,
522 3186 557 3228 ea
580 3162 619 3227 ad
641 3162 735 3247 hujus
758 3161 847 3226 seriei
869 3160 1085 3244 antiquitatem
1108 3160 1260 3246 pertinere
1283 3160 1445 3246 significat.

482 3262 534 3346 86.
570 3280 705 3360 adparat
727 3276 895 3351 Ὀπόεντος.
931 3278 1034 3364 Hujus
1058 3277 1195 3364 Opuntia
1214 3301 1313 3363 genus
1329 3279 1447 3363 ignora·

433 3423 518 3466 mus:
536 3397 691 3485 Opuntem
707 3396 818 3463 Dleum
833 3401 982 3462 memorat
997 3396 1161 3460 scholiasta
1178 3396 1217 3461 ad
1228 3395 1333 3483 Apoll.
1346 3395 1444 3461 Rhod.

434 3517 471 3582 L.
495 3515 513 3581 I
537 3518 597 3595 69,
621 3514 721 3579 Elidis
743 3537 847 3600 regem
870 3513 1005 3600 appellat
1027 3512 1191 3578 scholiasta
1214 3511 1253 3576 ad
1276 3512 1361 3578 hunc
1375 3512 1443 3578 Pin·

435 3637 502 3703 dari
523 3636 637 3701 locum.
684 3633 725 3698 Dt
747 3656 784 3698 ex
808 3634 875 3719 ipso
899 3632 1024 3717 quidem
1047 3631 1181 3697 Pindaro
1205 3631 1278 3695 satis
1301 3637 1440 3717 apparet,

435 3777 538 3841 regem
560 3753 713 3840 Epeomm
737 3752 911 3839 significari.
954 3748 1076 3815 Nomen
1101 3751 1166 3836 ejus
1188 3748 1270 3813 filiae
1292 3746 1440 3813 Pindarus

436 3873 523 3937 silet:
554 3872 649 3936 fnisse
679 3892 745 3935 eam
770 3869 884 3955 pariter
907 3890 942 3933 ac
965 3844 1162 3932 Deucalionis
1185 3866 1280 3931 filiam
1303 3864 1442 3950 Protoge-

434 3990 517 4055 niam
552 3987 737 4075 appellatam
773 3985 932 4051 contendit
964 3983 1158 4049 Boeolrhius:
1194 3989 1225 4047 et
1258 3983 1292 4048 in
1323 3981 1441 4048 scholiis

435 4108 560 4192 quidem
583 4105 737 4171 veteribus
761 4103 800 4169 ad
823 4103 855 4169 h.
878 4103 901 4168 l.
925 4102 1039 4167 dicitur
1061 4101 1213 4166 Pindarus
1235 4100 1287 4165 hic
1302 4099 1443 4185 Protoge-

432 4228 516 4291 niam
544 4223 698 4311 appellare
720 4222 815 4286 filiam
838 4220 974 4306 Opuntia
999 4241 1186 4303 eam,=quae
1209 4218 1381 4283 secuudum
1401 4238 1439 4283 re

431 4344 534 4431 liquos
556 4341 754 4407 Deucalionis
776 4339 901 4404 fumset:
926 4346 1019 4424 atque
1042 4338 1075 4402 in
1099 4336 1215 4401 scholio
1239 4344 1341 4401 vetere
1358 4334 1395 4399 ad
1411 4356 1440 4399 rs

434 4467 478 4532 64
511 4462 626 4528 dicitur
657 4458 843 4544 Protogenia
877 4455 1047 4523 secundum
1079 4453 1228 4541 quosdam
1257 4453 1355 4519 fuisse
1382 4453 1440 4519 filia
