3767 5534
937 760 981 822 Sl

453 961 510 1025 hac
533 984 604 1026 vero
627 962 741 1027 virtute
764 965 918 1048 proiectus¹
939 965 1095 1050 Theognis
1115 965 1149 1029 iu
1164 965 1368 1029 amicitiarum
1384 986 1466 1029 oom-

452 1080 646 1145 mendatione
677 1093 800 1167 apertus
831 1093 877 1146 est
909 1094 939 1147 et
970 1084 1104 1147 Pindaro
1130 1084 1248 1149 similis
1293 1084 1467 1169 Descripsit

451 1202 561 1266 acriter
592 1224 785 1267 communem
816 1203 1006 1268 fallaciarum
1036 1204 1190 1282 illuviem,
1213 1227 1276 1290 qua
1298 1226 1360 1269 non
1383 1206 1467 1289 tingi

354 1389 357 1395 ,
451 1322 490 1384 sit
514 1320 654 1385 difficile:
670 1324 694 1406 Ι)
717 1324 783 1408 ipse
808 1346 877 1386 vero
901 1325 1066 1410 praecipit:
1089 1333 1167 1402 „ant
1189 1348 1256 1388 ama
1271 1335 1365 1388 meet
1380 1348 1467 1389 men·

449 1451 510 1506 tem
542 1442 637 1506 indue
660 1466 786 1527 puram,
810 1455 864 1507 aut
887 1445 977 1529 rejice
1000 1444 1089 1521 odio,
1114 1445 1215 1531 palam
1238 1459 1381 1530 suscepta
1403 1446 1466 1509 dis-

449 1560 569 1624 cordia:
602 1563 655 1646 qui
689 1585 759 1626 vero
791 1585 853 1626 nna
883 1562 989 1648 lingua
1018 1564 1173 1649 duplicem
1195 1575 1328 1629 mentem
1351 1564 1464 1642 habet,

447 1680 498 1744 hie
521 1680 640 1765 ignavis
664 1680 777 1745 sodalis
799 1689 862 1759 est,
887 1681 969 1746 hone
984 1683 1089 1747 malim
1105 1684 1263 1748 inimicum
1279 1706 1372 1768 quam
1389 1685 1465 1748 ami-

447 1822 515 1864 cum
548 1799 690 1865 habere.”
704 1800 730 1886 2)
776 1799 871 1865 Plane
899 1800 973 1865 haec
996 1811 1135 1887 spectant
1157 1802 1280 1880 eodem,
1303 1825 1368 1887 quo
1390 1802 1464 1867 Piu-

446 1919 539 1984 darns
558 1920 697 2006 justitiae
716 1917 876 2005 praecepta
890 1920 1016 1998 retulit,
1033 1929 1139 2006 peetus
1155 1929 1293 2007 apertum
1309 1928 1341 1985 et
1356 1943 1462 1986 veram

445 2041 612 2105 orationem
636 2063 701 2104 esse
720 2040 881 2126 phenet)
915 2039 957 2103 Et
979 2063 1050 2105 vero
1066 2040 1220 2126 Theognis
1235 2041 1335 2106 multa
1350 2064 1462 2127 passus

443 2170 507 2238 est,
532 2183 548 2224 e
572 2159 684 2244 quibus
708 2158 893 2224 calumniam
917 2167 948 2223 et
971 2160 1106 2227 fallacias
1128 2161 1229 2225 odisse
1251 2160 1414 2225 didicerat.

488 2278 603 2344 Verum
628 2279 687 2368 hoc
708 2280 809 2364 ipsum
833 2278 932 2344 multa
955 2280 1037 2365 pati,
1065 2280 1184 2359 videre,
1208 2280 1341 2359 discere,
1365 2281 1461 2365 quale

442 2399 481 2462 sit
512 2408 542 2461 et
570 2420 632 2483 qno
664 2397 776 2475 valeat,
806 2397 972 2462 videamus.
1020 2398 1161 2463 Habetnr
1184 2400 1264 2463 enim
1287 2398 1458 2464 multarum

440 2541 541 2582 rerum
558 2518 746 2603 experientia
759 2539 977 2603 saepenumero
994 2520 1110 2604 optima
1125 2519 1274 2605 quaedam
1287 2520 1458 2604 sapientiae

441 2638 596 2723 magistra.
643 2636 685 2701 nt
707 2637 841 2702 multum
864 2637 1000 2721 profecto
1024 2660 1059 2702 ea
1083 2638 1163 2703 valet
1186 2638 1225 2702 ad
1241 2638 1455 2723 prudentiam,

443 2766 494 2836 ut,
519 2781 615 2844 ‹puum
642 2757 769 2835 videris,
795 2757 870 2842 quid
894 2758 958 2822 lieri
975 2759 1084 2837 soleat,
1103 2767 1244 2823 eventum
1264 2781 1365 2822 rernm
1383 2770 1456 2824 ante

440 2880 623 2965 prospicias,
649 2901 666 2942 a
690 2877 867 2964 periculosis
891 2901 1014 2957 caveas,
1031 2880 1147 2943 tutiora
1162 2878 1289 2944 consilia
1305 2880 1455 2965 sequaris.

442 2999 479 3062 llt
502 3021 572 3062 vero
597 3020 687 3083 quam
713 2998 862 3083 plurimae
886 3021 922 3062 ex
947 3020 982 3062 eo
1005 2998 1088 3063 fonte
1112 2999 1264 3084 profectae
1280 3009 1353 3063 sunt
1370 3022 1456 3083 prae·

437 3118 535 3182 (clarae
567 3117 744 3182 sententiae.
785 3116 880 3181 Velut
903 3118 1136 3203 temperantiam
1161 3118 1279 3203 egregie
1302 3140 1455 3183 commen·

437 3236 521 3302 davit
536 3236 707 3322 Theognis:
725 3236 920 3322 „superbiam
931 3235 963 3316 ,’'
979 3238 1038 3316 ait,
1063 3236 1170 3316 „Dens
1186 3238 1320 3322 primum
1335 3237 1454 3301 malum

437 3355 551 3421 lromini
583 3354 684 3434 dedit,
714 3378 804 3443 quem
827 3377 889 3420 non
913 3354 1082 3420 dilecturus
1110 3355 1219 3441 sit.''4)
1265 3355 1321 3420 Et:
1346 3357 1453 3441 „parit

435 3476 531 3540 fastus
563 3475 767 3561 superbiam.”
781 3479 806 3559 ὓ)
847 3478 891 3541 Ac
915 3476 1033 3541 denno:
1059 3499 1120 3555 „ne
1144 3499 1280 3562 unquam
1303 3498 1452 3561 maguum

433 3596 586 3682 loquaris:
615 3618 704 3660 tiemo
727 3596 806 3661 enim
831 3597 917 3662 novit
941 3596 1118 3674 hominum,
1144 3596 1219 3681 qnid
1242 3618 1302 3660 nox
1327 3605 1357 3660 et
1380 3596 1449 3661 dies

434 3715 497 3780 viro
523 3713 689 3801 perficiat.’'
702 3716 729 3800 θ)
765 3714 806 3780 Et
829 3727 931 3780 tamen
955 3716 1103 3801 processit
1125 3715 1265 3800 longius,
1290 3722 1321 3779 et
1344 3737 1452 3800 quam-

431 3836 476 3900 vis
500 3834 615 3921 optima
638 3834 748 3899 lrabeat
772 3834 810 3899 de
832 3835 968 3900 moribus
992 3842 1169 3921 praecepta,
1188 3857 1266 3920 quae
1281 3812 1365 3899 nilne
1379 3857 1448 3920 per·

431 3954 517 4041 sellai
544 3976 604 4018 non
629 3953 790 4019 aurisilium
815 3962 878 4033 est,
903 3963 1005 4019 tamen
1030 3954 1184 4020 delabitur
1207 3955 1299 4019 etiam
1323 3953 1360 4017 ad
1382 3976 1450 4018 sen·

432 4074 558 4138 rutiliani
583 4072 763 4138 (lutetiorum
787 4074 1013 4159 quodammodo
1037 4081 1068 4137 et
1090 4074 1127 4138 ab
1144 4072 1243 4137 officio
1259 4081 1447 4137 avertentem

431 4204 461 4257 ut.
484 4192 674 4258 ulwrrnutorn
699 4215 716 4257 a
740 4215 818 4257 νοτο.
867 4191 948 4258 Nam
972 4192 1082 4257 summi
1105 4190 1191 4255 Jovis
1209 4191 1379 4276 suspiciens
1391 4191 1448 4255 im·

467 4481 489 4538 l)
509 4481 621 4540 ra-ae,
638 4479 670 4534 ta
687 4485 711 4531 at
728 4480 832 4546 uepiua.
913 4483 938 4542 a)
957 4483 996 4530 aa.
1079 4481 1104 4538 8)
1122 4478 1192 4528 Conl.
1206 4495 1262 4543 pq.
1280 4479 1320 4528 54.

462 4578 563 4638 airas.
647 4578 746 4636 nisa.
829 4577 929 4638 nior.
