3767 5534
932 719 972 777 14

436 916 510 979 nisti
533 919 646 1001 conjux
669 917 753 980 huuc
776 918 808 980 in
832 917 963 994 saltum,
988 941 1023 981 ac
1047 918 1198 982 ducturus
1223 920 1290 983 eaui
1313 942 1344 983 es
1368 928 1456 983 trans

435 1056 518 1098 marc
548 1034 588 1099 ad
617 1034 704 1097 Jovis
726 1035 851 1098 hortum
874 1034 1032 1099 selectum.
1078 1036 1128 1100 Ibi
1151 1060 1218 1101 eam
1242 1038 1334 1102 lacios
1357 1038 1455 1102 domi·

435 1176 506 1218 uam
536 1153 639 1231 urbis,
671 1161 855 1238 congregato
885 1176 938 1255 ex.
953 1154 1055 1218 insula
1086 1157 1202 1240 populo
1232 1166 1389 1221 terrenum
1421 1157 1454 1221 in

436 1273 607 1337 tumulum:
625 1276 647 1356 ¹)
677 1294 761 1336 nunc
791 1295 863 1335 vero
894 1272 965 1335 latis
997 1275 1092 1357 pratis
1118 1283 1253 1359 augusta
1275 1275 1374 1359 Libya
1395 1278 1455 1340 tibi

434 1392 598 1476 gloriosam
632 1414 776 1477 sponsam
807 1392 947 1476 excipiet.
1002 1391 1052 1457 Ibi
1083 1393 1182 1457 filium
1214 1395 1327 1479 pariet,
1360 1416 1453 1477 quem

435 1512 588 1595 gloriosus
619 1511 792 1576 Mercurius
821 1511 1000 1575 venerandis
1031 1511 1125 1575 Horis
1148 1536 1183 1575 ac
1206 1513 1317 1577 Terrae
1340 1512 1453 1576 tollens

435 1653 454 1693 a
477 1639 572 1695 matre
595 1630 696 1694 ducet.
732 1629 799 1693 Hae
825 1631 858 1694 in
881 1630 1012 1715 genibus
1035 1631 1184 1695 infantem
1207 1631 1267 1695 sibi
1289 1639 1406 1715 ponent
1422 1640 1453 1693 et

435 1758 540 1814 nectar
573 1750 662 1814 labiis
692 1749 856 1813 infundent
887 1759 918 1813 et
949 1749 1149 1828 ambrosiam,
1182 1751 1355 1834 facientque
1380 1773 1452 1814 eum

435 1869 656 1946 immortalem,
687 1869 795 1932 Jovem
826 1878 857 1931 et
888 1877 1029 1932 sanctum
1053 1869 1248 1953 Apollinem,
1273 1868 1452 1933 hominibus

435 1989 514 2052 caris
544 1988 790 2072 praesentissima
813 1986 942 2071 gaudia,
976 1988 1112 2071 Agreum
1136 1996 1167 2050 et
1190 1986 1358 2065 Nomium,
1383 1988 1452 2051 aliis

434 2129 505 2170 vero
536 2107 711 2171 Aristaeum
738 2105 919 2169 vocandum.
961 2104 1011 2168 sic
1031 2106 1153 2170 locutus
1173 2106 1303 2170 adduxit
1324 2130 1392 2170 eum
1415 2117 1452 2169 ut

434 2225 535 2290 dulcis
558 2225 705 2290 connubii
727 2226 819 2289 finem
842 2225 1009 2309 perficeret.

680 2349 767 2410 ὠκεῖα
793 2344 817 2408 δ’
844 2346 1036 2423 ἐπειγομένων
1063 2345 1114 2420 ἤδη
1137 2346 1204 2409 θεῶν

680 2463 785 2545 πρᾶξις
808 2464 864 2529 tta!
885 2489 919 2529 τε
941 2464 1097 2544 βραχεῖαι·

680 2592 754 2648 κεῖνο
776 2587 845 2648 κεῖν’
867 2579 952 2665 ἆμαρ
975 2584 1134 2650 διαίτασεν.

437 2704 545 2769 mara
555 2704 777 2786 properantium
783 2705 851 2786 jam
867 2706 997 2767 Deorum
1012 2704 1089 2767 actio
1104 2704 1224 2788 viaeque
1240 2704 1345 2766 bream
1369 2702 1456 2766 [laad

433 2823 485 2886 ila
507 2823 569 2886 dica
591 2822 731 2907 perfecit.
778 2821 817 2885 In
844 2844 936 2885 aureo
961 2822 1059 2886 coiere
1081 2820 1196 2906 Libyae
1218 2796 1370 2885 thalamo:
1396 2820 1451 2883 ubi

433 2941 647 3026 pulcerrimam
667 2939 774 3005 urbem
793 2947 899 3004 tuetur
919 2946 951 3004 et
970 2940 1189 3012 certaminibus
1207 2938 1417 3024 gloriosaml)

478 3058 667 3144 Hujusmodi
689 3057 816 3122 Pindari
839 3057 975 3121 narratio
999 3066 1054 3122 est.
1091 3057 1192 3122 Deum
1216 3065 1319 3121 autem
1338 3056 1450 3121 amoris

432 3178 517 3244 dulci
540 3177 684 3263 cupidine
708 3177 876 3242 abductum
896 3200 962 3241 esse
979 3176 1074 3242 Chiro
1097 3178 1249 3262 significat
1268 3184 1304 3240 ut
1322 3176 1450 3240 humani

432 3296 508 3381 quid
532 3303 687 3382 pateretur
709 3297 875 3380 fictumque
899 3320 1069 3361 sermonem
1089 3298 1236 3382 jactaret,
1261 3296 1315 3359 sed
1331 3297 1376 3359 ita
1391 3296 1450 3380 sig·

432 3416 551 3494 nificat,
588 3423 623 3479 ut
657 3438 692 3480 eo
721 3416 789 3502 ipso
813 3415 879 3479 loco
902 3415 1004 3481 Deum
1030 3423 1169 3481 vereatur
1193 3438 1293 3501 neque
1315 3414 1449 3479 hominis

431 3536 528 3600 instar
548 3534 676 3621 judicet.
712 3534 838 3615 Quanta
861 3557 932 3599 vero
957 3522 1091 3619 dignitas
1114 3535 1147 3599 in
1168 3534 1312 3599 scientiae
1331 3534 1449 3620 Apolli-

431 3654 479 3719 nis
498 3653 742 3739 praedicatione?
777 3653 903 3734 Quanta
923 3654 1051 3739 virginis
1071 3653 1240 3718 fortitudo?
1257 3653 1316 3718 Sed
1333 3661 1449 3739 quauta

431 3773 566 3859 dignitas
601 3782 632 3838 et
666 3774 856 3858 singularum
888 3776 1023 3860 partium
1054 3782 1084 3839 et
1114 3774 1297 3838 narrationis
1329 3773 1448 3837 totius?

431 3890 566 3957 Omnino
596 3893 694 3956 totius
717 3915 814 3957 unum
839 3894 1035 3978 antiquitatis
1059 3893 1161 3958 locum
1185 3916 1255 3957 cum
1279 3892 1337 3956 hac
1360 3899 1447 3956 tauta

432 4011 620 4096 praestantia
642 4012 883 4097 comparandum
911 4013 1068 4091 existimo,
1094 4035 1181 4090 eum,
1207 4034 1268 4095 quo
1293 4010 1446 4075 Homerus

430 4125 517 4192 Jovis
546 4138 577 4193 et
606 4129 739 4193 Junonis
771 4131 919 4215 expressit
949 4153 1091 4195 amorem.
1137 4128 1219 4193 Nam
1243 4151 1339 4212 quum
1361 4128 1446 4192 Juno

466 4419 490 4481 1)
506 4418 569 4469 Nam
585 4435 613 4469 ar
630 4420 708 4469 imula
724 4421 803 4471 Thera
821 4425 938 4470 venerunt
956 4421 1066 4485 Cyrenen
1083 4419 1183 4469 incolae.

464 4516 489 4578 2)
508 4517 548 4583 Py.
566 4517 611 4567 IX.
629 4517 753 4569 23-125.
