3767 5534
874 702 911 762 ll

378 909 492 972 lectam
516 905 553 971 de
576 905 644 968 Diis
669 903 903 984 absolutamque
927 901 1119 964 sententiam.
1147 899 1396 976 MeminerimuS,

378 1049 438 1091 nos
468 1026 592 1091 nonde
616 1023 735 1109 placitis
760 1021 953 1107 philosophi,
978 1020 1031 1084 sed
1055 1020 1092 1083 de
1116 1026 1223 1104 poetae
1247 1018 1398 1103 sapientia

378 1145 522 1210 scribere.
569 1144 658 1225 Quae
681 1142 804 1227 quidem
830 1142 979 1226 sapientia
1003 1141 1034 1204 in
1059 1140 1141 1205 omni
1166 1161 1289 1223 quoque
1313 1146 1398 1202 vetu-

380 1272 500 1328 starum
529 1263 703 1328 fabularum
734 1260 946 1345 cognoscenda
976 1267 1007 1323 et
1036 1257 1217 1323 celebranda
1240 1256 1400 1322 constabat

380 1381 517 1445 materie.
545 1379 648 1461 Quam
664 1380 706 1457 si,
725 1379 835 1464 partim
852 1376 1059 1453 emendando,
1078 1376 1189 1461 partim
1206 1375 1338 1452 silendo,
1356 1376 1401 1439 ita

380 1500 539 1579 tractavit,
577 1507 612 1563 ut
643 1498 711 1563 Diis
734 1499 853 1583 plaeere
878 1497 1048 1574 studuerit,
1073 1496 1209 1581 profecto
1233 1493 1399 1579 sapientiae

382 1618 571 1703 principium
585 1618 618 1682 in
634 1626 720 1681 metu
736 1616 872 1680 Deorum
889 1637 1001 1700 ponere
1017 1614 1151 1678 voluisse
1169 1611 1325 1699 putandus
1343 1620 1398 1675 est.

857 1856 874 1939 q
897 1856 926 1917 2.

707 2095 754 2157 De
777 2094 905 2156 Deorum
929 2090 1082 2154 amentur.

430 2330 591 2409 Vidimus,
623 2331 705 2394 Deos
737 2330 818 2414 apud
848 2329 1018 2394 Pindarum
1042 2352 1105 2393 non
1126 2329 1237 2414 jurgiis
1261 2327 1401 2410 odiisque

381 2450 562 2515 homiuibus
586 2473 649 2515 esse
666 2449 790 2513 similes.
825 2448 913 2513 Idem
929 2472 1000 2513 vero
1017 2471 1133 2513 amores
1151 2471 1256 2513 eorum
1273 2447 1401 2524 cecinit,

382 2576 420 2631 nt
444 2570 501 2633 hac
524 2570 555 2633 in
578 2592 611 2633 re
632 2591 695 2633 non
719 2591 737 2632 a
760 2577 872 2632 natura
894 2568 1030 2632 humana
1050 2568 1143 2632 alieni
1160 2590 1225 2632 esse
1240 2567 1402 2631 videantur

381 2698 415 2753 et
439 2689 614 2754 mortalium
639 2689 730 2752 etiam
754 2710 871 2752 amores
895 2695 1052 2773 appetant.
1088 2687 1324 2752 Memoravimus
1338 2688 1401 2771 jam

382 2807 568 2893 Neptunum
596 2808 720 2894 Pelopis
744 2829 846 2872 amore
870 2817 1004 2893 captum.
1053 2810 1158 2892 Atque
1183 2808 1275 2871 etiam
1297 2816 1403 2892 postea

381 2926 496 3011 Pelops
520 2927 630 2991 amoris
654 2928 704 2991 sui
726 2928 856 3013 gratiam
880 2935 910 2991 et
934 2928 1085 3010 quaesivit
1109 2950 1127 2990 a
1149 2926 1216 2990 Deo
1241 2934 1271 2990 et
1293 2933 1402 2990 nactus

383 3051 441 3109 est.
488 3042 570 3109 Nam
594 3068 690 3129 quum
714 3045 953 3132 Hippodamiam
979 3068 1107 3110 uxorem
1130 3046 1241 3110 ducere
1260 3051 1402 3130 cuperet,

382 3186 512 3248 eamque
535 3164 594 3228 nisi
618 3171 704 3250 patre
728 3167 793 3251 ejus
818 3164 976 3229 Oenomao
1001 3166 1082 3230 victo
1107 3165 1165 3230 sibi
1181 3188 1325 3250 quaerere
1342 3187 1404 3229 non

382 3292 506 3370 posset,
531 3284 614 3348 solus
638 3284 677 3348 ad
700 3308 782 3349 mare
806 3286 982 3349 caeruleum
1007 3295 1100 3350 noctu
1125 3286 1252 3350 accessit
1275 3292 1305 3349 et
1320 3283 1405 3369 Nep-

381 3411 497 3467 tunum
520 3404 654 3468 vocavit:
680 3404 730 3468 hio
758 3427 828 3469 mox
852 3406 880 3470 ei
895 3406 1055 3492 apparuit:
1073 3406 1124 3470 cui
1139 3405 1208 3469 ille:
1234 3404 1401 3483 „amabilia

384 3522 469 3587 dona
498 3522 655 3608 Cypridis,
689 3547 761 3610 age,
794 3526 820 3588 si
851 3547 929 3609 qua,
963 3524 1127 3610 Neptune,
1153 3524 1288 3609 gratiosa
1311 3529 1401 3600 sunt,

386 3642 503 3706 vincito
526 3642 644 3727 hastam
668 3642 818 3708 Oenomai
841 3666 982 3722 aeneam,
1007 3667 1056 3708 me
1077 3666 1147 3707 vero
1164 3643 1329 3707 celerrimis
1345 3642 1406 3706 due

388 3761 529 3826 curribus
560 3762 594 3825 in
620 3762 741 3826 Elidem
765 3770 796 3826 et
820 3762 921 3826 adduc
945 3762 984 3826 ad
1007 3763 1176 3826 victoriam.
1223 3761 1408 3846 113000111-

387 3902 460 3943 men
483 3880 609 3945 subibo:
634 3889 670 3945 tu
694 3904 764 3946 vero
787 3881 906 3946 felicem
930 3904 1106 3947 successum
1129 3881 1200 3945 da.”
1235 3880 1285 3944 sic
1310 3880 1406 3958 dixit,

387 4021 489 4083 neque
512 3998 629 4064 irritam
653 4001 821 4064 orationem
845 4023 1006 4085 aggressus
1030 4008 1085 4064 est.
1133 4000 1229 4063 Illum
1253 4000 1406 4063 honorans

388 4118 476 4181 Deus
507 4118 592 4183 dedit
616 4119 643 4182 ei
667 4141 790 4184 currum
815 4142 942 4183 aureum
968 4128 998 4183 et
1020 4119 1188 4183 indefessos
1213 4118 1270 4182 alis
1294 4140 1406 4202 equos,

388 4238 471 4323 cepit
494 4236 684 4302 Oenomaum
709 4239 819 4302 fortem
843 4239 1055 4323 virginemque
1078 4239 1250 4323 conjugem.
1267 4239 1289 4322 1)
1320 4237 1406 4302 Η100

424 4498 450 4557 l)
469 4497 506 4548 02.
524 4498 547 4545 I.
566 4497 705 4547 lta-143.
