3767 5534
731 904 946 980 deiudicatus
970 904 1073 968 ἀδίκων
1096 904 1174 984 ἔχειν
1198 902 1312 983 ψυχάν.

518 1036 558 1099 Et
590 1057 658 1098 vero
689 1037 723 1102 in
749 1037 887 1121 justitiae
918 1037 1147 1120 multarumque
1180 1037 1327 1099 virtutum
1350 1034 1528 1098 laudatione

517 1167 671 1244 Pindarus
695 1177 726 1231 et
741 1168 831 1231 Plato
848 1178 878 1232 ot
894 1170 985 1233 multi
1001 1171 1162 1254 scriptores
1179 1169 1385 1233 consentiunt.
1410 1167 1526 1231 Verum

412 1369 416 1374 .
517 1298 549 1361 in
584 1321 696 1382 magna
721 1301 936 1377 consensione,
961 1301 993 1363 in
1018 1322 1079 1384 qua
1102 1300 1299 1364 dissensionis
1324 1298 1453 1382 vestigia
1477 1296 1526 1359 vix

517 1432 725 1514 reperiantur,
769 1439 870 1507 tamen
911 1432 971 1495 alia
1005 1431 1043 1495 ab
1079 1432 1139 1495 alio
1174 1431 1325 1495 sententia
1359 1429 1527 1515 impensius

518 1562 757 1627 commendatur.
805 1563 845 1627 Et
880 1564 911 1628 in
944 1564 1078 1628 caritatis
1110 1563 1234 1647 quidem
1266 1562 1530 1627 commendatione

519 1692 594 1777 quid
617 1700 806 1777 potestesse
830 1694 1044 1779 praestabilius
1068 1694 1224 1758 Pindaro?
1248 1694 1302 1778 qui
1325 1693 1431 1757 laudes
1453 1714 1530 1755 mor·

519 1824 627 1887 talium
651 1847 713 1888 non
737 1836 834 1898 terrae
857 1826 1012 1910 hujusque
1036 1826 1116 1889 vitae
1132 1826 1269 1889 terminis
1285 1824 1437 1889 contineri
1453 1800 1534 1887 nunss

520 1956 661 2032 oiaverit,
693 1977 797 2020 verum
822 1956 967 2020 laudibus
991 1957 1028 2019 iis
1053 1957 1143 2020 etiam
1168 1957 1236 2021 illas
1254 1944 1375 2021 'animas
1399 1955 1533 2041 gaudere

523 2098 554 2151 et
585 2089 718 2173 perfrui,
751 2111 829 2173 quae
860 2113 956 2174 quum
984 2091 1049 2176 jam
1077 2113 1114 2154 ex
1138 2091 1194 2154 hac
1217 2091 1281 2153 vita
1303 2089 1531 2165 discessissent,

520 2227 622 2284 tamen
653 2222 811 2288 caritatem
842 2245 968 2287 snorum
994 2246 1057 2287 non
1081 2207 1296 2287 deseruissent.
1342 2221 1436 2285 Nunc
1460 2243 1533 2284 sane

520 2376 577 2437 ego
606 2362 767 2438 provectus
791 2362 889 2419 aetate
912 2356 1009 2440 magis
1033 2355 1193 2439 intelligo,
1219 2362 1335 2439 quanto
1358 2353 1435 2416 mihi
1458 2353 1532 2416 haec

521 2488 698 2569 praesertim
727 2488 829 2552 studia
858 2489 968 2552 solatio
1000 2489 1132 2566 fuerint,
1164 2510 1279 2572 quum,
1304 2487 1336 2550 in
1360 2486 1427 2570 ipso
1451 2486 1530 2549 vitae

520 2619 594 2683 flore
628 2621 744 2704 optima
779 2631 810 2685 et
844 2623 1053 2686 amantissima
1087 2622 1216 2707 conjuge
1251 2619 1391 2695 orbatus,
1422 2640 1531 2703 cogna-

521 2757 622 2818 torum
658 2762 689 2818 et
720 2754 887 2819 multorum
916 2755 1081 2819 amicornm
1118 2754 1259 2820 eximiam
1295 2753 1452 2817 caritatem
1487 2772 1531 2813 re-

521 2890 690 2954 tinuissem.
717 2889 759 2953 Et
782 2912 859 2976 quae
882 2890 981 2973 prima
1003 2889 1041 2952 de
1057 2887 1190 2951 Pindaro
1206 2888 1237 2952 in
1255 2885 1413 2971 publicum
1430 2882 1528 2960 edidi,

522 3046 557 3087 ea
579 3023 647 3108 piae
669 3023 808 3108 conjugis
831 3023 992 3087 memoriae
1015 3021 1238 3085 consecrabam.
1264 3019 1379 3083 Verum
1395 3017 1528 3082 amicitia

523 3178 579 3219 sua
609 3157 656 3220 vel
687 3157 719 3220 in
751 3156 874 3242 primis,
906 3167 943 3219 ut
974 3156 1103 3232 novisti,
1136 3176 1183 3218 me
1213 3152 1396 3217 sustentavit
1417 3150 1528 3214 Petrus

522 3289 656 3353 Jacobus
679 3288 841 3366 Costerus,
866 3289 905 3352 de
927 3288 1025 3352 literis
1048 3288 1103 3352 ille
1126 3296 1157 3350 et
1179 3285 1291 3350 scholis
1311 3282 1529 3349 benemeritus

523 3422 667 3486 eximium
698 3421 731 3486 in
761 3422 896 3486 modum.
943 3420 1008 3501 Qui
1038 3420 1083 3484 ita
1111 3440 1160 3483 me
1191 3417 1319 3494 amavit,
1351 3429 1387 3479 ut
1417 3414 1529 3478 liberos

524 3578 613 3633 suos,
634 3556 697 3639 jam
721 3563 810 3618 antea
833 3555 949 3638 optima
973 3564 1069 3617 matre
1092 3551 1233 3628 orbatos,
1250 3554 1432 3613 testamento
1449 3567 1533 3610 meae

524 3687 639 3751 tutelae
673 3686 865 3750 commiserit.
912 3688 1016 3769 Atque
1051 3684 1105 3747 illo
1139 3692 1209 3746 ante
1241 3681 1296 3744 hos
1320 3690 1380 3743 tres
1404 3677 1534 3762 amplius

525 3842 620 3883 annos
659 3827 798 3897 mortuo,
838 3842 874 3883 ea
911 3819 1015 3883 statim
1046 3817 1143 3881 tutela
1174 3814 1211 3879 ab
1245 3812 1443 3896 adoptatione
1473 3832 1535 3873 non

526 3951 645 4016 differre
677 3953 740 4015 visa
768 3960 824 4015 est.
870 3951 987 4014 Verum
1010 3948 1142 4025 novisti,
1167 3952 1282 4031 quanto
1305 3944 1392 4008 luctu
1416 3942 1535 4007 conflio-

526 4092 609 4149 tatus
639 4085 697 4149 sim
721 4085 778 4148 hoo
807 4085 873 4169 ipso
897 4093 1051 4167 tempore,
1074 4103 1172 4165 quum
1193 4079 1313 4164 jamin
1338 4076 1429 4160 hujus
1453 4073 1537 4137 volu·

526 4217 618 4281 minis
641 4216 775 4280 editione
797 4215 933 4280 curanda
956 4223 1124 4298 occupatus
1149 4234 1240 4277 eram.
1286 4209 1363 4272 Eras
1386 4206 1468 4292 apud
1489 4229 1537 4269 me

527 4371 598 4414 cum
628 4369 721 4413 uxore
752 4358 806 4412 tua
834 4349 907 4412 anni
930 4346 1060 4432 proximi
1083 4352 1215 4409 aestate:
1240 4339 1439 4405 delectabaris
1462 4339 1537 4402 meis

528 4482 679 4566 adoptatis
703 4481 766 4545 filio
789 4492 820 4545 et
842 4480 982 4543 filiabus:
1000 4478 1123 4542 videbas
1140 4477 1300 4541 maximam
1317 4480 1393 4536 natu
1409 4472 1535 4547 harum,
