3767 5534
916 710 981 771 269

485 918 540 981 80.
574 914 715 982 δεύτατα.
762 913 853 979 Varie
885 913 943 977 boo
975 913 1226 998 interpretantur.
1273 910 1368 990 Sunt,
1400 911 1455 997 qui

437 1036 567 1101 ultimas
590 1042 691 1123 partes
715 1035 879 1123 significari
903 1034 948 1098 ita
970 1032 1113 1111 credant,
1139 1040 1174 1097 ut
1197 1033 1320 1119 Pelopis
1344 1055 1454 1119 corpus

436 1178 476 1220 ne
514 1154 624 1221 ultima
654 1154 777 1240 quidem
807 1161 861 1219 aut
890 1154 1017 1218 minima
1047 1159 1133 1239 parte
1163 1151 1270 1218 relicta
1299 1175 1454 1217 comesum

435 1298 506 1341 esse
539 1297 637 1339 sermo
664 1274 767 1339 fuerit.
813 1272 907 1354 Quod
931 1272 1007 1337 mihi
1030 1294 1093 1338 non
1116 1272 1190 1336 satis
1214 1272 1330 1358 placet,
1355 1295 1455 1356 neque

435 1418 473 1459 ea
507 1394 729 1480 significatione
753 1394 901 1459 articulus
925 1393 1034 1459 saltem
1057 1393 1180 1458 videtur
1203 1393 1315 1457 omitti.
1362 1392 1454 1457 Athe·

434 1535 536 1578 naeus
567 1512 605 1578 de
631 1512 774 1578 secundis
797 1513 910 1577 mensis
934 1511 1053 1577 dictum
1077 1520 1184 1598 putat:
1208 1510 1235 1575 L
1259 1511 1337 1576 XIV
1361 1510 1386 1575 C
1410 1514 1452 1575 48

434 1656 466 1719 p.
501 1634 565 1696 641
596 1654 613 1697 ιι
639 1628 682 1698 ὅτι
705 1633 765 1713 γοὶρ
787 1628 862 1707 ἦσαν
883 1632 932 1697 καί
956 1632 1038 1713 παρα
1061 1639 1120 1703 τοῖς
1143 1632 1277 1713 ἀρχαίοις
1301 1633 1332 1695 αἱ
1356 1630 1452 1697 δειίτε-

431 1774 480 1833 ραι
506 1750 650 1833 τροίπεζαι
671 1758 840 1824 πολυτελῶς
862 1751 1129 1834 μεμεριμνημέναι,
1147 1754 1302 1831 παρίστησι
1315 1751 1451 1831 Πίνδαρος

432 1874 464 1937 ἕν
488 1870 747 1949 Ὀλυμπιονίκαις,
775 1871 906 1952 περὶτῆς
926 1871 1056 1944 Πέλοπος
1072 1872 1238 1954 κρεουργίας
1254 1871 1438 1950 διηγούμενος
1443 1921 1453 1950 ,

700 1989 883 2073 Τραπέζαισι
906 1991 930 2056 δ’
952 1991 1037 2073 οίμφί
1061 2016 1088 2057 κ.
1113 2015 1141 2058 τ.
1165 2004 1196 2056 λ.

432 2110 476 2175 In
501 2110 599 2174 forma
621 2109 765 2197 adjectivi
788 2110 918 2175 δεύτατα
940 2109 1019 2173 mihi
1042 2131 1103 2184 uon
1128 2108 1249 2173 videtur
1274 2131 1339 2173 esse
1362 2108 1454 2174 offen·

432 2230 503 2308 sio,
537 2251 632 2314 quum
662 2252 715 2294 eae
745 2252 883 2307 mensae,
919 2252 998 2314 quae
1029 2235 1130 2293 essent
1161 2228 1329 2307 secundae,
1362 2228 1453 2293 etiam

432 2357 543 2413 essent
572 2356 752 2435 postremae.
799 2350 944 2414 Δεύτατα
975 2353 1060 2428 κρεῶν
1091 2347 1170 2413 σέίεν
1201 2355 1273 2411 suut
1306 2370 1377 2433 ergo
1409 2371 1455 2411 se-

432 2466 559 2532 cundae
582 2467 706 2553 epulae,
733 2490 811 2553 quae
835 2490 851 2531 e
875 2466 1018 2531 carnibus
1041 2466 1103 2530 tuis
1127 2465 1319 2530 constabant.

488 2589 542 2651 81.
575 2590 662 2653 σέθεν.
709 2587 759 2651 Ol.
786 2586 867 2651 VIII
892 2589 932 2649 59
958 2587 1067 2651 παίδων
1091 2587 1179 2652 σε’ίεν.

487 2708 541 2770 81.
575 2704 751 2771 διεδοίσαντο.
788 2704 916 2769 Hosiod.
952 2704 1067 2790 Theog.
1097 2708 1161 2768 544
1185 2704 1223 2771 de
1247 2705 1361 2769 dolosis
1384 2705 1456 2768 Pro·

435 2826 558 2890 mathei
580 2824 679 2910 epulis

587 2940 737 3026 ὦπίπον,
761 2945 798 3014 ὣς
822 2941 992 3023 ἑτεροζήλως
1016 2942 1169 3009 διεδάσσαο
1192 2945 1304 3023 μοίρας.

489 3065 542 3127 82.
576 3061 689 3144 ίιπορον.
714 3062 828 3126 Similis
845 3062 938 3126 dictio
955 3063 1049 3127 etiam
1065 3062 1183 3149 plurale
1200 3063 1352 3140 admittit,
1370 3062 1455 3126 velut

433 3182 496 3267 Py.
521 3181 538 3245 I
562 3185 601 3248 67
626 3183 738 3248 ἐοικότα
747 3232 756 3260 ,
781 3182 835 3266 Py.
860 3181 895 3246 II
922 3185 984 3245 148
1008 3182 1151 3249 οίδιίνατα.

488 3304 542 3365 82.
575 3303 809 3381 γαστρίμαργον.
856 3300 979 3366 Crimen
1012 3302 1092 3366 enim
1124 3301 1284 3387 epularum
1316 3309 1454 3366 eruenta·

434 3442 512 3485 rum
535 3441 596 3484 nou
620 3419 657 3483 ad
681 3419 863 3497 Tantalum,
887 3420 1103 3504 ignorantibus
1128 3420 1213 3498 Diis,
1239 3420 1291 3485 sed
1316 3420 1353 3484 ad
1370 3421 1453 3507 ipsos

437 3561 566 3625 quoque
588 3538 670 3602 Deos
694 3538 881 3623 pertinebat:
907 3538 940 3602 bi
964 3539 1045 3602 enim
1067 3539 1179 3617 τοίμον,
1192 3539 1378 3615 διεδοίσαντο,
1391 3539 1453 3620 φοί-

436 3682 504 3739 γον.
528 3657 685 3744 Expressit
703 3658 828 3721 Piudari
845 3659 1028 3723 seutentiam
1048 3659 1139 3722 etiam
1156 3658 1334 3744 Euripides,
1351 3657 1453 3743 Iphig.

437 3776 477 3841 Τ.
503 3779 578 3841 386.

843 3898 901 3974 ἐγὼ
923 3898 977 3975 μὲν
999 3893 1046 3963 οὖν

648 4016 689 4081 τοὶ
711 4015 870 4081 Ταντοίλοσ
893 4015 992 4081 ίεοίσιν
1015 4015 1189 4093 ἑστιοίματα

610 4201 613 4206 ,
641 4134 758 4201 ίιπιστα
779 4137 878 4215 κρίνω,
902 4136 1005 4209 παιδὸς
1029 4137 1146 4211 ἡσθῆναι
1169 4135 1252 4219 βορᾷ.

488 4257 541 4319 84.
575 4256 733 4335 λέλογχεν.
781 4255 920 4339 Utroque
951 4256 1043 4320 modo
1073 4255 1132 4319 hoe
1158 4255 1284 4320 verbum
1308 4253 1459 4339 ponitur,

440 4380 478 4438 ut
508 4373 555 4437 vel
582 4374 694 4459 aliquis
721 4373 842 4437 dicatur
868 4381 979 4439 sortem
1002 4374 1188 4455 λαγχοίνειν,
1213 4373 1260 4437 vel
1282 4392 1348 4435 sors
1372 4394 1452 4435 eum.

441 4493 557 4557 Prioris
587 4493 706 4578 generis
738 4500 783 4556 est
813 4491 863 4557 Ol.
895 4493 940 4557 VI
973 4496 1013 4556 56
1037 4493 1120 4575 λιίχε
1145 4493 1173 4558 τ’
1197 4492 1328 4575 Ἀλφεὸν
1351 4494 1451 4568 οἰκεῖν,
