3767 5534
911 681 975 741 att

436 876 576 942 insideat.
625 877 765 959 Quorum
789 881 940 948 donorum
964 884 1123 969 inscriptio
1149 886 1186 951 ab
1211 888 1319 953 eodem
1340 912 1455 955 memo-

435 1004 520 1060 ratur
542 996 578 1061 L.
596 997 679 1062 VIII
703 1022 728 1063 c.
753 1000 863 1066 XLII:

512 1117 569 1182 Σο’ν
592 1143 665 1183 ποτε
688 1121 823 1198 νικήσας,
849 1126 906 1186 Ζεῦ
930 1123 1098 1201 Ὀλύμπιε,
1122 1126 1229 1203 σεμνὸν
1252 1128 1373 1209 dacica,

589 1239 734 1320 τεθρίππῳ
757 1240 810 1319 μὲν
833 1240 936 1320 ἅπαξ,
961 1243 1146 1321 μουνοκέλητι
1169 1244 1198 1310 δὲ
1221 1245 1282 1321 δὶς,

511 1357 572 1440 δῶρ’
596 1360 685 1441 Ἱέραν
707 1361 779 1426 τάδε
802 1386 844 1427 σοι
868 1364 1065 1444 ἐχαρίσσατο·
1090 1372 1162 1439 σαῖς
1187 1365 1211 1429 δ’
1234 1366 1353 1443 ciridano

590 1482 780 1566 Δεινομένης,
805 1484 914 1565 πατρὸς
937 1493 1043 1562 μνῆμα
1067 1486 1252 1567 Σνραιιοσίον.

478 1601 525 1665 De
548 1603 623 1687 ipsis
647 1625 718 1687 ergo
742 1602 885 1668 Hieronis
910 1606 1044 1670 victoriis
1069 1629 1165 1691 quum
1189 1606 1277 1671 nulla
1299 1607 1340 1671 sit
1362 1607 1452 1673 dubi-

432 1722 526 1799 tatio,
550 1722 616 1787 fieri
639 1728 741 1787 tamen
765 1746 828 1789 nou
852 1731 971 1809 potest,
996 1734 1033 1789 ut
1055 1726 1148 1811 hujus
1165 1728 1309 1791 carminis
1325 1736 1450 1813 tempus

432 1848 512 1905 recte
543 1864 561 1905 a
591 1841 763 1907 Scholiasta
786 1844 827 1907 sit
850 1843 1009 1909 traditum.
1058 1845 1153 1909 Hiero
1177 1846 1294 1931 accepit
1316 1869 1448 1931 regnum

432 1960 650 2045 Syracusarum
683 1961 732 2027 Ol.
764 1962 884 2027 LXXV
916 1986 996 2029 anuo
1030 1966 1139 2043 tertio,
1170 1964 1337 2030 succedens
1360 1965 1451 2030 fratri

432 2080 561 2160 Geloni,
594 2083 648 2166 qui
679 2082 851 2167 praefuerat
873 2082 1031 2167 Syracusis
1056 2106 1110 2169 per
1132 2091 1251 2169 septem
1275 2106 1389 2163 annos,
1417 2084 1450 2148 id

433 2207 478 2265 est
510 2199 548 2264 ab
576 2199 626 2264 Ol.
651 2199 794 2265 LXXIII
818 2224 898 2266 anuo
923 2210 1043 2287 quarto.
1059 2203 1082 2287 1)
1129 2205 1231 2268 Antea
1254 2203 1332 2267 Gelo
1355 2204 1450 2290 impe-

432 2320 512 2384 rium
536 2320 685 2385 habuerat
709 2321 821 2399 Gelae,
846 2321 918 2385 iude
942 2321 980 2385 ab
1005 2320 1055 2384 Ol.
1080 2320 1216 2386 LXXII.
1234 2344 1261 2386 a.
1280 2324 1309 2385 2.
1346 2321 1450 2407 Igitur

432 2437 614 2524 Olympiade
645 2438 805 2518 LXXIII,
839 2440 878 2504 ad
909 2463 1002 2525 quam
1033 2440 1204 2504 Scholiasta
1236 2440 1294 2505 boc
1324 2463 1449 2505 carmen

430 2559 540 2637 refert,
561 2582 621 2646 ¹nec
643 2561 757 2638 Hiero,
782 2582 837 2625 nec
855 2583 925 2625 vero
941 2561 1034 2624 frater
1051 2561 1116 2645 ejus
1133 2559 1211 2624 Gelo
1227 2559 1448 2644 Syracusarum

431 2678 564 2744 habebat
594 2680 765 2765 imperium.
814 2680 958 2765 Dignitas
989 2687 1093 2744 autem
1121 2679 1205 2764 regia
1237 2678 1329 2764 hujus
1361 2677 1450 2743 urbis

432 2799 594 2866 manifesto
618 2800 676 2864 hoc
700 2800 834 2864 carmine
857 2800 965 2864 victori
988 2799 1145 2863 tribuitur.

478 2919 595 2985 Verum
619 2919 723 2985 videor
746 2919 822 2984 mibi
845 2941 977 2984 errorem
1001 2918 1190 2983 Scholiastae
1213 2938 1301 3003 posse
1324 2915 1451 2980 demon·

433 3047 537 3103 strare.
585 3038 709 3124 Quippe
732 3046 882 3103 memorat
903 3039 1072 3103 Pausanias
1096 3037 1132 3102 L.
1149 3036 1197 3101 VI
1216 3060 1241 3102 c.
1258 3034 1307 3101 IX
1323 3058 1451 3100 currum

433 3158 595 3244 Olympiae
618 3160 753 3243 positum
777 3181 848 3223 cum
868 3158 1068 3243 inscriptione
1088 3157 1162 3220 bac:
1184 3154 1333 3220 Gelonem
1353 3154 1451 3218 Dino·

433 3280 529 3344 menis
553 3278 651 3343 filium
674 3279 807 3343 Geloum
832 3278 889 3341 hoo
913 3277 1029 3341 donum
1053 3277 1120 3341 Deo
1144 3275 1299 3361 posuisset
1324 3282 1449 3359 tempus

433 3406 536 3463 autem
559 3399 653 3484 hujus
676 3398 820 3463 victoriae
843 3397 956 3462 Geloni
978 3397 1073 3461 luisse
1093 3394 1307 3481 Olympiadem
1327 3401 1450 3479 septua-

431 3519 577 3604 gesimam
599 3518 730 3583 tertiam.
760 3516 847 3598 Quae
871 3539 942 3582 vero
959 3538 1049 3601 porro
1065 3514 1103 3579 de
1119 3515 1213 3600 hujus
1232 3514 1306 3577 doni
1322 3520 1449 3577 auctore

433 3639 579 3705 dubitans
602 3638 741 3723 disputat
764 3647 795 3702 et
818 3637 960 3701 aberrans
985 3658 1002 3699 a
1026 3658 1114 3713 vero,
1139 3634 1320 3698 confirmant
1343 3632 1449 3719 potius

433 3781 523 3845 quam
555 3758 697 3823 dubitare
728 3758 852 3835 sinunt,
885 3756 968 3820 bunc
999 3755 1093 3819 fuisse
1124 3753 1273 3818 Gelonem
1302 3750 1448 3815 Hieronis

430 3879 573 3958 fratrem,
605 3887 674 3944 tum
705 3877 800 3941 Gelae
831 3884 1006 3962 tyrannum.
1054 3873 1144 3938 Certe
1174 3894 1246 3958 ergo
1275 3870 1447 3936 Scholiasta

432 3998 590 4062 victoriam
612 3996 742 4061 Hieroni
765 3994 894 4071 tribuit,
918 4015 997 4078 quaa
1021 3992 1122 4057 fuerat
1141 3990 1254 4055 Geloni
1269 3986 1445 4054 tribuenda.

430 4116 497 4182 Nec
532 4118 597 4181 sine
628 4132 738 4194 causa,
774 4138 871 4200 quum
903 4113 1105 4179 confunderet
1136 4133 1206 4175 vera
1237 4132 1307 4174 curn
1340 4107 1444 4185 falsis,

430 4236 567 4315 addidit,
604 4236 753 4321 quosdam
789 4236 995 4312 existimasse,
1037 4232 1121 4296 illam
1159 4230 1317 4295 victoriam
1351 4227 1446 4291 fuisse

428 4563 438 4570 μ
464 4502 488 4563 l)
506 4500 578 4549 Diod.
596 4499 643 4548 Sic.
663 4499 704 4548 XI.
723 4499 763 4548 88.
