3767 5534
913 718 977 780 283

442 924 556 1009 Pelopis
588 924 734 1009 gloriam,
770 922 909 1007 quamvis
941 921 1101 1005 Olympiae
1133 920 1348 993 domesticam,
1386 941 1445 981 uon

439 1040 478 1103 ita
501 1038 617 1118 lucere,
643 1047 679 1103 ut
702 1039 876 1124 Olympiam
902 1037 1084 1102 veniendum
1108 1037 1147 1101 sit
1164 1059 1230 1100 cam
1249 1036 1449 1119 adspectum,

438 1157 486 1223 sed
510 1159 619 1244 quovis
643 1181 708 1223 esse
731 1159 898 1243 dispersam
923 1158 997 1222 lacis
1014 1158 1124 1235 instar,
1150 1179 1228 1243 quac
1245 1180 1261 1220 e
1278 1155 1447 1240 longinquo

436 1278 650 1364 conspiciatur.

481 1401 553 1462 155.
599 1398 731 1480 ἐρίζεται.
778 1399 1044 1480 Quemadmodum
1082 1407 1127 1463 est
1161 1399 1242 1484 apud
1277 1397 1447 1462 Homerum

433 1517 591 1601 ’Λφριδίτρ
612 1519 722 1587 κάλλεα
746 1519 841 1601 ἐρίζειν
864 1519 902 1584 11.
928 1518 976 1583 IX
1000 1521 1083 1596 389,
1114 1518 1152 1583 cle
1175 1519 1286 1596 forma,
1311 1518 1330 1581 i.
1357 1540 1382 1581 e.
1409 1516 1447 1581 do

433 1638 610 1723 principatu
629 1639 742 1703 formae
761 1648 875 1703 certare
896 1661 966 1702 cum
983 1637 1115 1716 Venere,
1133 1649 1163 1702 et
1179 1635 1447 1717 ιέίανιίτρσι.δέρααε

432 1757 483 1823 καί
502 1754 575 1831 εἶδος
595 1758 689 1840 ἐρίζειν
705 1757 765 1823 Od.
782 1757 810 1819 V
828 1760 907 1837 213,
925 1760 969 1823 sic
984 1758 1157 1824 existimare
1174 1758 1285 1843 possis,
1307 1756 1448 1821 hocloco

431 1874 555 1958 ἐρίζεται
585 1878 657 1962 poni
687 1877 823 1962 passive:
854 1877 891 1941 de
919 1877 1089 1954 celeritate,
1114 1877 1134 1941 i.
1160 1900 1185 1940 e.
1211 1876 1249 1941 de
1273 1876 1447 1961 principatu

432 1995 598 2062 celeritatis
622 2007 765 2062 certatur.
798 1996 864 2061 Nec
885 2006 987 2062 tamen
1005 1997 1089 2062 aliud
1107 1998 1200 2083 hujus
1216 1996 1335 2082 generis
1352 2018 1449 2060 caem-

433 2116 521 2203 plum
545 2117 626 2181 novi.
659 2116 774 2181 Verum
797 2118 904 2184 eodem
927 2117 1018 2182 modo
1043 2117 1242 2203 explicandus
1266 2116 1325 2181 erit
1344 2138 1447 2180 versus

433 2257 579 2321 sequens,
600 2238 699 2314 ἀκμαί
712 2237 741 2301 τ’
756 2236 859 2319 ἰσχύος
875 2235 1055 2319 ίρασιίποννιε
1074 2259 1232 2321 quumque
1248 2236 1280 2300 in
1296 2235 1447 2321 adjectivo

432 2355 601 2435 ίρατιίτιιννι
616 2356 690 2421 insit
707 2356 889 2441 significatio
901 2357 1065 2442 ejusmodi,
1081 2379 1241 2441 quaecum
1254 2356 1373 2420 actione
1386 2377 1448 2418 cer·

433 2473 557 2538 taminia
577 2484 608 2539 et
625 2475 846 2553 contentionis,
862 2498 925 2539 non
941 2498 1012 2540 cum
1029 2498 1078 2553 eo,
1096 2475 1133 2539 de
1150 2498 1211 2561 quo
1229 2474 1446 2552 contendatur,

434 2594 613 2671 conveniat,
637 2594 803 2680 rejicienda
826 2595 947 2659 videtur
970 2618 1005 2660 ea
1025 2595 1202 2681 explicatio,
1225 2602 1255 2659 et
1271 2593 1447 2660 habendum

434 2720 482 2777 est
495 2712 617 2794 ἐρίζεται
628 2713 755 2779 verbnm
768 2715 901 2780 medium
915 2717 1031 2780 activae
1042 2716 1283 2799 significationis.
1301 2713 1447 2780 Similiter

434 2830 512 2899 Isth.
523 2831 551 2893 V
563 2836 583 2895 4
596 2831 751 2915 ἐριζόμεναι
767 2839 845 2911 νᾶες,
860 2833 986 2900 Hesiod.
999 2834 1115 2919 Tlieog.
1131 2837 1195 2900 534
1208 2834 1311 2915 ἐρίζετο
1323 2833 1446 2912 doctas.

483 2953 554 3016 156.
589 2952 684 3029 ἀκμαί
714 2952 826 3033 ἰσχύος.
866 2952 939 3017 Nou
969 2961 1015 3018 est
1038 2976 1157 3018 summa
1179 2953 1344 3032 fortitudo,
1369 2975 1448 3037 quae

433 3076 566 3155 praestet
589 3071 675 3149 aliis,
700 3071 753 3135 sed
778 3094 857 3155 quae
880 3096 911 3137 se
936 3080 1061 3159 superet
1083 3073 1162 3157 ipsa:
1189 3095 1268 3157 quae
1291 3080 1375 3136 tanta
1393 3072 1447 3149 sit,
1507 3114 1510 3118 ·

433 3195 472 3254 ut
492 3190 590 3275 major
613 3212 678 3255 esse
701 3213 764 3255 nou
788 3194 895 3276 possit.

482 3309 555 3373 157.
590 3308 724 3373 Transiit
755 3310 867 3389 Poeta,
900 3321 1065 3397 postquam
1088 3313 1211 3399 Pelopis
1237 3313 1297 3377 vivi
1321 3312 1449 3397 gloriam

433 3434 466 3492 et
494 3426 649 3492 fortunam
681 3428 835 3508 laudavit,
861 3430 899 3494 ad
923 3431 1060 3515 ejusdem
1085 3434 1199 3496 mortui
1223 3433 1371 3497 honores:
1396 3432 1449 3516 qui

433 3569 531 3631 quum
562 3556 664 3612 essent
695 3547 855 3634 Olympiae
887 3551 1064 3630 domestici,
1098 3553 1136 3617 ad
1168 3553 1263 3637 ipsam
1288 3551 1449 3637 Olympiae

432 3666 574 3746 laudem,
600 3690 692 3753 quam
715 3668 804 3734 initio
821 3671 964 3734 carminis
981 3671 1184 3756 praedicavit,
1209 3672 1301 3736 rediit
1318 3696 1350 3734 vs
1372 3675 1448 3735 154:

428 3787 495 3872 jam
518 3787 651 3872 cujusvis
675 3787 717 3852 ibi
741 3797 845 3873 partae
870 3791 1015 3856 victoriae
1039 3793 1257 3877 praestantiam
1279 3793 1448 3877 praedicat,

432 3905 590 3969 rediturus
620 3929 707 3985 mox,
744 3932 778 3971 vs
812 3911 892 3987 toa,
929 3910 968 3974 ad
1000 3912 1102 3996 ipsum
1136 3911 1311 3976 Hieronem.
1349 3910 1449 3992 Ἀμφὶ

433 4046 524 4109 saepe
556 4025 593 4089 de
625 4034 760 4111 tempore
784 4029 827 4091 rei
850 4037 954 4113 gestae
979 4031 1122 4115 ponitur,
1148 4032 1230 4095 velut
1255 4032 1365 4096 Aesch.
1391 4033 1449 4116 Ag.

436 4144 500 4206 835
523 4144 607 4227 ἀμφὶ
630 4144 780 4210 Πλεινίδων
802 4148 897 4230 δύσιν,
930 4149 1047 4226 rarius,
1074 4156 1109 4214 ut
1132 4151 1191 4215 hoc
1214 4152 1299 4230 locu,
1324 4151 1362 4215 de
1386 4174 1451 4237 per-

437 4270 530 4346 petuo
553 4264 699 4349 temporis
723 4266 838 4350 spatio:
864 4276 966 4332 tamen
991 4268 1082 4332 etiam
1107 4268 1157 4332 Ol.
1182 4270 1217 4333 Π
1242 4274 1298 4348 55,
1319 4272 1368 4335 τὸν
1388 4268 1451 4335 ilica

438 4382 520 4463 apo>
550 4383 660 4463 χρόνον.
700 4384 794 4457 Βίιτος
826 4395 872 4449 est
895 4388 915 4450 i.
940 4411 970 4472 q.
994 4388 1075 4465 βίος,
1102 4396 1137 4451 ut
1160 4412 1267 4475 saepe,
1292 4390 1376 4454 velut
1399 4388 1449 4455 Ol.

440 4499 475 4569 H
499 4503 557 4582 54,
581 4501 674 4567 Hom.
698 4503 737 4568 Il.
764 4503 826 4568 VII
853 4508 933 4587 104,
963 4507 1073 4578 Aeseh.
1099 4507 1181 4573 Pers.
1207 4510 1281 4578 360.
