<?xml version="1.0" encoding="UTF-8"?>
<!DOCTYPE html PUBLIC "-//W3C//DTD XHTML 1.0 Transitional//EN"
    "http://www.w3.org/TR/xhtml1/DTD/xhtml1-transitional.dtd">
<html xmlns="http://www.w3.org/1999/xhtml" xml:lang="en" lang="en">
 <head>
  <title>
</title>
<meta http-equiv="Content-Type" content="text/html;charset=utf-8" />
  <meta name='ocr-system' content='tesseract 3.04.00' />
  <meta name='ocr-capabilities' content='ocr_page ocr_carea ocr_par ocr_line ocrx_word'/>
</head>
<body>
  <div class='ocr_page' id='page_1' title='image "./pindaricarminao00pindgoog_0516.png"; bbox 0 0 3767 5534; ppageno 0'>
   <div class='ocr_carea' id='block_1_1' title="bbox 913 772 977 833">
    <p class='ocr_par' dir='ltr' id='par_1_1' title="bbox 913 772 977 833">
     <span class='ocr_line' id='line_1_1' title="bbox 913 772 977 833; baseline -0.031 0"><span class='ocrx_word' id='word_1_1' title='bbox 913 772 977 833; x_wconf 81' lang='lat'>435</span> 
     </span>
    </p>
   </div>
   <div class='ocr_carea' id='block_1_2' title="bbox 433 970 1455 2237">
    <p class='ocr_par' dir='ltr' id='par_1_2' title="bbox 433 970 1454 1765">
     <span class='ocr_line' id='line_1_2' title="bbox 433 970 1450 1058; baseline 0.002 -24"><span class='ocrx_word' id='word_1_2' title='bbox 433 970 574 1035; x_wconf 82' lang='lat' dir='ltr'>victorias</span> <span class='ocrx_word' id='word_1_3' title='bbox 605 977 783 1058; x_wconf 79' lang='lat' dir='ltr'><strong>reportasse.</strong></span> <span class='ocrx_word' id='word_1_4' title='bbox 818 971 910 1035; x_wconf 91' lang='lat' dir='ltr'>Illum</span> <span class='ocrx_word' id='word_1_5' title='bbox 942 994 1055 1035; x_wconf 90' lang='lat' dir='ltr'>morem</span> <span class='ocrx_word' id='word_1_6' title='bbox 1089 993 1147 1034; x_wconf 90' lang='lat' dir='ltr'>non</span> <span class='ocrx_word' id='word_1_7' title='bbox 1177 994 1254 1055; x_wconf 90' lang='lat' dir='ltr'>opus</span> <span class='ocrx_word' id='word_1_8' title='bbox 1278 980 1322 1036; x_wconf 85' lang='lat' dir='ltr'>eet</span> <span class='ocrx_word' id='word_1_9' title='bbox 1346 971 1450 1056; x_wconf 85' lang='lat' dir='ltr'>Mega·</span> 
     </span>
     <span class='ocr_line' id='line_1_3' title="bbox 433 1088 1452 1175; baseline 0 -22"><span class='ocrx_word' id='word_1_10' title='bbox 433 1088 574 1153; x_wconf 81' lang='lat' dir='ltr'>rensibus</span> <span class='ocrx_word' id='word_1_11' title='bbox 598 1090 722 1153; x_wconf 91' lang='lat' dir='ltr'>omniuo</span> <span class='ocrx_word' id='word_1_12' title='bbox 746 1096 855 1174; x_wconf 88' lang='lat' dir='ltr'>putare</span> <span class='ocrx_word' id='word_1_13' title='bbox 879 1089 972 1153; x_wconf 84' lang='lat' dir='ltr'>fuisse</span> <span class='ocrx_word' id='word_1_14' title='bbox 998 1090 1173 1173; x_wconf 86' lang='lat' dir='ltr'>proprium:</span> <span class='ocrx_word' id='word_1_15' title='bbox 1198 1090 1263 1153; x_wconf 89' lang='lat' dir='ltr'>fieri</span> <span class='ocrx_word' id='word_1_16' title='bbox 1281 1090 1398 1175; x_wconf 90' lang='lat' dir='ltr'>potuit,</span> <span class='ocrx_word' id='word_1_17' title='bbox 1417 1099 1452 1153; x_wconf 90' lang='lat' dir='ltr'>ut</span> 
     </span>
     <span class='ocr_line' id='line_1_4' title="bbox 435 1206 1453 1293; baseline 0.002 -22"><span class='ocrx_word' id='word_1_18' title='bbox 435 1206 585 1291; x_wconf 74' lang='lat' dir='ltr'><strong>Diagorae</strong></span> <span class='ocrx_word' id='word_1_19' title='bbox 608 1207 752 1271; x_wconf 87' lang='lat' dir='ltr'>victoriae</span> <span class='ocrx_word' id='word_1_20' title='bbox 774 1216 898 1291; x_wconf 89' lang='lat' dir='ltr'>propter</span> <span class='ocrx_word' id='word_1_21' title='bbox 912 1206 1144 1271; x_wconf 80' lang='lat' dir='ltr'>multitudinem</span> <span class='ocrx_word' id='word_1_22' title='bbox 1161 1215 1215 1271; x_wconf 90' lang='lat' dir='ltr'>aut</span> <span class='ocrx_word' id='word_1_23' title='bbox 1232 1218 1356 1293; x_wconf 87' lang='lat' dir='ltr'>propter</span> <span class='ocrx_word' id='word_1_24' title='bbox 1371 1231 1453 1293; x_wconf 84' lang='lat' dir='ltr'><strong>mag·</strong></span> 
     </span>
     <span class='ocr_line' id='line_1_5' title="bbox 433 1326 1452 1413; baseline 0.002 -22"><span class='ocrx_word' id='word_1_25' title='bbox 433 1350 506 1391; x_wconf 93' lang='lat' dir='ltr'>nam</span> <span class='ocrx_word' id='word_1_26' title='bbox 538 1327 596 1391; x_wconf 87' lang='lat' dir='ltr'>viri</span> <span class='ocrx_word' id='word_1_27' title='bbox 627 1327 755 1411; x_wconf 82' lang='lat' dir='ltr'>gloriam</span> <span class='ocrx_word' id='word_1_28' title='bbox 787 1327 953 1411; x_wconf 81' lang='lat' dir='ltr'>inscriptae</span> <span class='ocrx_word' id='word_1_29' title='bbox 983 1326 1045 1391; x_wconf 88' lang='lat' dir='ltr'>sint</span> <span class='ocrx_word' id='word_1_30' title='bbox 1074 1327 1106 1390; x_wconf 94' lang='lat' dir='ltr'>in</span> <span class='ocrx_word' id='word_1_31' title='bbox 1134 1326 1289 1405; x_wconf 90' lang='lat' dir='ltr'>columna,</span> <span class='ocrx_word' id='word_1_32' title='bbox 1315 1330 1452 1413; x_wconf 89' lang='lat' dir='ltr'>quamvis</span> 
     </span>
     <span class='ocr_line' id='line_1_6' title="bbox 433 1443 1454 1529; baseline 0.004 -22"><span class='ocrx_word' id='word_1_33' title='bbox 433 1444 466 1508; x_wconf 92' lang='lat' dir='ltr'>id</span> <span class='ocrx_word' id='word_1_34' title='bbox 488 1466 551 1508; x_wconf 91' lang='lat' dir='ltr'>non</span> <span class='ocrx_word' id='word_1_35' title='bbox 576 1444 688 1508; x_wconf 89' lang='lat' dir='ltr'>soleret</span> <span class='ocrx_word' id='word_1_36' title='bbox 711 1466 829 1529; x_wconf 83' lang='lat' dir='ltr'><strong>semper</strong></span> <span class='ocrx_word' id='word_1_37' title='bbox 849 1444 923 1508; x_wconf 86' lang='lat' dir='ltr'>fieri.</span> <span class='ocrx_word' id='word_1_38' title='bbox 956 1443 1049 1507; x_wconf 82' lang='lat' dir='ltr'><strong>Recte</strong></span> <span class='ocrx_word' id='word_1_39' title='bbox 1067 1443 1225 1508; x_wconf 78' lang='lat' dir='ltr'>Disaenius</span> <span class='ocrx_word' id='word_1_40' title='bbox 1242 1445 1340 1509; x_wconf 90' lang='lat' dir='ltr'>simile</span> <span class='ocrx_word' id='word_1_41' title='bbox 1356 1468 1454 1511; x_wconf 85' lang='lat' dir='ltr'>exem·</span> 
     </span>
     <span class='ocr_line' id='line_1_7' title="bbox 435 1562 1454 1649; baseline 0.002 -23"><span class='ocrx_word' id='word_1_42' title='bbox 435 1562 519 1648; x_wconf 93' lang='lat' dir='ltr'>plum</span> <span class='ocrx_word' id='word_1_43' title='bbox 555 1562 642 1627; x_wconf 84' lang='lat' dir='ltr'>affert</span> <span class='ocrx_word' id='word_1_44' title='bbox 672 1562 834 1627; x_wconf 81' lang='lat' dir='ltr'>Chionidis</span> <span class='ocrx_word' id='word_1_45' title='bbox 866 1562 1120 1639; x_wconf 90' lang='lat' dir='ltr'>Lacedaemonii,</span> <span class='ocrx_word' id='word_1_46' title='bbox 1148 1563 1235 1648; x_wconf 83' lang='lat' dir='ltr'>cujus</span> <span class='ocrx_word' id='word_1_47' title='bbox 1263 1563 1323 1627; x_wconf 86' lang='lat' dir='ltr'>luit</span> <span class='ocrx_word' id='word_1_48' title='bbox 1350 1563 1454 1649; x_wconf 86' lang='lat' dir='ltr'>Olym·</span> 
     </span>
     <span class='ocr_line' id='line_1_8' title="bbox 439 1679 1452 1765; baseline 0.002 -22"><span class='ocrx_word' id='word_1_49' title='bbox 439 1680 507 1765; x_wconf 91' lang='lat' dir='ltr'>piae</span> <span class='ocrx_word' id='word_1_50' title='bbox 525 1679 668 1745; x_wconf 91' lang='lat' dir='ltr'>columna</span> <span class='ocrx_word' id='word_1_51' title='bbox 683 1680 814 1758; x_wconf 72' lang='grc' dir='ltr'><strong><em>λέγουσα</em></strong></span> <span class='ocrx_word' id='word_1_52' title='bbox 832 1680 888 1753; x_wconf 73' lang='grc' dir='ltr'><strong><em>τοὶς</em></strong></span> <span class='ocrx_word' id='word_1_53' title='bbox 907 1682 1005 1754; x_wconf 65' lang='lat' dir='ltr'>alsae:</span> <span class='ocrx_word' id='word_1_54' title='bbox 1026 1679 1157 1744; x_wconf 83' lang='lat' dir='ltr'>Pausan.</span> <span class='ocrx_word' id='word_1_55' title='bbox 1176 1680 1212 1744; x_wconf 87' lang='lat' dir='ltr'>L.</span> <span class='ocrx_word' id='word_1_56' title='bbox 1222 1679 1269 1744; x_wconf 89' lang='lat' dir='ltr'>VI</span> <span class='ocrx_word' id='word_1_57' title='bbox 1278 1680 1312 1745; x_wconf 85' lang='grc' dir='ltr'>Ο.</span> <span class='ocrx_word' id='word_1_58' title='bbox 1327 1681 1409 1745; x_wconf 87' lang='lat' dir='ltr'>XIII</span> <span class='ocrx_word' id='word_1_59' title='bbox 1425 1684 1452 1746; x_wconf 89' lang='lat'>1.</span> 
     </span>
    </p>

    <p class='ocr_par' dir='ltr' id='par_1_3' title="bbox 434 1798 1455 2237">
     <span class='ocr_line' id='line_1_9' title="bbox 482 1798 1453 1879; baseline 0.006 -20"><span class='ocrx_word' id='word_1_60' title='bbox 482 1799 554 1861; x_wconf 98' lang='grc'><strong>159.</strong></span> <span class='ocrx_word' id='word_1_61' title='bbox 590 1802 708 1879; x_wconf 73' lang='grc' dir='ltr'>ψᾶφος.</span> <span class='ocrx_word' id='word_1_62' title='bbox 756 1798 939 1874; x_wconf 82' lang='lat' dir='ltr'><strong>Decretum,</strong></span> <span class='ocrx_word' id='word_1_63' title='bbox 972 1800 1140 1862; x_wconf 88' lang='lat' dir='ltr'>sententia:</span> <span class='ocrx_word' id='word_1_64' title='bbox 1172 1798 1221 1863; x_wconf 82' lang='lat' dir='ltr'>vel</span> <span class='ocrx_word' id='word_1_65' title='bbox 1251 1799 1388 1863; x_wconf 85' lang='lat' dir='ltr'>calculus</span> <span class='ocrx_word' id='word_1_66' title='bbox 1422 1801 1453 1865; x_wconf 95' lang='lat' dir='ltr'>in</span> 
     </span>
     <span class='ocr_line' id='line_1_10' title="bbox 434 1916 1453 2001; baseline 0.003 -22"><span class='ocrx_word' id='word_1_67' title='bbox 434 1916 645 1979; x_wconf 88' lang='lat' dir='ltr'>numerando..</span> <span class='ocrx_word' id='word_1_68' title='bbox 680 1916 820 2001; x_wconf 89' lang='lat' dir='ltr'>Utraque</span> <span class='ocrx_word' id='word_1_69' title='bbox 844 1917 1030 2001; x_wconf 85' lang='lat' dir='ltr'>significatio</span> <span class='ocrx_word' id='word_1_70' title='bbox 1054 1917 1111 1980; x_wconf 90' lang='lat' dir='ltr'>hoc</span> <span class='ocrx_word' id='word_1_71' title='bbox 1135 1917 1201 1981; x_wconf 91' lang='lat' dir='ltr'>loco</span> <span class='ocrx_word' id='word_1_72' title='bbox 1226 1939 1290 1980; x_wconf 88' lang='lat' dir='ltr'>esse</span> <span class='ocrx_word' id='word_1_73' title='bbox 1306 1940 1394 2001; x_wconf 90' lang='lat' dir='ltr'>posse</span> <span class='ocrx_word' id='word_1_74' title='bbox 1410 1919 1453 1982; x_wconf 88' lang='lat' dir='ltr'>vi·</span> 
     </span>
     <span class='ocr_line' id='line_1_11' title="bbox 434 2032 1455 2119; baseline 0.002 -22"><span class='ocrx_word' id='word_1_75' title='bbox 434 2032 541 2097; x_wconf 88' lang='lat' dir='ltr'>detur:</span> <span class='ocrx_word' id='word_1_76' title='bbox 555 2034 581 2097; x_wconf 93' lang='lat' dir='ltr'>si</span> <span class='ocrx_word' id='word_1_77' title='bbox 594 2034 727 2119; x_wconf 86' lang='lat' dir='ltr'><strong>priorem</strong></span> <span class='ocrx_word' id='word_1_78' title='bbox 740 2033 950 2111; x_wconf 81' lang='lat' dir='ltr'>admittimus,</span> <span class='ocrx_word' id='word_1_79' title='bbox 964 2034 1177 2117; x_wconf 81' lang='lat' dir='ltr'>significantur</span> <span class='ocrx_word' id='word_1_80' title='bbox 1190 2034 1326 2113; x_wconf 90' lang='lat' dir='ltr'>decreta,</span> <span class='ocrx_word' id='word_1_81' title='bbox 1340 2036 1455 2118; x_wconf 90' lang='lat' dir='ltr'>quibus</span> 
     </span>
     <span class='ocr_line' id='line_1_12' title="bbox 435 2152 1454 2237; baseline 0.004 -23"><span class='ocrx_word' id='word_1_82' title='bbox 435 2173 453 2213; x_wconf 93' lang='lat' dir='ltr'>a</span> <span class='ocrx_word' id='word_1_83' title='bbox 482 2152 684 2216; x_wconf 82' lang='lat' dir='ltr'>certaminum</span> <span class='ocrx_word' id='word_1_84' title='bbox 713 2152 836 2217; x_wconf 90' lang='lat' dir='ltr'>arbitris</span> <span class='ocrx_word' id='word_1_85' title='bbox 860 2152 1004 2216; x_wconf 89' lang='lat' dir='ltr'>victoriae</span> <span class='ocrx_word' id='word_1_86' title='bbox 1026 2152 1162 2216; x_wconf 89' lang='lat' dir='ltr'>tributae</span> <span class='ocrx_word' id='word_1_87' title='bbox 1186 2160 1260 2216; x_wconf 87' lang='lat' dir='ltr'>sunt</span> <span class='ocrx_word' id='word_1_88' title='bbox 1282 2153 1454 2237; x_wconf 74' lang='lat' dir='ltr'><strong>Diagorae,</strong></span> 
     </span>
    </p>
   </div>
   <div class='ocr_carea' id='block_1_3' title="bbox 435 2269 1576 2355">
    <p class='ocr_par' dir='ltr' id='par_1_4' title="bbox 435 2269 1576 2355">
     <span class='ocr_line' id='line_1_13' title="bbox 435 2269 1576 2355; baseline 0.004 -23"><span class='ocrx_word' id='word_1_89' title='bbox 435 2269 532 2332; x_wconf 90' lang='lat' dir='ltr'>incisa</span> <span class='ocrx_word' id='word_1_90' title='bbox 563 2269 675 2354; x_wconf 90' lang='lat' dir='ltr'>lapidi:</span> <span class='ocrx_word' id='word_1_91' title='bbox 708 2292 835 2355; x_wconf 92' lang='lat' dir='ltr'>eamque</span> <span class='ocrx_word' id='word_1_92' title='bbox 865 2271 896 2334; x_wconf 94' lang='lat' dir='ltr'>in</span> <span class='ocrx_word' id='word_1_93' title='bbox 921 2270 1172 2355; x_wconf 85' lang='lat' dir='ltr'>interpretatione</span> <span class='ocrx_word' id='word_1_94' title='bbox 1195 2270 1307 2335; x_wconf 87' lang='lat' dir='ltr'>Latina</span> <span class='ocrx_word' id='word_1_95' title='bbox 1331 2279 1455 2336; x_wconf 85' lang='lat' dir='ltr'>secutus</span> <span class='ocrx_word' id='word_1_96' title='bbox 1573 2346 1576 2355; x_wconf 27' lang='grc' dir='ltr'>Ι</span> 
     </span>
    </p>
   </div>
   <div class='ocr_carea' id='block_1_4' title="bbox 389 2388 1456 3771">
    <p class='ocr_par' dir='ltr' id='par_1_5' title="bbox 435 2388 1455 2593">
     <span class='ocr_line' id='line_1_14' title="bbox 435 2388 1455 2474; baseline 0.002 -23"><span class='ocrx_word' id='word_1_97' title='bbox 435 2409 513 2452; x_wconf 88' lang='lat' dir='ltr'>sum.</span> <span class='ocrx_word' id='word_1_98' title='bbox 550 2389 593 2452; x_wconf 85' lang='lat' dir='ltr'>At</span> <span class='ocrx_word' id='word_1_99' title='bbox 625 2388 726 2454; x_wconf 91' lang='lat' dir='ltr'>denuo</span> <span class='ocrx_word' id='word_1_100' title='bbox 757 2389 942 2469; x_wconf 90' lang='lat' dir='ltr'>meditatus,</span> <span class='ocrx_word' id='word_1_101' title='bbox 976 2389 1128 2454; x_wconf 80' lang='lat' dir='ltr'>o&#39;aloulum</span> <span class='ocrx_word' id='word_1_102' title='bbox 1160 2390 1323 2474; x_wconf 83' lang='lat' dir='ltr'>significari</span> <span class='ocrx_word' id='word_1_103' title='bbox 1347 2390 1455 2468; x_wconf 84' lang='lat' dir='ltr'>oredo,</span> 
     </span>
     <span class='ocr_line' id='line_1_15' title="bbox 435 2506 1455 2593; baseline 0.001 -24"><span class='ocrx_word' id='word_1_104' title='bbox 435 2506 714 2585; x_wconf 87' lang='lat' dir='ltr'>enumerationem,</span> <span class='ocrx_word' id='word_1_105' title='bbox 739 2508 1010 2593; x_wconf 90' lang='lat' dir='ltr'>computationem.</span> <span class='ocrx_word' id='word_1_106' title='bbox 1058 2508 1160 2573; x_wconf 76' lang='lat' dir='ltr'>Ardlaa</span> <span class='ocrx_word' id='word_1_107' title='bbox 1183 2515 1285 2592; x_wconf 82' lang='lat' dir='ltr'>tannen</span> <span class='ocrx_word' id='word_1_108' title='bbox 1304 2507 1455 2591; x_wconf 84' lang='lat' dir='ltr'>significat</span> 
     </span>
    </p>

    <p class='ocr_par' dir='ltr' id='par_1_6' title="bbox 389 2624 1454 2946">
     <span class='ocr_line' id='line_1_16' title="bbox 436 2624 1220 2710; baseline 0.003 -23"><span class='ocrx_word' id='word_1_109' title='bbox 436 2626 696 2689; x_wconf 87' lang='lat' dir='ltr'>enumerationem</span> <span class='ocrx_word' id='word_1_110' title='bbox 719 2625 751 2689; x_wconf 94' lang='lat' dir='ltr'>in</span> <span class='ocrx_word' id='word_1_111' title='bbox 775 2624 878 2710; x_wconf 91' lang='lat' dir='ltr'>lapide</span> <span class='ocrx_word' id='word_1_112' title='bbox 900 2626 1028 2689; x_wconf 86' lang='lat' dir='ltr'>incisam</span> <span class='ocrx_word' id='word_1_113' title='bbox 1050 2626 1156 2689; x_wconf 87' lang='lat' dir='ltr'>fuisse.</span> <span class='ocrx_word' id='word_1_114' title='bbox 1218 2650 1220 2653; x_wconf 51' lang='lat'><strong>⁴</strong></span> 
     </span>
     <span class='ocr_line' id='line_1_17' title="bbox 389 2718 1454 2827; baseline 0.002 -23"><span class='ocrx_word' id='word_1_115' title='bbox 389 2718 393 2724; x_wconf 32' lang='lat'>⁵</span> <span class='ocrx_word' id='word_1_116' title='bbox 470 2743 556 2805; x_wconf 87' lang='grc'><strong>159.</strong></span> <span class='ocrx_word' id='word_1_117' title='bbox 592 2742 682 2808; x_wconf 79' lang='grc' dir='ltr'><strong><em>Ἀλλ’</em></strong></span> <span class='ocrx_word' id='word_1_118' title='bbox 706 2740 727 2807; x_wconf 81' lang='grc' dir='ltr'><strong><em>ὦ</em></strong></span> <span class='ocrx_word' id='word_1_119' title='bbox 749 2749 806 2808; x_wconf 83' lang='grc' dir='ltr'>Ζεῦ</span> <span class='ocrx_word' id='word_1_120' title='bbox 830 2745 933 2824; x_wconf 61' lang='lat' dir='ltr'>aare.</span> <span class='ocrx_word' id='word_1_121' title='bbox 971 2744 1071 2807; x_wconf 92' lang='lat' dir='ltr'>Multa</span> <span class='ocrx_word' id='word_1_122' title='bbox 1095 2742 1177 2827; x_wconf 90' lang='lat' dir='ltr'>apud</span> <span class='ocrx_word' id='word_1_123' title='bbox 1203 2750 1306 2827; x_wconf 90' lang='lat' dir='ltr'>poetas</span> <span class='ocrx_word' id='word_1_124' title='bbox 1327 2742 1454 2807; x_wconf 85' lang='lat' dir='ltr'><strong>similia:</strong></span> 
     </span>
     <span class='ocr_line' id='line_1_18' title="bbox 436 2844 1133 2946; baseline 0.001 -24"><span class='ocrx_word' id='word_1_125' title='bbox 436 2859 521 2923; x_wconf 86' lang='lat' dir='ltr'>velut</span> <span class='ocrx_word' id='word_1_126' title='bbox 545 2860 657 2925; x_wconf 85' lang='lat' dir='ltr'>Aesch.</span> <span class='ocrx_word' id='word_1_127' title='bbox 681 2860 765 2946; x_wconf 85' lang='lat' dir='ltr'>Sept.</span> <span class='ocrx_word' id='word_1_128' title='bbox 790 2883 816 2924; x_wconf 91' lang='lat' dir='ltr'>o.</span> <span class='ocrx_word' id='word_1_129' title='bbox 840 2861 898 2926; x_wconf 80' lang='lat' dir='ltr'>Th.</span> <span class='ocrx_word' id='word_1_130' title='bbox 926 2864 999 2926; x_wconf 83' lang='lat'>118.</span> <span class='ocrx_word' id='word_1_131' title='bbox 1130 2844 1133 2847; x_wconf 9' lang='grc' dir='ltr'><strong><em>Δ</em></strong></span> 
     </span>
    </p>

    <p class='ocr_par' dir='ltr' id='par_1_7' title="bbox 438 2976 1456 3537">
     <span class='ocr_line' id='line_1_19' title="bbox 489 2976 1454 3065; baseline 0.001 -25"><span class='ocrx_word' id='word_1_132' title='bbox 489 2981 561 3043; x_wconf 86' lang='grc'><strong>169.</strong></span> <span class='ocrx_word' id='word_1_133' title='bbox 603 2979 791 3061; x_wconf 72' lang='grc' dir='ltr'><strong><em>Ἀταβυρίου.</em></strong></span> <span class='ocrx_word' id='word_1_134' title='bbox 836 2980 979 3065; x_wconf 83' lang='lat' dir='ltr'>Atabyris</span> <span class='ocrx_word' id='word_1_135' title='bbox 1014 2980 1187 3065; x_wconf 91' lang='lat' dir='ltr'>appellatur</span> <span class='ocrx_word' id='word_1_136' title='bbox 1221 2978 1382 3055; x_wconf 86' lang='lat' dir='ltr'>Straboni,</span> <span class='ocrx_word' id='word_1_137' title='bbox 1417 2976 1454 3041; x_wconf 85' lang='lat' dir='ltr'>L.</span> 
     </span>
     <span class='ocr_line' id='line_1_20' title="bbox 439 3095 1456 3182; baseline -0.002 -23"><span class='ocrx_word' id='word_1_138' title='bbox 439 3095 518 3159; x_wconf 70' lang='lat' dir='ltr'>nv</span> <span class='ocrx_word' id='word_1_139' title='bbox 541 3119 571 3181; x_wconf 88' lang='lat' dir='ltr'>p.</span> <span class='ocrx_word' id='word_1_140' title='bbox 597 3100 678 3174; x_wconf 86' lang='grc'><strong>655,</strong></span> <span class='ocrx_word' id='word_1_141' title='bbox 703 3119 782 3182; x_wconf 92' lang='lat' dir='ltr'>pone</span> <span class='ocrx_word' id='word_1_142' title='bbox 797 3097 932 3162; x_wconf 87' lang='lat' dir='ltr'>Lindum</span> <span class='ocrx_word' id='word_1_143' title='bbox 951 3098 1047 3175; x_wconf 84' lang='lat' dir='ltr'>situs,</span> <span class='ocrx_word' id='word_1_144' title='bbox 1064 3119 1152 3162; x_wconf 91' lang='lat' dir='ltr'>mons</span> <span class='ocrx_word' id='word_1_145' title='bbox 1170 3097 1354 3173; x_wconf 89' lang='lat' dir='ltr'>altissimus,</span> <span class='ocrx_word' id='word_1_146' title='bbox 1372 3116 1456 3157; x_wconf 88' lang='lat' dir='ltr'>sacer</span> 
     </span>
     <span class='ocr_line' id='line_1_21' title="bbox 438 3213 1455 3301; baseline -0.001 -23"><span class='ocrx_word' id='word_1_147' title='bbox 438 3214 510 3279; x_wconf 82' lang='lat' dir='ltr'>Jovi</span> <span class='ocrx_word' id='word_1_148' title='bbox 533 3215 689 3299; x_wconf 83' lang='lat' dir='ltr'>Atabyrio.</span> <span class='ocrx_word' id='word_1_149' title='bbox 724 3216 886 3301; x_wconf 77' lang='lat' dir='ltr'>Templum</span> <span class='ocrx_word' id='word_1_150' title='bbox 910 3216 954 3282; x_wconf 91' lang='lat' dir='ltr'>ibi</span> <span class='ocrx_word' id='word_1_151' title='bbox 972 3216 1014 3281; x_wconf 76' lang='lat' dir='ltr'>&#39;ab</span> <span class='ocrx_word' id='word_1_152' title='bbox 1039 3216 1240 3280; x_wconf 84' lang='lat' dir='ltr'>Althaemene</span> <span class='ocrx_word' id='word_1_153' title='bbox 1262 3213 1332 3277; x_wconf 87' lang='lat' dir='ltr'><strong>Jovi</strong></span> <span class='ocrx_word' id='word_1_154' title='bbox 1352 3213 1455 3277; x_wconf 90' lang='lat' dir='ltr'>condi·</span> 
     </span>
     <span class='ocr_line' id='line_1_22' title="bbox 438 3332 1453 3418; baseline -0.003 -21"><span class='ocrx_word' id='word_1_155' title='bbox 438 3339 506 3397; x_wconf 88' lang='lat' dir='ltr'>tum</span> <span class='ocrx_word' id='word_1_156' title='bbox 529 3356 593 3397; x_wconf 89' lang='lat' dir='ltr'>esse</span> <span class='ocrx_word' id='word_1_157' title='bbox 616 3341 719 3398; x_wconf 91' lang='lat' dir='ltr'>narrat</span> <span class='ocrx_word' id='word_1_158' title='bbox 741 3334 895 3398; x_wconf 91' lang='lat' dir='ltr'>Diodorus</span> <span class='ocrx_word' id='word_1_159' title='bbox 911 3334 1052 3411; x_wconf 90' lang='lat' dir='ltr'>Siculus,</span> <span class='ocrx_word' id='word_1_160' title='bbox 1075 3332 1156 3418; x_wconf 90' lang='lat' dir='ltr'>quod</span> <span class='ocrx_word' id='word_1_161' title='bbox 1178 3333 1269 3397; x_wconf 89' lang='lat' dir='ltr'>etiam</span> <span class='ocrx_word' id='word_1_162' title='bbox 1287 3354 1344 3395; x_wconf 89' lang='lat' dir='ltr'>sua</span> <span class='ocrx_word' id='word_1_163' title='bbox 1355 3338 1453 3395; x_wconf 88' lang='lat' dir='ltr'>aetate</span> 
     </span>
     <span class='ocr_line' id='line_1_23' title="bbox 439 3451 1017 3537; baseline 0.002 -22"><span class='ocrx_word' id='word_1_164' title='bbox 439 3451 590 3515; x_wconf 89' lang='lat' dir='ltr'>coleretur</span> <span class='ocrx_word' id='word_1_165' title='bbox 611 3452 764 3537; x_wconf 91' lang='lat' dir='ltr'>impense:</span> <span class='ocrx_word' id='word_1_166' title='bbox 789 3452 825 3516; x_wconf 88' lang='lat' dir='ltr'>L.</span> <span class='ocrx_word' id='word_1_167' title='bbox 850 3451 879 3513; x_wconf 87' lang='lat' dir='ltr'><strong>V</strong></span> <span class='ocrx_word' id='word_1_168' title='bbox 903 3451 938 3517; x_wconf 82' lang='lat' dir='ltr'>O.</span> <span class='ocrx_word' id='word_1_169' title='bbox 966 3456 1017 3517; x_wconf 85' lang='lat'>59.</span> 
     </span>
    </p>

    <p class='ocr_par' dir='ltr' id='par_1_8' title="bbox 436 3567 1454 3771">
     <span class='ocr_line' id='line_1_24' title="bbox 485 3567 1454 3653; baseline -0.002 -20"><span class='ocrx_word' id='word_1_170' title='bbox 485 3572 558 3634; x_wconf 85' lang='grc'><strong>161.</strong></span> <span class='ocrx_word' id='word_1_171' title='bbox 606 3570 732 3637; x_wconf 67' lang='lat' dir='ltr'>Medica.</span> <span class='ocrx_word' id='word_1_172' title='bbox 769 3570 916 3634; x_wconf 84' lang='lat' dir='ltr'>Similiter</span> <span class='ocrx_word' id='word_1_173' title='bbox 947 3592 1017 3634; x_wconf 90' lang='lat' dir='ltr'>cum</span> <span class='ocrx_word' id='word_1_174' title='bbox 1041 3570 1144 3633; x_wconf 86' lang='lat' dir='ltr'>dativo</span> <span class='ocrx_word' id='word_1_175' title='bbox 1169 3575 1215 3632; x_wconf 88' lang='lat' dir='ltr'>est</span> <span class='ocrx_word' id='word_1_176' title='bbox 1239 3567 1321 3653; x_wconf 87' lang='lat' dir='ltr'>apud</span> <span class='ocrx_word' id='word_1_177' title='bbox 1346 3567 1454 3633; x_wconf 85' lang='lat' dir='ltr'>Hesio·</span> 
     </span>
     <span class='ocr_line' id='line_1_25' title="bbox 436 3686 717 3771; baseline 0 -20"><span class='ocrx_word' id='word_1_178' title='bbox 436 3686 510 3751; x_wconf 91' lang='lat' dir='ltr'>dum</span> <span class='ocrx_word' id='word_1_179' title='bbox 534 3687 649 3771; x_wconf 82' lang='lat' dir='ltr'>Theog.</span> <span class='ocrx_word' id='word_1_180' title='bbox 676 3690 717 3751; x_wconf 79' lang='lat'>54</span> 
     </span>
    </p>
   </div>
   <div class='ocr_carea' id='block_1_5' title="bbox 590 3803 1297 3884">
    <p class='ocr_par' dir='ltr' id='par_1_9' title="bbox 590 3803 1297 3884">
     <span class='ocr_line' id='line_1_26' title="bbox 590 3803 1297 3884; baseline -0.006 -13"><span class='ocrx_word' id='word_1_181' title='bbox 590 3805 768 3883; x_wconf 81' lang='grc' dir='ltr'><strong><em>Μνημοσύνη</em></strong></span> <span class='ocrx_word' id='word_1_182' title='bbox 791 3813 932 3883; x_wconf 70' lang='grc' dir='ltr'><strong><em>γουνοῖσιν</em></strong></span> <span class='ocrx_word' id='word_1_183' title='bbox 955 3806 1122 3884; x_wconf 72' lang='grc' dir='ltr'><strong><em>Ἐλευθῆρος</em></strong></span> <span class='ocrx_word' id='word_1_184' title='bbox 1145 3803 1297 3881; x_wconf 77' lang='grc' dir='ltr'><strong><em>μεδέουσα.</em></strong></span> 
     </span>
    </p>
   </div>
   <div class='ocr_carea' id='block_1_6' title="bbox 436 3919 1454 4010">
    <p class='ocr_par' dir='ltr' id='par_1_10' title="bbox 436 3919 1454 4010">
     <span class='ocr_line' id='line_1_27' title="bbox 436 3919 1454 4010; baseline -0.003 -24"><span class='ocrx_word' id='word_1_185' title='bbox 436 3924 479 3986; x_wconf 85' lang='lat' dir='ltr'>At</span> <span class='ocrx_word' id='word_1_186' title='bbox 508 3924 629 4008; x_wconf 87' lang='lat' dir='ltr'>saepius</span> <span class='ocrx_word' id='word_1_187' title='bbox 652 3946 721 3988; x_wconf 92' lang='lat' dir='ltr'>cum</span> <span class='ocrx_word' id='word_1_188' title='bbox 745 3924 897 4008; x_wconf 85' lang='lat' dir='ltr'>genitivo,</span> <span class='ocrx_word' id='word_1_189' title='bbox 922 3922 1016 4010; x_wconf 86' lang='lat' dir='ltr'>velut</span> <span class='ocrx_word' id='word_1_190' title='bbox 1030 3921 1143 4007; x_wconf 81' lang='lat' dir='ltr'>Hymn.</span> <span class='ocrx_word' id='word_1_191' title='bbox 1169 3921 1260 3985; x_wconf 92' lang='lat' dir='ltr'>Hom.</span> <span class='ocrx_word' id='word_1_192' title='bbox 1285 3920 1314 3983; x_wconf 90' lang='lat' dir='ltr'>X</span> <span class='ocrx_word' id='word_1_193' title='bbox 1338 3921 1371 3984; x_wconf 92' lang='lat' dir='ltr'>in</span> <span class='ocrx_word' id='word_1_194' title='bbox 1395 3919 1454 3983; x_wconf 82' lang='lat' dir='ltr'>Ve-</span> 
     </span>
    </p>
   </div>
   <div class='ocr_carea' id='block_1_7' title="bbox 435 4044 1461 4493">
    <p class='ocr_par' dir='ltr' id='par_1_11' title="bbox 435 4044 1461 4493">
     <span class='ocr_line' id='line_1_28' title="bbox 435 4044 582 4105; baseline 0.007 -1"><span class='ocrx_word' id='word_1_195' title='bbox 435 4062 537 4105; x_wconf 88' lang='lat' dir='ltr'>nerem</span> <span class='ocrx_word' id='word_1_196' title='bbox 562 4044 582 4104; x_wconf 80' lang='lat'>4</span> 
     </span>
     <span class='ocr_line' id='line_1_29' title="bbox 585 4158 1300 4240; baseline -0.001 -17"><span class='ocrx_word' id='word_1_197' title='bbox 585 4167 673 4240; x_wconf 80' lang='grc' dir='ltr'><strong><em>Χαῖρε</em></strong></span> <span class='ocrx_word' id='word_1_198' title='bbox 696 4161 748 4225; x_wconf 72' lang='grc' dir='ltr'>θεοὶ</span> <span class='ocrx_word' id='word_1_199' title='bbox 770 4167 942 4240; x_wconf 83' lang='grc' dir='ltr'><strong><em>Σαλαμῖνος</em></strong></span> <span class='ocrx_word' id='word_1_200' title='bbox 966 4158 1134 4239; x_wconf 74' lang='grc' dir='ltr'><strong><em>ἔν’κσνμένηο</em></strong></span> <span class='ocrx_word' id='word_1_201' title='bbox 1157 4158 1300 4237; x_wconf 77' lang='grc' dir='ltr'><strong><em>μεδέουσα</em></strong></span> 
     </span>
     <span class='ocr_line' id='line_1_30' title="bbox 435 4274 912 4342; baseline 0.004 -2"><span class='ocrx_word' id='word_1_202' title='bbox 435 4284 466 4340; x_wconf 92' lang='lat' dir='ltr'>et</span> <span class='ocrx_word' id='word_1_203' title='bbox 488 4274 602 4341; x_wconf 83' lang='lat' dir='ltr'>XVIII</span> <span class='ocrx_word' id='word_1_204' title='bbox 624 4279 657 4342; x_wconf 94' lang='lat' dir='ltr'>in</span> <span class='ocrx_word' id='word_1_205' title='bbox 680 4277 869 4342; x_wconf 82' lang='lat' dir='ltr'>Mercurium</span> <span class='ocrx_word' id='word_1_206' title='bbox 893 4281 912 4341; x_wconf 77' lang='lat'><strong>2</strong></span> 
     </span>
     <span class='ocr_line' id='line_1_31' title="bbox 558 4393 1461 4493; baseline -0.007 -33"><span class='ocrx_word' id='word_1_207' title='bbox 558 4396 709 4471; x_wconf 75' lang='grc' dir='ltr'><strong><em>Κυλλήνης</em></strong></span> <span class='ocrx_word' id='word_1_208' title='bbox 732 4396 872 4473; x_wconf 69' lang='grc' dir='ltr'><strong><em>μεδέοντα</em></strong></span> <span class='ocrx_word' id='word_1_209' title='bbox 896 4398 945 4461; x_wconf 73' lang='grc' dir='ltr'>καὶ</span> <span class='ocrx_word' id='word_1_210' title='bbox 969 4395 1123 4476; x_wconf 72' lang='grc' dir='ltr'>Ἀρκαδίης</span> <span class='ocrx_word' id='word_1_211' title='bbox 1146 4393 1327 4470; x_wconf 75' lang='grc' dir='ltr'><strong><em>πολυμήλου.</em></strong></span> <span class='ocrx_word' id='word_1_212' title='bbox 1457 4486 1461 4493; x_wconf 92' lang='lat'>.</span> 
     </span>
    </p>
   </div>
   <div class='ocr_carea' id='block_1_8' title="bbox 435 4512 1329 4685">
    <p class='ocr_par' dir='ltr' id='par_1_12' title="bbox 435 4512 1329 4685">
     <span class='ocr_line' id='line_1_32' title="bbox 435 4512 1301 4599; baseline -0.005 -23"><span class='ocrx_word' id='word_1_213' title='bbox 435 4512 512 4577; x_wconf 85' lang='lat' dir='ltr'>Cum</span> <span class='ocrx_word' id='word_1_214' title='bbox 536 4513 761 4596; x_wconf 87' lang='lat' dir='ltr'>praepositione</span> <span class='ocrx_word' id='word_1_215' title='bbox 785 4514 866 4599; x_wconf 91' lang='lat' dir='ltr'>apud</span> <span class='ocrx_word' id='word_1_216' title='bbox 889 4514 1090 4598; x_wconf 85' lang='lat' dir='ltr'>Sophoclem,</span> <span class='ocrx_word' id='word_1_217' title='bbox 1114 4514 1189 4576; x_wconf 79' lang='lat' dir='ltr'>Ant.</span> <span class='ocrx_word' id='word_1_218' title='bbox 1216 4512 1301 4574; x_wconf 89' lang='grc'><strong>1119</strong></span> 
     </span>
     <span class='ocr_line' id='line_1_33' title="bbox 1274 4629 1329 4685; baseline 0.018 -1"><span class='ocrx_word' id='word_1_219' title='bbox 1274 4629 1329 4685; x_wconf 79' lang='lat'>28*</span> 
     </span>
    </p>
   </div>
   <div class='ocr_carea' id='block_1_9' title="bbox 0 0 1894 5534">
    <p class='ocr_par' dir='ltr' id='par_1_13' title="bbox 0 0 1894 5534">
     <span class='ocr_line' id='line_1_34' title="bbox 0 0 1894 5534; baseline 0 0"><span class='ocrx_word' id='word_1_220' title='bbox 0 0 1894 5534; x_wconf 95' lang='lat' dir='ltr'> </span> 
     </span>
    </p>
   </div>
  </div>
 </body>
</html>
