3767 5534
835 729 898 793 249

362 940 474 1004 simum
497 940 615 1003 artibus
638 938 735 1003 instar
759 936 827 1000 Dei.
868 934 906 997 m
932 934 1089 1012 Medeam,
1115 959 1192 1019 quae
1216 935 1375 1000 adversata

362 1058 443 1143 patri
473 1058 531 1122 sibi
555 1056 743 1121 connubium
767 1055 855 1131 fecit,
888 1054 974 1117 navis
999 1054 1101 1138 Argus
1125 1054 1316 1119 servatricem
1343 1063 1374 1119 et

359 1175 581 1241 ministrorum.
607 1176 709 1259 Atque
728 1173 818 1238 etiam
842 1172 1010 1257 aliquando
1026 1195 1172 1237 manuum
1191 1173 1299 1238 robore
1316 1196 1371 1259 pro
1410 1178 1449 1234 Sl)

361 1294 500 1360 Dardani
529 1294 626 1359 muris
650 1293 706 1357 visi
733 1301 807 1357 sunt
830 1314 1001 1377 pugnarum
1027 1293 1182 1376 utrimque
1209 1293 1374 1357 resecuisse

361 1417 475 1480 linem:
517 1413 569 1479 alii
604 1413 731 1497 quidem
765 1435 835 1476 oum
871 1433 941 1475 cara
975 1420 1066 1496 gente
1102 1412 1188 1476 Atrei
1224 1411 1374 1477 Helenam

361 1533 562 1599 reducentes:
587 1534 640 1598 alii
663 1554 734 1598 vero
757 1555 882 1618 prorsus
899 1540 1046 1597 arcentes.
1083 1532 1130 1596 Ex
1145 1532 1240 1619 Lycia
1255 1534 1376 1598 venien·

361 1661 427 1718 tem
450 1653 603 1719 Glaucum
627 1660 777 1717 tremuere
801 1652 917 1716 Danai:
942 1652 1004 1717 illis
1029 1673 1100 1716 vero
1117 1652 1318 1738 praedicavit,
1344 1654 1375 1717 in

362 1774 440 1839 urbe
464 1773 591 1838 Pirenae
614 1772 774 1857 patrissui
794 1772 957 1857 imperium
979 1795 1043 1836 esse
1060 1780 1090 1837 et
1105 1772 1236 1837 fundum
1253 1774 1376 1858 prolun-

360 1893 439 1957 dnm
463 1892 665 1976 domumque:
690 1892 744 1976 qui
768 1892 907 1978 vipereae
930 1892 1028 1957 filium
1052 1892 1206 1977 Gorgonis
1222 1892 1374 1978 Pegasum
1411 1894 1452 1954 rto

360 2011 531 2096 aliquando
555 2009 594 2074 ad
617 2011 716 2075 fontes
733 2011 850 2075 frenare
867 2011 994 2097 cupiens
1011 2010 1110 2076 multa
1126 2034 1197 2076 sane
1213 2034 1375 2097 perpessus

361 2137 428 2208 est,
465 2131 642 2215 priusquam
677 2129 723 2194 illi
758 2131 858 2194 aureis
892 2130 979 2195 frena
1010 2130 1125 2215 lupatis
1157 2130 1242 2215 virgo
1274 2129 1376 2194 Pallas

361 2250 455 2315 tulit:
490 2272 506 2313 e
538 2250 656 2314 somnio
687 2250 834 2314 continuo
869 2259 1061 2334 experrectus
1098 2260 1159 2314 est:
1195 2249 1250 2313 illa
1280 2249 1375 2313 dixit:

361 2370 536 2447 dormisne,
554 2391 606 2433 rex
623 2367 773 2433 Aeolide?
791 2390 862 2454 age,
879 2377 1020 2452 equestre
1038 2369 1095 2432 lroo
1111 2370 1374 2433 incantamentum

362 2489 485 2575 accipe,
521 2497 552 2553 et
583 2487 717 2553 Damaeo
749 2488 829 2573 patri
860 2495 985 2553 taurum
1017 2487 1184 2552 candidum
1215 2487 1376 2552 immolans

362 2608 446 2674 illud
469 2607 604 2673 ostende.
639 2607 814 2693 Conspicua
836 2607 943 2692 aegide
969 2608 1053 2693 virgo
1078 2608 1152 2671 haee
1171 2607 1217 2671 illi
1236 2608 1376 2672 stertenti
1419 2610 1476 2671 100

362 2728 467 2792 dicere
498 2728 564 2792 visa
595 2734 650 2791 est.
697 2726 847 2791 Prosiluit
877 2736 979 2791 erecto
1010 2727 1104 2812 pede:
1138 2735 1185 2804 et,
1214 2735 1377 2812 postquam

358 2849 454 2933 juxta
472 2848 608 2933 positum
625 2848 736 2911 sumsit
753 2854 945 2932 portentum,
967 2847 1142 2932 indigenam
1161 2854 1261 2911 vatem
1277 2847 1377 2911 laetus
1442 2872 1446 2878 ·

362 2968 500 3044 invenit,
533 2965 729 3051 ostenditque
757 2964 945 3030 Ouerauidae
969 2988 1090 3030 omnem
1114 2966 1230 3030 exitum
1253 2966 1317 3043 rei,
1342 2973 1377 3029 ut

363 3086 405 3152 ad
431 3108 512 3151 aram
536 3086 610 3151 deae
637 3094 727 3150 noete
751 3086 893 3151 cubuerit
908 3085 1079 3151 secundum
1095 3086 1178 3150 illius
1195 3086 1376 3170 augurium:

364 3214 397 3271 et
428 3206 581 3291 quomodo
612 3206 670 3271 sibi
701 3207 767 3292 ipsa
794 3206 881 3271 Jovis
911 3207 1023 3293 fulgidi
1054 3217 1126 3271 nata
1157 3205 1276 3271 dederit
1299 3228 1379 3269 com·
1416 3207 1477 3267 ltu

364 3348 492 3412 poscens
524 3348 642 3390 aurum.
689 3325 814 3390 Somnio
844 3326 933 3391 illum
961 3348 1053 3410 quam
1077 3325 1233 3390 celerrime
1256 3324 1378 3389 obedire

362 3445 476 3532 jussit,
507 3452 670 3530 postquam
699 3468 771 3509 vero
799 3446 918 3532 potenti
940 3452 1065 3510 taurum
1087 3444 1273 3509 immolasset
1297 3443 1378 3529 Nep·

365 3574 462 3642 tuno,
486 3565 620 3649 equestri
643 3587 724 3629 aram
748 3565 904 3629 Minervae
920 3572 1054 3630 statuere
1070 3565 1226 3629 contiuuo.
1256 3563 1379 3628 Perficit

366 3685 495 3749 deorum
529 3684 669 3770 potentia
706 3693 850 3749 eventum
884 3686 976 3749 etiam
1011 3691 1130 3770 praeter
1161 3683 1378 3769 jusjurandum

365 3811 547 3889 praeterque
578 3803 674 3867 levem
706 3827 800 3888 spem.
847 3804 988 3868 Profecto
1020 3804 1113 3867 etiam
1135 3803 1223 3868 fortis
1246 3802 1380 3867 Bellero·

365 3924 498 4009 phontes
515 3923 596 4007 oepit
612 3945 726 4006 equum
743 3923 873 4001 alatum,
890 3924 959 3988 miti
970 3924 1086 3987 circum
1099 3923 1239 3987 maxillas
1250 3922 1377 3987 obtenso
1417 3924 1477 3984 120

366 4042 577 4108 medicamine.
632 4042 802 4107 Adseendit
836 4044 867 4107 in
904 4066 973 4107 eum
1010 4044 1112 4107 statim
1146 4042 1276 4107 indutus
1311 4065 1378 4106 aere

366 4162 519 4246 armisque
553 4162 637 4226 lusit.
693 4162 771 4227 Cum
802 4164 856 4227 illo
893 4165 986 4228 etiam
1016 4163 1181 4249 aliquando
1213 4185 1228 4227 e
1259 4161 1377 4226 sinibus

367 4282 445 4345 ae'ris
476 4282 581 4367 frigidi
604 4282 692 4346 vacui
716 4283 919 4367 sagittiferum
947 4284 1057 4348 feriens
1082 4283 1245 4347 mulierum
1269 4282 1379 4346 exerci-

367 4408 434 4465 tum
469 4409 500 4466 et
538 4400 729 4466 Chimaeram
763 4404 950 4487 ignivomam
985 4411 1015 4467 et
1046 4402 1185 4487 Solymos
1215 4401 1377 4465 interfecit.
1418 4402 1477 4463 130

367 4518 470 4585 Silebo
501 4521 567 4606 ejus
601 4530 729 4586 mortem
761 4545 828 4607 ego.
874 4522 968 4587 Illum
999 4522 1042 4587 in·
1062 4520 1193 4607 Olympo
1224 4520 1379 4608 praesepia
