3767 5534
915 758 978 818 13⁰

618 954 896 1034 Δωδενύρναμπτον
916 958 982 1040 περὶ
1003 960 1099 1039 τέρμα
1120 958 1223 1040 δρόμου

614 1073 727 1139 Ἵππων
748 1082 904 1158 Φνιεῡοαι.

614 1196 674 1260 Καί
695 1220 742 1260 ννν
765 1198 795 1269 ἐς
816 1198 933 1262 ταύταν
955 1198 1055 1278 ἑορτὰν

613 1315 711 1386 'lector
733 1316 897 1382 ἀντιθέοισιν
918 1318 1048 1383 νίοοεται

615 1435 676 1499 Σὺν
697 1435 861 1517 βαθυζώνου
880 1436 1004 1511 διδύμοις
1028 1438 1113 1503 παισὶ
1135 1438 1243 1512 Λήδας.

820 1555 867 1622 Ἀ
890 1557 930 1633 ν’.
976 1568 1011 1622 Κ.
1033 1558 1064 1621 θ.

613 1679 684 1744 Τοῖς
706 1674 767 1755 γὰρ
789 1673 951 1756 ἐπέτραπεν
980 1674 1170 1755 Ούλομτονδ
1192 1675 1238 1740 ilos

614 1792 731 1868 Θαντθν
752 1794 857 1870 epure
878 1793 974 1872 νέμειν

532 1892 538 1903 ’
612 1909 734 1990 Ἀνδρῶν
755 1912 910 1994 scipsa&
934 1913 997 1993 πέρι
1017 1918 1067 1979 καὶ
1090 1911 1299 1995 ῥιμφαρμάτου

616 2032 831 2113 Διφρνλαοίας.
865 2032 940 2111 Ἐμὲ
963 2032 989 2097 δ’
1004 2027 1041 2098 ὦν
1063 2058 1109 2098 πα

470 2265 510 2317 tl.
527 2270 566 2319 καί
581 2289 622 2320 να.
659 2267 697 2316 ltu
708 2267 844 2317 Schmidins
855 2272 880 2317 et
893 2271 949 2332 post
961 2284 1015 2317 eum
1030 2282 1123 2316 omneer
1136 2266 1194 2316 olim
1206 2269 1257 2316 erut
1268 2269 1306 2317 καὶ
1315 2269 1361 2316 soc:
1374 2278 1449 2328 quarn

438 2362 581 2426 scripturam
605 2363 626 2411 si
649 2362 703 2427 quis
723 2363 880 2413 revocandam
903 2362 1010 2428 putabit,
1033 2362 1097 2412 band
1119 2362 1187 2412 valde
1208 2360 1327 2426 pugnabo.
1361 2358 1394 2407 ut
1412 2360 1450 2407 est

436 2480 471 2511 νον
494 2458 519 2507 in
543 2459 655 2509 lemmate
678 2459 764 2510 scholii
788 2459 942 2519 recentioris,
966 2460 1060 2525 ibique,
1086 2464 1114 2509 ut
1137 2458 1272 2508 Scbmidins
1293 2455 1449 2515 observavit,

436 2553 568 2620 explicetur
595 2571 637 2620 per
661 2555 696 2614 δή.
735 2555 898 2605 Conseruntur
927 2560 1022 2615 tamen,
1049 2572 1109 2621 qnae
1134 2555 1159 2605 in
1185 2554 1334 2605 enarratione
1359 2551 1449 2602 dicturi

436 2665 527 2701 sumus.

468 2746 508 2797 62.
533 2753 672 2801 anritemo.
707 2746 855 2807 Schmidius,
881 2752 998 2813 quantum
1023 2749 1086 2808 scio,
1109 2748 1201 2798 addidit
1223 2770 1234 2799 ν
1256 2745 1448 2814 ephelcusticon.

434 2841 523 2891 'lamen
541 2842 566 2892 id
584 2843 655 2892 etiam
672 2843 697 2892 in
715 2842 867 2892 lemmatibus
884 2844 977 2893 duobus
995 2847 1104 2893 veterum
1120 2844 1266 2894 scholiorum
1279 2842 1387 2893 additum
1400 2845 1446 2891 est.

465 2941 572 2992 olemus.
606 2939 695 2990 Similis
712 2943 749 2988 est
765 2939 811 2988 hoc
827 2939 881 2989 loco
898 2941 1030 3004 scripturae
1048 2940 1148 2990 venetas
1165 2956 1192 2989 ec
1209 2956 1244 2989 vs.
1262 2939 1303 2989 18.
1318 2965 1322 2972 -

466 3034 506 3083 θδ.
530 3036 637 3101 διδύμοις.
673 3035 711 3084 Ite
730 3034 786 3085 libri
803 3034 923 3100 plerique:
942 3036 966 3084 in
985 3035 1108 3085 nonnullis
1124 3037 1242 3102 διδύμοισι.
1279 3035 1308 3084 In
1324 3033 1446 3098 Lipsiensi

433 3130 565 3196 διδύμμοις,
589 3135 661 3195 atque
679 3130 764 3189 etium,
783 3135 810 3179 ut
827 3131 921 3179 notavit
937 3131 1110 3191 Schneiderus,
1127 3132 1152 3180 in
1170 3132 1230 3181 Uret
1247 3131 1275 3181 B.
1306 3128 1446 3179 Boeclxbius

432 3226 505 3275 reiut
527 3218 650 3293 ιοομιιις,
678 3201 791 3291 exemplis
807 3226 879 3290 nujus
896 3227 1054 3291 etymologiae
1072 3232 1141 3277 uem
1159 3226 1280 3277 vocabu-ns
1296 3234 1403 3291 παρος
1419 3228 1446 3274 et

431 3326 571 3389 ἀπάλαμνος.
605 3323 741 3380 Schmidius
763 3328 788 3372 et
808 3323 917 3387 Heynius
933 3323 960 3372 in
977 3324 1075 3390 διδύμοις
1092 3324 1195 3374 mediam
1212 3322 1326 3388 syllabam
1344 3321 1445 3388 produci

432 3418 525 3468 volunt.
559 3419 670 3470 Pauwins
687 3422 712 3468 et
727 3419 774 3468 ulia
791 3420 927 3485 proposuit,
946 3425 969 3469 et
987 3426 1126 3488 βαθυζώνων
1142 3421 1253 3486 διδύμοις,
1268 3419 1339 3483 idque
1350 3418 1444 3482 recepit

432 3514 591 3564 Ablwurdtus.

466 3609 505 3659 64.
531 3614 667 3681 luitperto.
701 3610 819 3659 Scribitur
835 3609 907 3659 etiam
924 3614 1055 3678 θιιθτριπιν.

466 3705 506 3758 tl.
530 3724 572 3759 ποι.
605 3706 650 3756 nst
672 3706 730 3756 baec
752 3705 872 3770 scriptura
895 3706 920 3754 iu
946 3705 1056 3755 omnibus
1079 3705 1128 3754 lere
1149 3704 1227 3764 libris,
1247 3708 1271 3753 et
1288 3720 1302 3753 a
1319 3702 1443 3753 veteribus

432 3800 566 3851 scholiastis
589 3802 740 3867 ugnoscitur:
758 3817 859 3865 quorum
876 3802 952 3851 alters
970 3808 1098 3871 ἀμφότεροι
1115 3805 1135 3853 ol
1152 3802 1268 3866 σύνδεσμοι
1284 3802 1443 3870 παραπληριι·

431 3900 538 3963 ματικοθ,
561 3898 622 3947 ulter
643 3916 678 3950 ποι
694 3897 798 3962 explicat
814 3912 857 3961 per
873 3916 928 3957 πως.
956 3898 1047 3948 Verum
1063 3898 1089 3947 in
1106 3897 1188 3947 codiee
1204 3896 1313 3946 leidensi
1330 3898 1352 3946 A
1369 3910 1443 3960 appa·

431 4007 483 4042 rere
499 3993 633 4043 Boeclrbius
650 3993 708 4043 dicit
725 4012 786 4064 rap:
805 3998 927 4060 praeterea
944 3994 973 4043 dc
989 3993 1166 4059 Goettingensi,
1180 4010 1251 4059 quem
1262 3994 1313 4057 ipse
1323 3991 1443 4058 inspexit,

431 4088 538 4138 dubitate
558 4088 612 4138 vide
629 4089 679 4153 ejus
698 4096 779 4140 notam
797 4090 906 4141 criticum
924 4090 1034 4140 adhunc
1052 4092 1140 4140 locum.
1175 4075 1202 4138 ln
1220 4088 1378 4154 explicatione
1394 4103 1444 4137 me·

431 4188 521 4243 morat,
541 4185 605 4234 idern
622 4186 695 4235 etiem
711 4202 761 4235 esse
778 4186 803 4235 in
821 4186 888 4236 Uret.
905 4187 939 4237 B:
956 4202 1039 4236 serum
1056 4186 1089 4236 ibi
1107 4191 1144 4237 est
1161 4204 1210 4253 πᾳ,
1228 4184 1358 4234 οοοιιοᾱωιι
1375 4183 1445 4233 testi·

432 4281 540 4330 monium
563 4281 709 4333 Schneideri.
743 4282 879 4332 Boeolxhius
903 4284 993 4349 recepit
1012 4302 1075 4354 παρ,
1094 4287 1119 4332 et
1136 4284 1165 4332 ed
1182 4281 1371 4331 confirmandam
1387 4295 1443 4329 sen·

433 4376 534 4425 tentiam
560 4393 627 4427 surm
653 4377 736 4427 attulit
760 4378 922 4443 Hesychinm,
949 4379 990 4444 qui
1015 4379 1086 4428 babet
1110 4380 1246 4449 παροτμύκι
1272 4378 1390 4447 διιγιθριιι
1417 4378 1444 4427 et

434 4470 541 4521 scholion
561 4471 693 4523 recentius:
715 4479 759 4539 ἐμὲ
775 4472 842 4526 δὀδν
857 4479 871 4533 ἡ
889 4481 949 4543 pexu
969 4477 1081 4544 διιγιθριι.
1114 4475 1186 4524 Certe
1201 4475 1338 4543 παροτρύιιι
1350 4471 1443 4537 puriter

433 4569 505 4631 atque
522 4568 608 4639 ὀτρύνει
625 4568 739 4635 explicari
755 4575 835 4635 potest
850 4586 893 4635 per
909 4572 1023 4640 διιγιθριι.
1172 4574 1179 4587 “
