3767 5534
537 850 656 916 Ibidem
682 856 745 917 664

703 973 719 1048 ἦ
744 973 946 1040 τούπιτάσσειν
968 982 1026 1047 τοῖς
1050 981 1200 1055 κρατοῦσιν
1224 978 1316 1042 ε’ννοεῖ.

537 1089 578 1153 Et
605 1093 687 1154 1059
711 1094 837 1178 τάδικεῖν
859 1101 962 1176 φιλῶν.
1007 1094 1141 1159 Maxime
1163 1118 1234 1159 vero
1258 1095 1334 1160 Oed.
1359 1093 1425 1159 (lol.
1451 1098 1515 1158 442

844 1211 878 1277 τὸ
901 1212 968 1295 δρῖιν
991 1216 1041 1279 οὐκ
1063 1213 1211 1290 ἠθέλησαν.

582 1331 655 1395 177.
694 1330 807 1411 κρύφον.
846 1331 885 1396 In
919 1332 1037 1397 scholio
1072 1339 1171 1397 vetere
1202 1332 1314 1398 dicitur
1345 1332 1543 1398 Aristarchus

535 1449 592 1513 hoc
627 1449 810 1514 vocabulum
847 1451 1064 1537 interpretatus
1100 1475 1164 1517 esse
1198 1452 1310 1533 κρύψιν.
1363 1452 1474 1518 Recte:
1511 1461 1542 1518 et

533 1567 646 1632 ibidem
669 1576 715 1632 est
737 1570 931 1655 interpetatio
954 1571 1148 1651 άφιινισιιόν.Δ

581 1690 652 1753 178.
687 1688 759 1753 ἐπεὶ.
795 1688 879 1753 Haec
908 1691 1083 1775 conjunctio
1107 1691 1139 1754 in
1163 1690 1277 1775 protasi
1300 1689 1400 1775 posita
1422 1696 1486 1768 est,
1510 1697 1541 1753 ct

533 1807 658 1891 copulat
680 1808 759 1872 banc
782 1810 964 1874 senteutiam
988 1832 1057 1874 cum
1081 1812 1182 1883 ἐκεῖνος
1205 1834 1232 1875 ιι.
1256 1835 1284 1875 τ.
1308 1824 1338 1876 λ.

889 2282 1084 2347 OLYMPIA
1118 2283 1183 2348 III.-

575 2520 713 2586 Tradunt
745 2521 943 2600 scholiastae,
976 2522 1132 2587 Castorem
1161 2530 1192 2586 et
1214 2521 1387 2601 Pollucem,
1412 2528 1538 2607 accepto

531 2639 568 2704 ab
601 2640 734 2705 Hercule
764 2642 936 2706 certaminis
968 2642 1103 2727 Olympii
1130 2642 1351 2720 moderamine,
1375 2642 1497 2727 ipsosf
1527 2680 1538 2691 ·

440 2761 442 2765 ⁴
529 2768 597 2824 tum
631 2761 801 2825 instituisse
836 2760 972 2838 Θεοξένια
1002 2761 1137 2839 dictum,
1170 2762 1243 2846 quia
1273 2768 1339 2826 tum
1362 2761 1444 2826 Deos
1468 2761 1537 2825 hos·

528 2879 604 2965 pitio
628 2881 764 2965 excipere
787 2880 978 2945 viderentur:
1011 2881 1144 2945 Theroni
1172 2888 1292 2959 autem,
1317 2880 1397 2945 illud
1420 2880 1533 2945 festum

529 2998 709 3077 celebranti,
735 3000 893 3064 victoriam
916 2998 1089 3085 Olympiam
1112 3001 1289 3065 nunciatam
1313 3023 1386 3064 esse.
1430 3001 1534 3085 Atque

528 3139 564 3179 ex
598 3117 654 3181 hac
689 3139 720 3181 re
754 3124 855 3181 totum
886 3117 944 3181 hoc
975 3140 1095 3181 carmen
1119 3119 1246 3203 ejusque
1270 3140 1391 3182 causam
1415 3124 1445 3182 et
1469 3141 1535 3183 sen·

527 3236 601 3300 tiam
624 3236 756 3322 pendere
781 3237 898 3301 volunt.
945 3236 1063 3301 Eodem
1085 3238 1233 3322 pertinuit
1255 3238 1430 3323 inscriptio,
1456 3260 1534 3324 quac

526 3354 667 3419 inlibris
691 3356 811 3442 scriptis
836 3363 898 3434 est,
923 3357 963 3427 εἷς
986 3355 1131 3433 Θεοξένια.

569 3474 744 3540 Boeckbius
767 3498 830 3540 non
854 3476 978 3540 omnino
1002 3476 1166 3562 rejicienda
1188 3476 1262 3541 haec
1286 3476 1464 3555 arbitratur,
1485 3499 1533 3541 ve·

523 3600 694 3659 rumtamen
727 3595 772 3659 ita
806 3597 908 3681 potius
943 3596 982 3661 ad
1018 3598 1184 3661 Dioscuros
1219 3603 1249 3660 et
1275 3595 1451 3660 Theoxenis
1473 3596 1533 3659 hoc

524 3735 643 3807 carmen
667 3715 865 3800 pertinuisse,
886 3724 922 3780 ut
938 3715 1127 3780 destinatum
1145 3716 1235 3779 luent
1249 3737 1377 3801 pompae
1393 3716 1532 3801 festoque

525 3834 685 3919 Agrigenti
716 3834 834 3919 agendo
866 3835 899 3909 iu
929 3835 991 3899 illis
1023 3835 1115 3899 sacris
1143 3834 1180 3916 ad
1206 3833 1415 3899 celebrandam
1439 3835 1532 3900 vieto

522 3953 614 4031 riam,
640 3960 671 4017 et
693 3955 901 4019 comissationi
924 3955 957 4019 in
981 3954 1096 4040 templo
1120 3953 1337 4017 Dioscurorum
1354 3953 1530 4033 habendae,

522 4071 573 4135 cui
595 4072 767 4137 interfuerit
789 4072 889 4137 Thero
913 4095 1027 4137 corona
1050 4080 1194 4137 ornatus:
1226 4072 1353 4136 fortasse
1376 4072 1464 4137 illum
1488 4072 1531 4137 ibi

522 4190 612 4254 etiam
647 4213 789 4256 coronam
825 4192 989 4257 dedicasse.
1036 4192 1077 4255 Et
1113 4191 1150 4255 de
1181 4213 1291 4277 pompa
1321 4192 1356 4287 in
1381 4190 1529 4277 templum
1610 4265 1614 4270 ¹

521 4308 599 4372 illud
622 4308 800 4375 deducenda
823 4310 939 4396 aliquid
963 4311 1128 4375 nonnullos
1145 4310 1309 4396 conjecisse
1324 4318 1429 4374 monet
1445 4310 1530 4375 scho-

521 4427 608 4491 liasta
632 4438 718 4493 vetus
742 4430 780 4493 ad
803 4452 836 4494 vs
862 4433 912 4494 10.
