3767 5534
903 739 966 800 att

474 949 576 1022 arpinus
598 942 680 1018 ποροὶ
703 948 844 1019 κρητῆρος
867 939 1012 1012 Ἐλλήνων
1035 938 1064 1002 ἐν
1087 940 1187 1010 adacio

474 1060 623 1126 συνοπαδοὶ
653 1060 784 1130 Πέλοπος
806 1057 926 1136 Μοτρὸς
949 1058 1040 1134 ὀρείοις
1063 1057 1183 1136 Φρύγιον
1206 1058 1308 1122 ἄεισον
1331 1057 1434 1134 νόμον·

474 1180 515 1245 τοὶ
540 1180 564 1242 δ’
585 1178 736 1259 ὀξυφώνοις
759 1177 901 1252 camelos
923 1182 1057 1256 ψολμοῑς
1080 1177 1173 1257 κρέκον
1419 1149 1423 1157 ¹

476 1298 577 1362 Λύδιον
600 1296 694 1375 ὕμνον.

431 1415 521 1482 Certe
543 1418 639 1481 Doria
661 1417 820 1482 harmonia
844 1417 965 1481 videtur
987 1416 1081 1479 fuisse
1101 1416 1236 1499 gravior,
1254 1415 1362 1480 Aeolia
1377 1415 1437 1479 lae·

431 1537 506 1615 tior,
538 1537 692 1621 quomodo
718 1538 793 1621 ipsis
816 1536 935 1601 Aetolis
958 1538 1055 1601 οἰκεῖον
1078 1538 1095 1609 ἡ
1118 1535 1296 1618 dimonia:
1322 1534 1436 1599 Athen.

431 1655 468 1720 L.
503 1656 579 1720 XIV
614 1680 644 1742 p.
681 1659 755 1720 624.
801 1655 915 1720 Luctui
950 1664 1053 1720 autem
1089 1656 1316 1719 convenientem
1348 1654 1437 1718 Plato

431 1774 647 1859 Mixolydicam
679 1783 709 1838 et
739 1774 1008 1859 Syntonolydioam
1037 1772 1129 1837 dicit:
1154 1772 1290 1837 Ionicam
1313 1795 1384 1836 vero
1408 1779 1439 1837 et

431 1891 578 1977 Lydioam
600 1893 758 1957 remissam
781 1901 812 1957 et
835 1893 1050 1970 convivialem,
1071 1895 1227 1969 μολοκὴν,
1243 1894 1438 1969 concortallo,

432 2010 580 2091 χολοροὶν.
626 2011 726 2096 Ergo,
758 2012 842 2097 quod
873 2012 1057 2076 Plutarchus
1089 2012 1127 2075 de
1149 2011 1248 2096 Lydia
1272 2034 1288 2075 a
1311 2010 1439 2075 Platone

434 2129 495 2194 dici
526 2130 675 2215 explicat,
707 2131 739 2194 id
767 2131 804 2196 ab
829 2153 865 2194 eo
888 2154 951 2195 non
975 2131 1012 2195 de
1034 2130 1150 2216 Lydia.
1175 2131 1227 2196 sed
1250 2130 1289 2195 de
1311 2131 1440 2216 Mixoly·

434 2248 482 2312 dia
508 2257 538 2312 et
560 2248 782 2334 Syntonolydia
803 2250 920 2314 dictum
945 2250 1013 2313 luit.
1044 2249 1134 2314 Certe
1157 2251 1219 2315 fuit
1240 2249 1340 2336 Lydia
1363 2251 1440 2315 festo

435 2373 466 2430 et
498 2368 591 2432 animi
625 2369 796 2432 remissioni
827 2370 1021 2434 couveniens.
1067 2368 1196 2434 Carmen
1227 2370 1285 2433 hoe
1316 2369 1441 2434 Pindari

436 2484 564 2569 Lydiam
595 2487 782 2551 harmoniam
813 2488 955 2552 habuisse
982 2487 1103 2552 videtur
1125 2489 1157 2552 in
1180 2489 1323 2553 victoriae
1346 2489 1440 2553 festo:

437 2627 515 2682 non,
546 2613 583 2669 ut
604 2604 762 2671 Boeclrhio
789 2607 904 2692 placet,
928 2608 961 2670 in
985 2608 1221 2692 supplicatione:
1246 2630 1334 2685 nam,
1359 2608 1441 2691 quod

436 2722 488 2785 ille
519 2724 579 2802 ait,
609 2747 673 2789 earn
697 2726 885 2790 harmoniam
911 2726 1010 2790 luctui
1034 2750 1098 2791 esse
1122 2735 1238 2813 aptam,
1262 2726 1344 2790 haud
1369 2728 1442 2790 satis

437 2847 520 2905 certo
551 2842 692 2907 affirmari
721 2844 924 2909 ostendimus:
958 2869 1014 2909 neo
1044 2846 1144 2910 luctus
1174 2844 1255 2910 idem
1282 2852 1443 2929 astatque

437 2959 637 3045 supplicatio:
669 2985 742 3041 nec,
774 2964 800 3027 si
831 2964 889 3028 hoe
920 2964 1042 3049 quidem
1076 2988 1162 3035 versu
1186 2964 1280 3030 Poeta
1311 2964 1386 3028 dicit
1412 2988 1443 3028 se

373 3107 376 3112 ·
438 3078 606 3163 supplicem
637 3081 675 3145 ad
704 3081 811 3146 Jovem
842 3085 962 3163 venire,
987 3084 1100 3149 idcirco
1124 3092 1221 3148 totum
1245 3107 1364 3149 carmen
1388 3105 1444 3169 pro

439 3197 659 3281 supplicatione
682 3200 755 3264 luit:
780 3201 873 3266 habet
896 3203 1020 3287 quidem
1043 3205 1133 3267 etiam
1158 3204 1445 3287 praetereainvoea-

438 3318 554 3381 tionem
577 3327 607 3381 et
630 3319 863 3403 appellationem
886 3321 1076 3401 Nominum,
1100 3322 1152 3387 sed
1177 3322 1254 3387 nihil
1271 3321 1362 3386 habet
1378 3322 1446 3385 tris-

438 3436 526 3500 titiae
550 3437 597 3501 vel
619 3440 774 3504 moeroris.
809 3440 856 3505 Of.
881 3440 931 3506 Ol,
957 3441 991 3505 ΙΙ
1016 3444 1156 3506 25-27.

485 3552 627 3617 (letemm
650 3557 714 3620 fieri
738 3581 827 3643 posse
849 3559 1007 3637 existimo,
1031 3567 1067 3624 ut
1086 3560 1179 3624 tibiae
1196 3558 1367 3644 appellatae
1383 3558 1445 3621 sint

441 3671 569 3755 Lydiae,
587 3695 648 3736 non
666 3688 788 3759 propter
803 3676 1007 3755 harmoniam,
1025 3677 1077 3741 sed
1094 3678 1180 3761 quasi
1197 3676 1283 3761 epieo
1301 3675 1445 3760 epitheto.

441 3788 575 3874 Phryges
600 3800 751 3870 castorea,
776 3804 806 3857 et
825 3795 1018 3880 Hyagnidem
1033 3796 1185 3881 Phrygem
1201 3795 1333 3880 primum
1350 3794 1446 3857 fuisse

440 3908 583 3973 tibiarum
619 3919 770 3975 auctorem
803 3916 947 3978 memoria
976 3923 1022 3979 est
1053 3915 1134 3999 apud
1160 3913 1364 3978 Plutarchum
1400 3912 1447 3977 De

442 4023 524 4090 Mus.
556 4026 590 4091 C.
618 4028 691 4092 VII.
739 4031 838 4095 Aliter
860 4033 984 4115 quidem
1008 4034 1073 4118 ipse
1097 4032 1265 4110 Pindarus,
1289 4030 1343 4116 Py.
1369 4029 1446 4097 XII.

442 4143 516 4223 Sed,
540 4168 636 4229 quum
659 4148 783 4212 omnino
806 4122 896 4234 apud¹
910 4150 1109 4216 Plutarchum
1133 4150 1307 4235 Phrygibus
1324 4172 1360 4213 ea
1375 4171 1445 4233 pars

443 4265 576 4329 musicae
598 4266 764 4345 tribuatur,
790 4276 836 4349 et,
861 4276 897 4332 ut
920 4292 956 4334 ex
978 4270 1135 4334 Athenaeo
1152 4268 1358 4345 ostendimus,
1376 4290 1447 4336 curn

444 4382 601 4469 Phrygum
632 4387 754 4450 nomine
784 4408 894 4452 nomen
928 4388 1081 4474 Lydorum
1113 4389 1364 4473 conjungeretur:
1393 4388 1450 4452 lor·

446 4507 525 4565 tasse
556 4526 590 4566 ex
624 4504 798 4588 hujusmodi
831 4506 994 4571 traditione
1023 4508 1116 4571 tibiae
1140 4506 1254 4590 Lydiae
1277 4505 1450 4571 nominatae
