3767 5534
972 730 1036 789 296

541 933 592 993 15.
628 930 780 1007 καμόντες.
817 930 864 994 De
894 930 1060 1017 majoribus
1090 931 1240 996 Theronis
1268 941 1338 1019 post
1361 934 1515 1000 Thersan-

494 1048 584 1112 drum
608 1071 705 1134 pauca
728 1056 803 1113 cunt
825 1050 963 1135 cognita:
987 1050 1021 1115 hi
1045 1057 1147 1115 autem
1171 1051 1290 1116 labores
1313 1074 1376 1117 non
1398 1053 1513 1138 primo-

493 1194 561 1234 rum
594 1178 749 1233 atavorum
782 1175 853 1233 ante
883 1168 1111 1235 Thersandrum
1140 1172 1368 1257 significantur,
1394 1172 1447 1237 sed
1471 1172 1513 1237 ad

495 1312 530 1354 ea
559 1296 697 1374 tempora.
726 1288 897 1373 pertinent,
928 1312 1007 1374 quae
1031 1291 1131 1374 gentis
1156 1291 1221 1376 ejus
1244 1292 1276 1356 in
1300 1291 1436 1356 Siciliam
1460 1292 1513 1357 ad·

495 1415 619 1473 ventum
651 1409 787 1493 proxime
818 1419 1066 1495 praecesserunt,
1100 1418 1153 1474 aut
1177 1411 1215 1475 ad
1239 1412 1341 1497 ipsum
1365 1434 1437 1476 eum
1461 1412 1514 1476 ad·

496 1534 629 1591 ventum.
677 1526 744 1592 Neo
774 1528 944 1613 quidquam
976 1528 1013 1593 de
1043 1529 1097 1593 illo
1127 1530 1261 1595 adventu
1291 1533 1511 1616 eognovimus,

494 1646 556 1710 nisi
585 1646 800 1711 Telemachum
831 1647 865 1711 in
895 1646 1030 1712 Siciliam
1054 1648 1181 1727 abiisse,
1207 1671 1304 1734 quum
1327 1650 1421 1713 frater
1444 1651 1512 1737 ejus

494 1763 614 1851 Clytius
645 1766 677 1829 in
700 1765 800 1829 Thera
824 1773 969 1849 maneret.
1016 1765 1133 1832 Verum
1156 1767 1343 1833 credendum
1367 1792 1441 1835 sane
1465 1779 1513 1834 est

493 1883 644 1960 Pindaro,
669 1883 764 1947 luisse
787 1883 913 1948 illorum
936 1905 1064 1968 magnos
1088 1884 1217 1949 labores.

543 2005 593 2067 15.
625 2003 713 2085 θυμῷ.
744 2002 819 2068 Non
842 2004 1045 2089 significatur,
1070 2027 1121 2069 eos
1144 2028 1256 2091 magno
1280 2007 1382 2070 auimo
1402 2007 1513 2072 tulisse

494 2123 632 2201 labores,
657 2122 710 2187 sed
733 2123 853 2187 labores
876 2123 947 2187 illos
971 2123 1009 2186 ad
1034 2124 1171 2189 animum
1196 2125 1396 2210 pertinuisse:
1427 2124 1513 2190 velut

495 2243 649 2307 Homerus
673 2240 733 2306 Od.
757 2241 819 2306 14

543 2362 644 2427 πολλοὶ
668 2361 694 2426 δ’
716 2359 764 2439 ὅγ’
787 2364 816 2426 ἕν
843 2362 937 2442 σίνσῳ
962 2360 1053 2426 σοίίεν
1076 2360 1179 2439 ἄλγεα
1202 2359 1231 2428 ὃν
1254 2362 1337 2427 κασία
1359 2363 1458 2441 ίνμίν.

541 2485 592 2546 16.
617 2482 686 2563 ἱερὸν
701 2479 810 2559 οίκνμα
825 2486 972 2557 ποταμοῦ.
997 2482 1217 2566 Agrigentum,
1235 2480 1273 2544 ad
1290 2481 1403 2545 flumen
1421 2483 1516 2546 Acra-

494 2607 588 2687 ganta
607 2601 751 2686 positum.
784 2599 839 2685 Py.
861 2598 927 2663 XII
948 2603 969 2663 4
988 2596 1036 2664 οἵτ’
1057 2599 1158 2681 ίχίανς
1175 2600 1221 2665 ἕνα
1238 2599 1408 2677 μαλοβίσον
1425 2600 1514 2673 ναίεις

494 2718 706 2800 Ἀκράγαντος.
736 2716 857 2783 Ibidem
874 2717 1078 2802 Agrigentum
1102 2716 1216 2780 dicitur
1238 2715 1422 2799 Φερσεφόνας
1438 2714 1513 2788 taor:

497 2842 602 2900 utrum
626 2835 684 2899 hoo
707 2834 774 2898 loco
798 2834 868 2913 ἱερὸν
892 2856 927 2897 ea
950 2834 1173 2919 significatione
1190 2857 1228 2898 an
1245 2857 1304 2899 usu
1325 2834 1411 2919 epioo
1427 2834 1516 2899 illua·

496 2954 599 3020 trandi
623 2970 714 3017 causa
726 2952 861 3038 positum
874 2953 915 3016 sit
919 3001 929 3030 ,
952 2959 988 3016 ut
1000 2951 1083 3037 apud
1095 2952 1262 3017 Homerum
1274 2951 1335 3019 Od.
1349 2952 1367 3017 Ι
1379 2955 1398 3015 2
1411 2953 1516 3034 Τροίης

497 3074 568 3155 ἱερὸν
590 3072 768 3153 πτολίεθρον,
793 3079 824 3136 et
847 3073 1029 3151 sexcenties,
1055 3073 1092 3137 ad
1117 3072 1171 3158 Py.
1192 3072 1259 3136 XII
1277 3072 1516 3159 disputabimus.

547 3193 597 3254 18.
632 3189 796 3271 ὀφθαλμός.
832 3190 934 3255 Decus
964 3191 1095 3256 maxime
1126 3191 1328 3275 conspicuum
1358 3191 1416 3255 hoo
1446 3192 1517 3257 looo

499 3310 698 3395 significatur.
738 3309 871 3373 Paulum
893 3308 994 3373 differt
1016 3309 1196 3395 significatio
1218 3308 1268 3374 Ol.
1285 3308 1333 3374 VI
1349 3312 1389 3376 27
1400 3360 1410 3389 ,
1432 3310 1516 3394 quod

499 3452 555 3494 suo
580 3429 647 3493 loco
672 3428 898 3494 annotabimus.

545 3549 597 3611 21.
633 3547 776 3623 γνησίαις.
812 3545 985 3610 Scholiasta
1015 3553 1104 3611 vetus
1135 3546 1268 3631 explicat
1295 3547 1450 3632 proprias,
1476 3547 1518 3611 la·

498 3667 571 3731 bore
596 3673 716 3750 partas,
741 3687 803 3730 non
828 3664 978 3728 adscitas:
1004 3665 1101 3742 alius,
1127 3664 1165 3728 ab
1188 3664 1307 3749 origine
1331 3665 1449 3729 insitas.
1475 3665 1517 3728 ln

498 3784 674 3850 Boeokhius
703 3785 813 3849 insitas
843 3791 972 3861 natura,
1008 3806 1104 3869 quum
1135 3789 1241 3847 eontra
1264 3784 1364 3868 gratia
1387 3792 1418 3848 et
1440 3784 1523 3876 diri-⁸

499 3904 559 3969 tiae
590 3904 653 3969 sint
683 3903 861 3989 acquisitae.
918 3902 1044 3966 Potius·
1059 3901 1272 3986 significantur
1303 3902 1517 3987 incorruptae,

501 4046 595 4087 verae.
644 4021 695 4086 Sic
718 4021 801 4107 apud
825 4021 983 4086 Pollucem
1006 4020 1043 4085 L.
1067 4019 1120 4084 III
1143 4018 1178 4084 0.
1204 4020 1234 4084 X
1254 4042 1347 4105 segm.
1366 4022 1407 4083 86
1426 4020 1518 4101 ἀργί-

499 4166 555 4226 ρνον
577 4144 709 4219 γνήσιον,
734 4141 872 4221 καθαρὸν,
896 4140 1023 4217 aaron,
1039 4137 1174 4220 οίκρασον.
1209 4138 1389 4215 Philemon,
1406 4138 1516 4224 fragm.

501 4261 536 4325 H
559 4284 593 4325 vs
618 4264 634 4327 7
661 4260 708 4325 ed.
734 4260 885 4325 Brunchii

655 4379 726 4443 αλλ’
748 4373 826 4448 ίσσνς
849 4374 950 4441 ἄδολον
973 4378 1096 4454 γνησίαν
1115 4376 1144 4440 τ’
1168 4376 1245 4456 ἔχων
1268 4377 1357 4459 φύσιν

657 4492 728 4562 εἶναι
752 4496 857 4568 δίκαιος
881 4499 930 4561 κοῦ
954 4496 1043 4561 δοκεῖν
1066 4492 1138 4561 εἶναι
1162 4496 1246 4562 llaec.
