3767 5534
842 696 904 761 aot

410 904 463 965 54.
503 900 656 982 μάρτυρες.
697 899 820 964 Scilicet
851 906 902 965 τοῦ
933 906 1038 964 πιστοῦ
1062 899 1124 963 sive
1148 907 1201 974 τῆς
1224 901 1376 972 ansaldus.

360 1019 414 1085 Sic
436 1020 487 1085 Ol.
514 1019 543 1083 X
568 1022 609 1084 65
629 1022 643 1085 ὂ
665 1017 834 1100 ἐξελέγχων
850 1019 933 1095 μόνος
950 1019 1092 1083 ἀλάθειαν
1107 1020 1250 1097 ἐτήτυμον
1265 1019 1376 1100 χρόνος.

409 1141 463 1204 51.
498 1141 586 1216 μείων
608 1139 667 1219 γὰρ
690 1139 782 1202 αἰτία.
819 1135 1070 1222 comparativum
1093 1160 1208 1222 ponens
1225 1138 1378 1223 significat

360 1257 476 1336 Poeta,
509 1257 630 1342 culpam
661 1257 792 1322 inveniri
823 1278 912 1342 posse
940 1256 987 1321 vel
1019 1255 1100 1321 bona
1123 1257 1161 1321 da
1185 1256 1253 1320 Diis
1277 1256 1377 1321 dicere

360 1377 511 1463 cupienti.
559 1375 600 1441 Of
631 1355 805 1442 dissertatio
839 1384 944 1441 nostra
977 1376 1015 1441 de
1050 1375 1176 1441 Pindari
1209 1376 1376 1463 sapientia,

361 1496 399 1561 G.
425 1496 523 1583 161
550 1518 620 1583 pag.
647 1499 676 1562 7.

412 1618 465 1680 58.
501 1617 544 1681 σὲ.
579 1615 697 1680 Pendet
721 1615 771 1679 hic
796 1614 1205 1697 666666111666ἰιιὶρπ61σαι
1230 1639 1271 1679 16.
1298 1617 1349 1679 ol.

412 1738 465 1799 59.
503 1735 592 1800 ιίντία
621 1733 768 1815 προτέρων.
805 1733 871 1815 Qui
901 1735 1016 1799 fuerint
1047 1736 1238 1820 potissimum
1270 1736 1380 1800 veteris

360 1854 404 1919 da
426 1854 541 1940 Pelope
563 1854 739 1919 traditionis
762 1862 919 1933 auctores,
953 1878 1015 1919 non
1039 1865 1181 1941 apparat:
1210 1854 1293 1939 apud
1317 1854 1381 1918 Ho-

361 2000 486 2042 merum
502 1985 532 2041 et
548 1977 718 2042 Hesiodum
733 1978 849 2043 mentio
865 1977 991 2062 quidem
1007 1976 1093 2041 nulla
1108 1975 1146 2039 116
1162 1998 1197 2040 ea
1208 1974 1312 2040 fabula
1324 1981 1379 2039 est.

412 2100 465 2162 6⁰.
502 2097 635 2163 εἰιιὶλεσε.
660 2097 783 2162 Scilicet
804 2097 901 2173 θεούς,
924 2120 940 2161 6
965 2119 1008 2160 vs.
1034 2098 1087 2159 63.

413 2218 466 2280 63.
501 2216 595 2296 ἔρανον
618 2215 680 2281 11161
703 2217 809 2302 epulas
832 2239 867 2282 ex
891 2216 967 2301 ipsis
991 2216 1189 2280 convivarum
1212 2215 1300 2279 donis
1318 2214 1378 2278 col-

362 2335 447 2401 latas
477 2336 552 2400 satis
581 2342 690 2400 notum
723 2344 786 2401 est:
817 2357 896 2420 quae
923 2335 1107 2421 significatio
1131 2334 1204 2399 huic
1227 2333 1295 2398 loco
1319 2356 1380 2398 non

364 2454 528 2533 convenit,
560 2452 614 2518 sed
645 2453 857 2539 significantur
888 2454 998 2540 epulae
1028 2477 1130 2519 amore
1160 2461 1191 2517 et
1222 2453 1380 2517 voluntate

363 2572 499 2638 oblatae.
544 2571 669 2637 Latione
701 2595 792 2639 6611611
822 2573 917 2655 ἔρανος
949 2574 1074 2638 omuino
1105 2581 1151 2637 est
1178 2572 1293 2637 donum
1316 2595 1382 2658 gra·

364 2692 502 2771 tuitum,
533 2692 618 2758 velut
640 2691 748 2779 Eurip.
774 2692 849 2779 Sup.
874 2695 938 2759 363
964 2693 1079 2758 dicitur
1102 2693 1140 2757 de
1164 2692 1266 2757 labore
1290 2715 1381 2778 quem

363 2813 457 2879 liberi
489 2820 613 2898 propter
643 2819 784 2896 parentes
815 2813 1005 2891 sustineant,
1039 2812 1210 2899 praemium
1237 2812 1381 2877 aliberis

369 2929 540 3017 aliquando
563 2929 716 2995 habituri:

504 3047 662 3115 κάλλιστον
685 3048 779 3132 ἔρανον
801 3050 864 3123 δοὺς
887 3050 946 3131 γάρ
969 3050 1162 3133 ἀντιλάζυται

505 3167 614 3232 παίδων
636 3172 705 3248 παρ’
727 3169 818 3235 αὑτοῦ
841 3170 938 3250 τοισίδ’,
963 3169 1000 3235 ἃν
1022 3177 1135 3236 τοκεῦσι
1159 3171 1206 3252 δῷ.

370 3286 414 3352 nt
444 3286 527 3372 apud
556 3286 718 3352 Platonem
748 3286 787 3352 dc
817 3288 897 3374 legg.
926 3289 974 3353 XI
998 3293 1061 3354 915
1091 3290 1271 3355 anniversa
1294 3290 1383 3367 ἔναντι

372 3414 447 3472 sunt
469 3407 565 3485 dona,
590 3430 668 3493 qnae
691 3409 761 3494 quis
784 3409 821 3474 ab
846 3410 951 3475 amicis
975 3410 1117 3496 colligat,
1142 3417 1173 3475 et
1189 3413 1251 3477 937
1271 3410 1384 3475 dicitur

318 3606 320 3611 Α
372 3533 457 3592 tutor
486 3526 535 3604 id,
567 3526 652 3613 quod
674 3526 756 3592 orbis
779 3528 979 3607 benefecerit,
1012 3529 1107 3608 ἔρανον
1129 3529 1268 3613 εἰσφέρειν
1291 3531 1385 3612 ἐαυτῷ

371 3669 407 3710 τε
437 3644 487 3708 καὶ
516 3652 575 3718 τοῖς
606 3646 720 3711 ἑαυτοῦ.
747 3684 793 3696 -
814 3646 853 3711 In
876 3648 924 3712 his
947 3648 1022 3734 ipsis
1046 3649 1163 3735 epulis,
1188 3648 1241 3713 sed
1264 3648 1387 3734 Pelopis

372 3764 523 3849 sanguine
539 3766 721 3843 cruentatis,
742 3767 802 3831 hoc
820 3789 932 3832 nomen
949 3769 1075 3854 ponitur·
1092 3768 1201 3854 Enrip.
1218 3767 1288 3833 Hel.
1303 3772 1386 3833 388:

373 3882 444 3959 ἡνίκ’
467 3882 561 3963 ἔρανον
584 3885 613 3954 ἐς
636 3886 713 3957 θεοὺς
728 3888 852 3963 παισθεὶς
868 3889 981 3960 ἐποίεις.
1000 3925 1046 3937 -
1061 3887 1256 3973 Adjectivum
1268 3888 1388 3967 εὐνομώ-

370 4025 463 4067 τατιν
482 4025 498 4065 a
513 4002 609 4067 Poeta
625 4004 760 4087 positum
776 4004 965 4070 arbitrantur
981 4006 1124 4070 nonnulli
1137 4006 1175 4070 ad
1192 4007 1386 4072 avertendam

372 4144 392 4184 a
421 4120 544 4185 Tantali
574 4120 674 4206 epulis
704 4122 783 4185 oaesi
813 4122 936 4209 Pelopis
969 4125 1186 4209 ignominiam:
1221 4125 1385 4209 significari

373 4241 478 4325 potius
500 4239 590 4305 credo
614 4240 750 4305 debitum
775 4242 843 4306 Diis
866 4244 1028 4322 honorem,
1054 4267 1144 4329 quem
1159 4244 1221 4308 illis
1238 4244 1385 4312 Tantalus

374 4359 569 4447 praestiterit.

423 4479 474 4542 63.
519 4479 624 4563 φίλαν.
640 4546 644 4552 ἡ
660 4479 727 4543 Diis
751 4479 903 4552 dilectam,
