3767 5534
912 700 951 761 ol

459 928 555 979 nmero
577 927 644 969 eam
666 912 699 969 et
720 902 851 967 inveniri
874 911 905 965 et
928 899 1038 985 aperiri
1058 898 1237 976 ostendens,
1258 897 1437 962 modestiam

423 1088 426 1092 .
457 1025 485 1087 in
507 1022 762 1109 praestantissimis
797 1019 991 1085 commendat
1025 1017 1162 1103 gaudiia:
1199 1017 1311 1082 etenim
1346 1039 1438 1096 „cum

456 1140 507 1205 Dco
524 1151 584 1207 sato
605 1141 721 1207 firmior
744 1138 921 1203 hominibus
945 1138 1071 1201 fortuna
1092 1134 1226 1200 manet.”
1240 1136 1265 1220 1)

488 1257 536 1323 Sed
554 1267 674 1345 praeter
696 1280 763 1322 eam
785 1255 1042 1331 inconstantiam,
1067 1275 1145 1337 quae
1168 1260 1296 1317 naturae
1316 1260 1438 1317 nostroe

453 1374 579 1461 rebusque
605 1376 718 1441 nostris
744 1375 789 1439 ita
811 1374 934 1459 proprie
961 1380 1021 1451 est,
1052 1381 1087 1436 ut
1113 1394 1149 1436 ea
1175 1372 1305 1436 maxime
1332 1370 1440 1434 distin-

453 1513 559 1573 guamur
580 1494 618 1559 ab
637 1492 866 1558 immortalitate
882 1492 1036 1569 Deorum,
1053 1490 1188 1554 ostendit
1203 1497 1358 1575 praeterea
1373 1490 1440 1573 ipsa

454 1612 598 1679 multorum
622 1614 696 1678 vitia
720 1612 880 1678 hominum
899 1620 930 1677 et
949 1610 1032 1690 odia,
1053 1632 1153 1695 neque
1172 1618 1275 1675 tamen
1295 1610 1334 1673 ad
1356 1608 1441 1674 aliud

453 1733 555 1796 canisi
583 1732 622 1797 ad
652 1731 776 1797 leudem
803 1731 895 1796 simul
922 1737 953 1795 et
976 1730 1155 1795 modestiam
1179 1751 1302 1807 eorum,
1328 1729 1441 1813 quiea

452 1846 536 1913 rident
558 1858 589 1914 et
611 1852 791 1935 patiuntur,
816 1849 967 1935 pertinere
991 1849 1075 1926 vult,
1100 1855 1135 1912 ut
1158 1848 1190 1911 id
1213 1848 1333 1933 ipsum,
1358 1846 1441 1931 quod

450 1966 569 2033 rideatur
591 1970 722 2047 malum,
743 1968 879 2033 conferre
898 1967 1021 2032 studeat
1040 1967 1073 2031 in
1092 1967 1218 2031 bonum.
1255 1966 1351 2031 Velut
1370 1966 1445 2031 Hie-

445 2106 535 2152 ronem
564 2088 694 2153 laudans
725 2087 885 2152 verborum
917 2087 1095 2151 brevitatem
1126 2095 1157 2149 et
1180 2086 1441 2171 opportunitatem

442 2207 587 2291 sequitur,
619 2215 656 2271 ut
685 2207 785 2271 minor
815 2207 856 2269 sit
877 2204 1074 2292 reprehensio
1097 2204 1276 2285 hominum,
1300 2228 1442 2290 maguam

440 2322 472 2389 de
489 2324 586 2389 aliena
606 2326 720 2389 virtute
739 2324 998 2410 praedicationem
1016 2345 1079 2387 non
1099 2325 1277 2389 ferentium:
1295 2332 1443 2419 ettamen
1530 2325 1535 2333 '

435 2442 517 2507 iactis
540 2452 577 2507 ut
599 2441 694 2508 Hiero
717 2444 819 2508 vincat
841 2442 988 2507 invidiam
1012 2442 1172 2521 admonet,

793 2563 836 2638 μὴ
860 2561 955 2640 παρίει
981 2559 1078 2625 καλοὶ·

435 2701 468 2743 oe
497 2680 630 2743 remittas
659 2681 769 2743 brudeo.
783 2680 807 2764 ⁹)
845 2679 917 2743 Alio
948 2678 1015 2743 looo
1044 2687 1188 2764 provocat
1210 2679 1249 2742 ad
1264 2680 1370 2745 diem:
1396 2691 1444 2760 et,

432 2799 570 2883 quamvis
593 2800 633 2862 sit
656 2798 768 2883 aliquis
791 2799 932 2877 invidus,
957 2798 1103 2863 invidiam
1127 2798 1202 2863 dicit
1222 2799 1343 2864 inanem
1363 2800 1444 2866 volvi

431 2918 562 2982 tenebris
594 2924 625 2981 et
646 2916 753 2982 cadere
776 2918 882 2995 humi,
906 2918 960 2982 sed
984 2918 1107 2982 laudem
1129 2918 1193 2982 fore
1216 2926 1323 2983 ratam.
1336 2922 1360 3004 ³)
1406 2919 1444 2984 In

432 3034 543 3100 Theaei
574 3037 681 3120 Argivi
712 3037 847 3100 victoriis
877 3036 1089 3121 praedicandis
1120 3037 1196 3101 vitat
1223 3037 1369 3101 orationis
1397 3059 1445 3101 co·

433 3154 530 3237 piam:
546 3156 572 3237 4)
600 3154 661 3218 imo
685 3177 756 3219 vero
781 3155 946 3219 defutura
970 3156 1034 3239 ejus
1058 3157 1171 3241 majore
1195 3155 1320 3220 victoria
1343 3164 1443 3220 mente

433 3271 637 3355 praecipiensz
652 3293 695 3350 „o
709 3271 867 3357 Jupiter,’'
879 3273 995 3357 inquit,
1009 3294 1111 3356 „quae
1127 3279 1228 3337 mente
1245 3273 1344 3356 cupit,
1361 3279 1443 3338 tacet

433 3389 497 3474 ejus
527 3411 579 3466 oar
612 3387 666 3453 sed
696 3390 794 3454 omnis
824 3390 1019 3480 rerumfinis
1042 3390 1129 3454 inte
1152 3396 1214 3453 est:
1240 3413 1295 3455 neo
1318 3391 1443 3456 laudem

431 3514 573 3592 precatur
595 3508 653 3585 ita,
677 3515 712 3571 ut
735 3508 820 3571 cordi
838 3506 937 3572 desidi
956 3508 1074 3572 adferat
1093 3508 1283 3573 audaciam.”
1298 3510 1321 3593 ⁵)
1355 3508 1445 3575 Prae·

432 3624 532 3690 clarus
561 3624 647 3689 locus
679 3633 741 3689 est:
772 3625 904 3711 primum
936 3633 1024 3690 tanta
1049 3626 1194 3711 precandi
1216 3626 1383 3705 modestia,
1408 3636 1444 3691 ιιι

432 3742 594 3806 maximam
624 3741 747 3807 laudem
769 3782 815 3793 -
837 3744 1027 3829 significatur
1057 3751 1159 3808 autem
1191 3744 1317 3809 victoria
1339 3744 1443 3831 Olym·

432 3861 500 3946 piae
529 3898 575 3909 —
604 3868 705 3925 mente
736 3862 861 3945 quidem
891 3885 909 3926 a
936 3862 1012 3926 Jove
1043 3869 1201 3947 precetur,
1229 3862 1282 3927 sed
1306 3866 1443 3931 oratione

434 3980 585 4065 appellare
608 4001 671 4044 non
694 3980 823 4045 audeat:
847 3990 914 4045 tum
937 4003 1009 4046 vero
1032 3979 1147 4066 duplex
1170 3982 1313 4066 sperandi
1336 4005 1443 4063 causa,

434 4099 545 4177 altera,
577 4097 661 4181 quod
690 4097 813 4184 Jupiter
841 4101 944 4163 omnia
967 4099 1147 4165 mortalibus
1170 4101 1336 4185 perficiat,
1349 4103 1443 4167 altera

434 4238 521 4297 vero,
546 4215 630 4300 quod
652 4238 715 4281 non
737 4225 850 4282 temere
868 4239 924 4282 nee
945 4218 1010 4281 aine
1028 4217 1131 4283 labore
1151 4218 1279 4303 gloriam
1300 4220 1444 4287 audacter

468 4386 493 4448 1)
510 4388 575 4436 nem.
596 4387 671 4436 7111.
688 4386 729 4437 ca.
795 4387 821 4449 ι)
839 4389 882 4453 ry.
901 4390 923 4438 ι.
943 4386 1081 4441 ιιι-ιιι.
1150 4388 1174 4451 ι)
1192 4391 1257 4440 nan.
1269 4391 1314 4441 ιι.
1327 4391 1443 4457 caup.

467 4480 681 4541 omnm
793 4482 949 4545 cmm
