3767 5534
894 744 959 804 234

413 950 444 1007 et
475 966 653 1028 generosam
682 943 755 1007 colit
779 942 957 1007 Arcadiam:
983 942 1052 1020 ille,
1078 966 1096 1005 o
1120 944 1164 1008 fili
1187 943 1334 1021 Sostrati,
1360 966 1432 1007 cum

316 1065 378 1126 140
415 1068 500 1146 patre
524 1070 650 1126 tonante
675 1062 767 1126 efficit
790 1070 874 1125 tuam
899 1061 1086 1127 felicitatem.
1135 1050 1361 1149 Cogitationem
1379 1063 1433 1126 ali·

415 1203 508 1265 quam
531 1181 628 1246 habeo
652 1183 684 1245 in
708 1181 815 1266 lingua
838 1182 914 1245 cotis
938 1204 1082 1259 sonorae,
1108 1204 1187 1266 quae
1210 1204 1259 1245 me
1282 1182 1435 1246 volentem
1541 1191 1545 1195 ’

416 1301 543 1364 attrahit
562 1300 718 1365 dulcifluis
734 1302 868 1366 flatibus.
906 1302 985 1364 Avia
1005 1309 1052 1365 est
1067 1324 1134 1365 mea
1149 1310 1285 1365 materna
1302 1301 1437 1365 florifera

424 1419 565 1505 Metopa‚
595 1421 704 1484 fortem
737 1443 815 1506 quae
838 1420 975 1485 Thebam
1000 1422 1136 1506 peperit,
1162 1421 1250 1505 cujus
1274 1420 1437 1486 amabilem

420 1561 533 1624 aquam
552 1539 640 1618 bibo,
662 1540 733 1603 viris
750 1540 881 1604 fortibus
896 1548 1022 1604 nectens
1039 1562 1159 1604 carmen
1177 1539 1303 1603 varium.
1328 1537 1439 1602 Excita

321 1659 385 1721 150
422 1680 506 1722 nunc
536 1657 673 1736 sodales,
699 1660 819 1738 Aenea,
845 1660 978 1744 primum
1003 1668 1039 1723 ut
1061 1658 1217 1723 lunonem
1239 1657 1439 1721 Partheniana

419 1786 548 1842 canant:
585 1777 707 1842 discant
740 1778 869 1857 deinde,
905 1788 1038 1844 veterem
1072 1778 1257 1842 calumniam
1293 1800 1332 1841 an
1366 1797 1438 1841 vero

422 1920 561 1962 sermone
591 1899 763 1983 fugiamus,
794 1898 954 1964 Boeotiam
986 1922 1080 1963 suem.
1127 1898 1170 1961 Es
1200 1898 1279 1961 enim
1305 1897 1439 1961 nuncius

421 2023 539 2094 rectus,
567 2017 742 2082 decentium
770 2019 885 2103 scytale
908 2018 1084 2096 Musarum,
1110 2017 1210 2081 dulcis
1234 2023 1333 2081 crater
1355 2015 1443 2079 clari·

424 2158 568 2200 sonorum
600 2147 758 2202 cantuum.
806 2137 846 2201 Et
874 2138 997 2202 hortare
1027 2146 1063 2201 ut
1094 2136 1288 2201 meminerint
1314 2135 1443 2221 Syracu·

426 2277 527 2320 sarum
553 2264 584 2319 et
606 2254 769 2341 Ortygiae:
795 2280 887 2341 quam
912 2257 1007 2321 Hiero
1031 2256 1130 2321 nitido
1154 2262 1274 2341 sceptro
1298 2253 1443 2319 adminis-

426 2383 528 2452 trans,
561 2376 678 2461 optima
707 2386 829 2463 pectore
853 2399 990 2454 versans,
1015 2377 1179 2440 formosam
1202 2374 1276 2439 colit
1300 2372 1442 2438 Cererem

328 2494 389 2555 leo
428 2500 459 2557 et
493 2492 622 2558 illustris
656 2495 736 2559 filiae
771 2497 884 2559 festum
918 2504 949 2559 et
983 2496 1069 2559 Jovis
1101 2494 1231 2559 Aetnaei
1261 2493 1441 2578 potentiam}

331 2670 335 2678 .
427 2612 631 2697 Dulciloquae
654 2614 742 2678 illum
766 2615 847 2700 lyrae
870 2624 1041 2699 cantusque
1064 2620 1246 2699 cognorunt.
1294 2610 1343 2676 Ne
1365 2610 1442 2675 fran-

428 2746 482 2817 gat
504 2732 683 2798 felicitatem
706 2742 826 2820 tempus
850 2735 1008 2820 adrepens.
1057 2732 1133 2798 Cum
1162 2732 1277 2797 blanda
1299 2730 1445 2795 comitate
1490 2733 1496 2745 '

428 2851 558 2935 Agesiae
591 2853 717 2937 recipiet
740 2855 851 2920 festum
874 2861 1017 2931 cantum,
1043 2853 1081 2917 de
1105 2852 1195 2916 domo
1219 2851 1250 2915 in
1275 2849 1446 2914 domums

428 2970 627 3059 Stymphaliis
651 2975 810 3040 moenibus
829 2973 1056 3050 advenientem,
1075 2978 1203 3036 matrem
1220 2970 1446 3054 relinquentem

330 3092 392 3156 170
430 3089 575 3157 herbosae
611 3094 768 3158 Arcadiae.
816 3094 900 3158 Bene
927 3101 990 3170 est,
1015 3093 1040 3156 si
1064 3092 1097 3156 in
1123 3098 1213 3156 nocte
1238 3088 1446 3175 procellosae

328 3233 331 3239 ’
428 3238 504 3279 nave
532 3214 622 3279 celeri
653 3214 732 3279 duae
755 3214 906 3277 anchorae
928 3212 1071 3297 alligatae
1094 3220 1177 3274 sunt.
1225 3209 1309 3273 Deus
1334 3208 1444 3271 horum

432 3345 463 3400 et
486 3336 608 3399 illorum
633 3335 744 3398 claram
765 3341 877 3398 sortem
898 3341 1032 3417 praestet
1051 3353 1164 3394 amans.
1201 3328 1312 3392 Rector
1336 3326 1447 3403 maris,

434 3465 464 3521 et
487 3439 532 3521 tu·
547 3478 725 3542 prosperum
749 3476 872 3518 cursum
897 3452 937 3515 da
958 3452 1073 3535 absque
1089 3449 1260 3524 aerumma,
1278 3445 1450 3531 praeclarae

435 3580 546 3662 conjux
570 3576 794 3661 Amphitritae:
818 3594 1017 3655 meorumque
1040 3569 1209 3634 carminum
1225 3566 1319 3630 evehe
1333 3565 1449 3629 laetum

435 3698 550 3761 florem.
