3767 5534
912 730 978 794 476

437 927 771 1014 significarenidetur,
795 928 878 1013 qnod
901 930 1053 1015 pertineat
1075 931 1114 996 ad
1137 930 1316 1018 rejiciendas
1332 937 1451 995 veteres

436 1045 570 1114 deviis
593 1047 792 1133 Deorumque
815 1047 938 1133 proeliis
963 1049 1093 1115 fabulas.

482 1166 533 1230 ⁷5.
569 1164 695 1243 λέγοντι.
730 1165 900 1231 Referenda
922 1166 998 1233 haec
1021 1174 1096 1233 sunt
1116 1158 1156 1232 ad
1182 1190 1234 1245 ea,
1259 1189 1340 1253 qnae
1355 1190 1391 1231 vs
1408 1170 1451 1230 64

435 1305 604 1371 proponere
642 1283 795 1348 instituit:
830 1284 873 1349 ibi
909 1286 1024 1372 quippe
1058 1286 1219 1372 antiquam
1252 1284 1452 1351 Deucalionis

433 1400 629 1488 Pyrrhaeque
667 1401 770 1466 sedem
801 1409 832 1467 et
861 1402 1032 1468 mirabilem
1062 1403 1179 1489 prolem
1209 1402 1392 1467 memoravit
1419 1409 1451 1468 et

433 1519 520 1584 Jovis
552 1519 752 1585 moderamini
776 1525 930 1605 acceptam
955 1521 1079 1585 retulit:
1104 1542 1188 1586 nunc
1211 1542 1282 1585 vero
1306 1520 1449 1606 exponit,

433 1638 587 1723 quomodo
617 1637 801 1704 Deucalioni
831 1637 912 1703 sedis
943 1638 1009 1724 ejus
1040 1638 1211 1705 sumendae
1240 1644 1271 1703 et
1293 1638 1450 1703 faciendae

433 1755 528 1842 prolis
566 1756 781 1842 opportunitas
819 1756 970 1821 exstiterit
1008 1756 1144 1842 ejusdem
1178 1755 1265 1820 Jovis
1300 1754 1446 1821 consilio:

432 1895 532 1959 neque
561 1874 644 1939 enim
674 1873 826 1938 diluvium
859 1873 1051 1961 potissimum
1083 1874 1181 1953 canit,
1209 1873 1262 1939 sed
1286 1873 1447 1939 inventum

432 2013 558 2056 munere
587 1990 673 2056 Jovis
696 1998 821 2077 repente
844 1998 875 2055 et
897 1991 1057 2077 inopinato
1080 1992 1147 2077 eju‘s
1169 1990 1244 2058 mali
1265 1990 1446 2055 remedium.

479 2110 531 2175 76.
565 2107 763 2175 κοιτοοκλύτοοι.
796 2108 954 2174 Usitatum
989 2110 1116 2175 verbum
1149 2111 1183 2175 in
1213 2108 1368 2195 ejusmodi
1397 2131 1446 2174 re:

432 2226 512 2291 Plat.
543 2227 623 2293 Tim.
656 2230 697 2290 22
722 2228 811 2293 υτον
841 2228 1053 2307 ιιοοτοοιιλυομὸν
1083 2228 1147 2309 περὶ
1180 2228 1381 2299 Δευκαλίωνος
1397 2228 1448 2293 aa>

433 2345 576 2427 Πύρβοιςι
596 2344 711 2410 ibidem
740 2344 777 2409 d:
802 2344 910 2409 Strabo
933 2344 952 2408 Ι
973 2368 1004 2430 p.
1030 2346 1089 2424 59,
1114 2345 1197 2412 Alm.
1225 2347 1298 2410 102.
1346 2344 1446 2410 Etiam

433 2460 589 2540 ἀμνιυτιςε
613 2464 743 2528 Aristot.
767 2463 814 2528 De
837 2462 959 2528 Mundo
984 2462 1020 2528 Ο.
1043 2462 1092 2527 IV
1114 2464 1224 2529 τολλοά
1247 2463 1278 2529 δὲ
1296 2463 1448 2541 ἀμτάτεις

433 2580 483 2645 νυοὶ
513 2580 654 2660 κυμάτιον
687 2582 802 2663 cipum:
835 2580 944 2645 strabo
974 2580 1011 2645 L.
1042 2580 1060 2645 I
1087 2604 1117 2667 p.
1148 2583 1187 2659 4,
1215 2580 1298 2646 Alm.
1328 2584 1365 2660 9,
1393 2579 1449 2653 τάν

433 2699 642 2781 πλημμυρίδος
664 2704 715 2765 τοῦ
737 2701 885 2765 Ὠκεοονοῦ
908 2698 958 2763 aa>
979 2698 1036 2770 τάς
1058 2698 1219 2776 ἀμπώτεις.
1254 2698 1345 2763 Oonf.
1364 2696 1446 2764 ΙΝ

435 2819 516 2896 212,
534 2816 616 2882 mm.
634 2818 710 2881 325.
730 2816 858 2890 Ἀντλος
874 2823 978 2881 autem
994 2815 1076 2902 apud
1089 2815 1291 2900 Aeschylum,
1304 2816 1336 2881 S.
1349 2838 1374 2881 c.
1387 2814 1443 2882 dh.

434 2936 509 3013 795,
522 2942 569 3000 est·
580 2957 660 3021 aqna
672 2935 804 3013 marina,
818 2935 941 3020 quaein
952 2956 1059 2999 navem
1071 2934 1170 2998 irruat
1180 2955 1308 3017 eamque
1320 2938 1444 3020 mergat,

611 3054 694 3127 πόλις
717 3054 742 3118 δ’
764 3056 793 3119 ἕν
816 3052 896 3136 εὐδίᾳ
916 3078 952 3118 τε
973 3054 1023 3118 aa>
1046 3052 1200 3117 κλυδωνίου

610 3178 750 3237 τολλοοῖοι
773 3178 906 3248 τληνοοῖς
930 3168 1035 3236 ἀντλον
1057 3173 1108 3235 οὐκ
1130 3167 1266 3245 ἐδέξατο·

432 3297 463 3353 et
486 3288 569 3375 apud
592 3288 789 3375 Euripidem,
813 3288 925 3353 Troad.
952 3291 1017 3351 692

566 3409 580 3473 i
602 3408 656 3487 μὲν
679 3408 749 3489 τουτ’
772 3406 869 3488 οἴαχ’,
893 3409 907 3472 i
930 3408 955 3470 δ’
978 3406 1026 3472 ἐπὶ
1049 3404 1189 3483 λοοΙΦετιν
1211 3403 1333 3481 βεβὼς,

564 3525 578 3591 ὅ
601 3524 626 3588 δ’
648 3524 754 3590 ἄντλον
776 3522 877 3603 εἶργον
900 3521 979 3595 νοός.

430 3643 534 3729 Ipsam
558 3666 670 3729 aquam
684 3644 832 3708 marinam
848 3650 903 3707 ant
918 3643 1019 3727 ipsum
1035 3662 1118 3705 mare
1134 3638 1309 3724 significare
1325 3637 1440 3703 videtur

432 3760 586 3828 Heraclid.
625 3764 706 3840 168,
739 3762 871 3847 Argivus
902 3760 1037 3825 nuncius
1068 3756 1279 3843 Demophonti
1312 3754 1438 3843 pericula

432 3879 506 3946 belli
528 3880 758 3958 demonstrans,

723 4001 752 4072 ἔς
774 3998 879 4064 ἀντλον
901 3996 1044 4075 ε’μβνὶτεις
1069 3994 1160 4068 adda,

434 4123 466 4181 et
487 4116 563 4183 Hec.
591 4119 675 4183 loos

633 4234 773 4313 ἀλίμενάν
795 4260 840 4306 τις
864 4235 900 4307 ἀς
923 4235 952 4305 ἔς
975 4230 1081 4297 ἀντλον
1104 4227 1250 4307 ἐμνιετάν.

434 4349 502 4416 Ηοο
531 4352 629 4437 igitur
658 4353 726 4418 loco
756 4354 835 4417 mihi
866 4350 1031 4438 significari
1062 4348 1185 4413 videtur
1208 4345 1436 4431 aquamanus,

434 4491 513 4555 qnae
543 4477 638 4535 terras
669 4472 781 4537 invasit
808 4478 838 4535 et
860 4470 1043 4536 inundavit:
1068 4474 1098 4532 et
1122 4466 1197 4531 ἑλεῖν
1219 4461 1358 4541 ἀμτοιτιν
1380 4482 1438 4527 esso
