3767 5534
831 756 894 817 345

361 954 474 1035 οἰκ-οἱον,
504 957 585 1031 2⁷5,
611 959 691 1031 324,
715 959 779 1020 44⁷
792 983 798 1018 z
823 964 854 1021 et
877 965 978 1021 lamen
1005 958 1068 1018 440
1094 951 1195 1034 ὅρμον,
1221 952 1303 1039 quod
1329 974 1374 1015 oe·

363 1074 503 1156 loroquin
541 1075 631 1138 etiam
656 1053 778 1139 autrum
803 1097 950 1160 equorum
974 1074 1144 1159 significare
1168 1073 1256 1136 solet.
1301 1070 1374 1135 Om-

362 1190 434 1255 nino
453 1192 554 1276 ipsum
574 1214 684 1257 nomen
704 1193 772 1275 ὄχος
791 1193 867 1258 nihil
885 1192 971 1258 aliud
986 1193 1159 1279 significare
1176 1190 1297 1255 videtur
1313 1189 1371 1260 nisi

365 1309 550 1377 vehiculum:
577 1311 660 1376 velut
684 1313 767 1398 apud
790 1314 968 1400 Euripidem
992 1314 1094 1399 Iphig.
1119 1312 1144 1376 Τ
1164 1313 1227 1376 371
1242 1312 1269 1375 ἕν
1281 1308 1376 1391 appal-

363 1454 417 1492 τον
434 1430 522 1510 ἔχοις.
545 1431 585 1495 Et
602 1433 685 1517 apud
704 1434 804 1519 ipsum
816 1434 986 1500 Pindarum
998 1434 1052 1518 Py.
1066 1433 1114 1497 IX
1129 1435 1184 1497 17:
1198 1430 1251 1496 ubi
1263 1428 1375 1516 Apollo

364 1547 499 1633 Cyrenen
524 1552 626 1615 avexit
649 1557 764 1634 χρυσέῳ
785 1554 887 1638 δίφρῳ,
914 1562 946 1619 el
965 1554 1175 1618 advenientem
1191 1550 1303 1635 exeipit
1318 1549 1377 1611 Ve-

364 1691 437 1747 nus,
462 1670 624 1748 θεοδμάτων
648 1669 738 1752 ν’χέων
757 1674 970 1764 ε’φονπτοονένοοι
987 1695 1042 1737 nec
1060 1673 1221 1757 quisquam
1241 1679 1322 1733 certe
1341 1668 1376 1731 il·

364 1788 427 1852 lum
460 1811 585 1854 aureum
613 1812 735 1856 currum
759 1799 790 1855 et
812 1792 952 1857 divinum
979 1792 1026 1855 vel
1048 1791 1143 1856 mulis·
1163 1790 1211 1854 vel
1234 1788 1375 1854 mulabus

359 1908 501 1991 junctum
524 1908 617 1973 fuisse
633 1910 833 1975 affirmaverit.
857 1910 939 1995 Ergo
959 1910 1146 1987 vocabulum-
1160 1909 1252 1990 ὀχέων
1268 1910 1300 1972 in
1317 1908 1376 1972 vio-

364 2027 441 2090 toria
460 2028 546 2111 equis
563 2037 716 2112 reportata
734 2037 815 2094 reete
830 2032 956 2095 omnino
977 2032 1049 2115 poni
1065 2029 1176 2114 potnit.
1201 2027 1317 2092 Verum
1332 2037 1376 2089 ta·

363 2168 430 2210 men
452 2146 511 2210 alia
529 2149 668 2231 quaestio
685 2158 745 2227 est,
763 2172 801 2213 an
816 2151 986 2214 necessario
1002 2150 1152 2214 debuerit.
1177 2146 1270 2227 Quod
1288 2168 1375 2210 seona

364 2288 427 2329 esse
450 2266 586 2342 videtur,
611 2277 654 2344 et,
680 2269 706 2332 si
728 2267 796 2348 ὄχος
819 2269 950 2354 quodvis
974 2267 1149 2332 vehiculum
1175 2266 1375 2352 significavit,

365 2392 426 2447 tam
449 2385 487 2448 de
507 2385 601 2449 rheda
618 2386 730 2451 mulari
750 2408 842 2471 quam
858 2388 896 2452 de
913 2410 1006 2452 curru
1023 2409 1171 2471 equorum
1183 2386 1244 2449 diei
1264 2384 1375 2470 potuit.

408 2502 448 2565 ut
471 2503 554 2583 ὄχεος
577 2504 699 2587 quidem
725 2514 755 2569 et
777 2505 847 2586 ὄχου
872 2506 997 2570 eandem
1023 2505 1276 2590 significationem
1296 2526 1375 2582 esse,

366 2622 438 2685 satis
462 2644 478 2685 e
501 2621 608 2686 mullis
639 2624 714 2687 locis
747 2635 777 2688 et
800 2648 816 2688 e
838 2624 906 2689 looo
938 2624 1115 2711 Euripidis,
1147 2647 1239 2710 quem
1266 2624 1375 2700 attuli,

365 2750 506 2826 apparet:
540 2764 637 2825 quum
669 2744 750 2828 prior
779 2745 876 2809 forma
900 2745 1036 2809 Homero
1058 2745 1155 2829 magis
1179 2744 1302 2828 propria
1324 2744 1375 2806 sit.

364 2859 515 2925 Pindarus
545 2869 664 2940 autem,
697 2862 747 2927 Ol.
776 2863 827 2935 ‚vl
857 2867 919 2941 40,
953 2886 1091 2950 expresse
1123 2863 1198 2927 dioit
1230 2860 1316 2943 ὄκχον
1340 2861 1377 2926 de

364 2980 459 3045 rheda
487 2981 614 3058 muloti,
646 2982 676 3046 in
709 2983 858 3068 ejusmodi
892 2983 1018 3048 victoria
1048 2982 1245 3048 celebranda:
1279 2990 1309 3045 et
1338 2980 1377 3044 ad

365 3122 434 3163 eum
464 3099 567 3165 looum
598 3109 764 3165 annotatur
792 3124 810 3165 a
837 3111 936 3165 vetere
968 3101 1148 3166 scholiasta:
1184 3101 1218 3166 τὸ
1240 3101 1269 3165 δὲ
1291 3100 1377 3180 ὄκχον

364 3225 444 3285 κοντοὶ
467 3221 501 3285 τὸ
524 3228 661 3286 πλεῖστον
684 3222 731 3286 ἐπὶ
755 3228 811 3285 τῶν
835 3222 955 3299 ἡμιόνων
978 3222 1119 3286 τνθέοοοον.Ι
1149 3219 1250 3301 Quem
1274 3220 1376 3284 locum

364 3347 444 3403 recte
475 3339 581 3404 attulit
610 3339 801 3417 Boeokhius‚
834 3348 865 3404 et
888 3349 1043 3425 praeterea
1066 3340 1153 3405 affert
1176 3338 1374 3423 Hesychium.

364 3441 444 3522 Nam
474 3466 520 3522 est
544 3458 626 3543 apud
649 3458 750 3523 huno:
776 3463 940 3525 ’Λκεοτοοῖοο
957 3460 1037 3541 ἔχον,
1056 3459 1196 3525 rinnau
1213 3460 1391 3539 ὄχήμοοτοο;’

364 3583 412 3639 et:
432 3576 532 3655 Ὄχος
556 3579 749 3651 Ἀκεοτοοῑος,
773 3578 835 3641 ἐπεὶ
859 3578 891 3640 xi
917 3574 1067 3641 Σοκελοκοοὶ
1089 3575 1195 3651 ἡμίονον
1211 3573 1374 3638 οπουδοοῖον·

365 3692 447 3769 >loll
465 3695 609 3767 ’Άκεοτος
633 3697 782 3768 msulae.
829 3693 918 3774 Quae
941 3716 1037 3778 quum
1061 3693 1105 3757 ita
1132 3694 1204 3777 sini,
1233 3691 1321 3756 nulla
1343 3692 1376 3755 in

364 3836 399 3877 eo
433 3813 581 3877 vocabulo
616 3836 706 3877 causa
741 3821 802 3886 est,
836 3818 890 3876 eur
921 3814 954 3876 in
985 3812 1103 3876 victrici
1135 3811 1235 3875 rheda
1266 3810 1376 3875 mulari

365 3932 521 3997 laudanda
543 3932 712 3996 Pindarum
737 3954 771 3995 eo
796 3954 885 3995 usum
910 3953 974 3995 osse
995 3952 1154 4030 negemus

415 4052 497 4137 Ergo
521 4053 564 4115 sio
585 4058 703 4128 statuo,
720 4052 778 4115 hoo
794 4072 913 4114 carmen
930 4058 1074 4134 quartum
1091 4073 1108 4113 a
1123 4048 1256 4113 Pindaro
1273 4049 1376 4113 datum

364 4172 457 4235 luisse
480 4171 588 4234 victori
613 4171 715 4234 statim
740 4176 811 4256 post
835 4175 1020 4254 reportatam
1042 4168 1216 4232 victoriam:
1234 4166 1377 4252 deinceps

365 4311 434 4352 vero
471 4289 503 4352 in
534 4289 662 4373 patriam
693 4289 835 4352 redeunti
867 4289 914 4352 vel
943 4290 1005 4373 jam
1037 4287 1142 4351 reduci
1174 4287 1279 4349 datum
1312 4309 1376 4350 osse

364 4417 489 4493 propter
513 4407 637 4471 eandem
662 4408 823 4472 victoriam
847 4430 967 4472 carmen
991 4407 1144 4492 quintum.

410 4525 446 4590 In
468 4534 602 4612 tempore
627 4535 727 4589 autem
751 4524 924 4590 definiendo
940 4547 1001 4590 non
1018 4533 1081 4603 est,
1099 4547 1154 4590 our
1170 4548 1187 4589 a
1203 4523 1375 4588 scholiastis
