3767 5534
920 748 960 806 40

436 947 529 1011 Croni
554 955 601 1010 est
624 947 803 1031 imperium:
829 948 883 1031 qui
907 970 1004 1031 quum
1028 961 1098 1013 ante
1120 950 1227 1013 dorem
1243 958 1360 1015 remoto
1376 972 1454 1014 aevo

435 1065 561 1130 rexisset
591 1065 710 1142 omnia,
742 1074 850 1150 sponte
883 1066 1051 1150 longinqua
1079 1066 1324 1133 desiderantibus
1349 1076 1379 1131 ot
1403 1089 1454 1131 co·

436 1183 605 1269 gitantibus
629 1183 780 1247 excitabat
804 1184 854 1248 sui
877 1185 1063 1249 memoriam.
1100 1184 1244 1250 Ceterum
1266 1185 1392 1250 Pindari
1417 1185 1452 1249 in

429 1302 601 1387 justissimo
625 1313 764 1366 aeternae
779 1302 860 1365 vitae
875 1302 1083 1367 moderamine
1099 1304 1167 1367 Diis
1183 1303 1347 1368 tribuendo
1363 1310 1453 1368 tanta

431 1429 477 1483 est
500 1419 695 1504 simplicitas,
720 1428 756 1483 ut
779 1429 810 1483 ot
832 1419 1025 1505 intelligatur
1048 1422 1115 1506 ejus
1141 1422 1293 1486 sententia
1308 1430 1338 1486 et
1353 1443 1453 1505 quan·

432 1548 537 1624 topere
561 1540 659 1603 valeat
683 1539 721 1602 ad
733 1540 873 1624 justitiae
889 1563 1022 1604 amorem
1040 1541 1237 1625 Deorumque
1252 1547 1367 1605 metum
1383 1563 1452 1604 nou

433 1679 510 1742 opus
534 1658 574 1721 sit
597 1656 707 1721 dicere.
740 1658 845 1721 Unum
863 1658 1070 1743 adjungimus,
1103 1659 1222 1724 Fabula
1236 1659 1312 1735 fuit,
1337 1658 1450 1722 adore

433 1774 471 1839 de
503 1774 587 1839 coelo
615 1775 750 1840 Gronum
775 1777 900 1862 pulsum
924 1801 998 1842 esse.
1046 1778 1136 1843 Nihil
1159 1778 1197 1842 de
1222 1778 1250 1842 vi
1274 1801 1308 1842 ac
1331 1777 1451 1864 proelio

433 1894 515 1979 apud
530 1894 708 1959 Pindarum.
733 1895 897 1961 Itemotum
911 1896 1005 1961 Croni
1021 1898 1199 1983 imperium,
1217 1896 1270 1961 sed
1285 1920 1450 1983 magnum:

432 2035 532 2097 neque
555 2013 613 2076 hoo
636 2012 729 2077 habet
751 2023 893 2080 terrestre
916 2038 1062 2100 regnum,
1088 2016 1140 2081 sed
1164 2016 1261 2081 beatis
1285 2015 1451 2100 praesidet.

432 2131 492 2195 Via
515 2140 635 2209 autem,
661 2156 830 2219 perquam
855 2134 893 2198 ad
917 2136 983 2221 ejus
1008 2157 1106 2199 arcem
1130 2134 1367 2220 perveniendum
1386 2143 1451 2211 est,

321 2298 325 2303 ,
432 2251 518 2315 Jovis
543 2259 603 2329 est,
629 2252 779 2337 ejusdem,
805 2254 937 2337 quibas
962 2256 1040 2339 regit
1056 2265 1162 2332 terrrs,
1187 2254 1348 2339 inquibus
1364 2276 1451 2318 nunc

433 2370 558 2455 quidem
581 2394 698 2436 sumus.
736 2371 785 2436 Sic
810 2373 933 2457 quidem
961 2373 1129 2451 Pindarus,
1154 2374 1208 2457 qui
1231 2373 1268 2437 de
1283 2373 1351 2437 Diis
1367 2373 1451 2438 bona

433 2490 533 2554 dicere
557 2490 711 2555 hominem
735 2500 876 2576 oportere
899 2493 1037 2577 putauit,
1068 2515 1138 2557 oum
1163 2491 1264 2556 Crono
1286 2491 1395 2556 Jovern
1418 2499 1453 2556 et

432 2620 586 2674 aeternam
609 2610 787 2674 beatitatem
810 2633 881 2675 oum
904 2612 968 2675 vita
991 2612 1113 2676 mortali
1137 2611 1302 2697 copulavit.

808 3260 993 3325 CAPUT
1032 3260 1081 3325 H..

722 3488 770 3530 DE
802 3489 930 3531 RBBUS
963 3487 1160 3533 HUMANIS.

902 3706 920 3786 t
946 3706 972 3765 1.

695 3958 743 4020 De
770 3959 857 4020 laude
879 3959 995 4021 ludicra
1018 3979 1053 4025 aa
1076 3956 1187 4020 bellica.

478 4190 671 4276 Exposituris
700 4195 764 4278 jam
790 4194 913 4257 Pindari
938 4194 975 4257 de
999 4193 1090 4257 rebus
1113 4193 1257 4257 humanis
1281 4192 1447 4257 sententias

435 4332 497 4374 non
520 4311 623 4395 potuit
646 4313 712 4377 fieri
736 4314 812 4396 quin
836 4312 1017 4379 ordiendum
1037 4311 1125 4377 nobis
1145 4312 1300 4376 videretur
1320 4311 1448 4376 alaude

435 4431 636 4494 certaminum
668 4431 868 4497 ludicrorum.
916 4434 1023 4519 Ipsum
1054 4431 1223 4495 Pindarum
1254 4430 1358 4495 divino
1385 4430 1448 4494 fato

436 4557 573 4633 tempore
604 4549 784 4634 Pythiorum
810 4562 918 4616 natum
943 4574 1008 4616 esse
1032 4553 1144 4615 ferunt.
1191 4549 1330 4613 Fuerunt
1352 4550 1379 4614 ei
1403 4573 1450 4614 so-
