3767 5534
990 758 1052 818 380

517 964 656 1042 prompta
686 958 791 1042 lingua
818 958 912 1022 dixit:
938 958 1020 1041 quod
1044 981 1105 1021 non
1128 958 1308 1023 debueram:
1334 958 1522 1036 sufficiebat,

516 1075 622 1160 lingua
645 1075 739 1152 dixit,
764 1076 828 1154 vel,
853 1099 904 1140 ore
927 1076 1048 1141 locutus
1072 1084 1126 1140 est.

563 1196 614 1257 21.
650 1194 712 1259 ε’πεί
736 1195 816 1260 κατθι
838 1198 917 1272 ναῖ’.
954 1195 1059 1280 Eurip.
1084 1195 1191 1280 Suppl.
1217 1198 1280 1258 926

649 1313 699 1379 καί
722 1317 779 1389 μὴν
805 1314 854 1380 τὸν
877 1314 1015 1386 Οἰκλέους
1037 1338 1075 1391 με
1100 1323 1229 1393 γενναῖον
1251 1315 1331 1379 τίκον

648 1433 717 1507 θεοί,
740 1433 821 1514 ζῶντ’
844 1434 1069 1515 ἀναρπάσαντες
1093 1435 1121 1505 ἐς
1145 1435 1259 1513 μυχοὺς
1282 1432 1381 1513 χθονὸς

648 1556 745 1623 αὐτοῖς
768 1554 947 1634 τεθρίπποις,
972 1556 1139 1630 εὐλογοῦσιν
1161 1555 1310 1635 ἐμφανῶς.

562 1674 614 1735 23.
649 1672 728 1737 ἑπτα
758 1672 783 1735 δ’
813 1674 925 1738 ἔπειτα.
962 1671 1067 1752 Quum
1099 1694 1135 1736 ex
1166 1680 1282 1756 septem
1305 1670 1436 1735 ducibus
1459 1670 1525 1755 ipse

515 1790 665 1855 Adrastus
700 1797 779 1855 esset
813 1799 983 1877 superstes,
1023 1791 1226 1876 Amphiaraus
1261 1799 1342 1854 terra
1376 1790 1524 1869 obrutus,

514 1908 674 1994 Polynices
697 1910 870 1995 insepultus
890 1911 1018 1995 jaceret,
1043 1932 1106 1974 non
1129 1917 1270 1994 poterant
1294 1932 1359 1972 esse
1377 1909 1444 1994 rogi
1460 1932 1526 1995 sep-

514 2037 575 2092 tem
610 2029 738 2092 ducum:
776 2038 868 2112 atque
900 2052 934 2093 eo
966 2030 1149 2113 pertinuisse
1181 2029 1303 2113 signum
1334 2028 1525 2093 difficultatis

515 2146 604 2212 docet
627 2155 714 2211 vetus
737 2148 889 2211 scholion:
913 2147 946 2212 τὸ
969 2156 1085 2225 σημεῖον
1104 2173 1147 2229 χ,
1167 2145 1209 2213 ίτι
1229 2148 1308 2213 ἑπτα
1324 2148 1416 2230 πνροίς
1432 2157 1523 2231 φησι,

514 2273 570 2332 τῶν
600 2267 679 2332 ἑπτα
708 2268 750 2344 μὴ
781 2268 987 2334 ἀποθανόντων.
1034 2268 1231 2332 Aristarchus
1260 2275 1360 2332 autem
1384 2267 1524 2352 putavit,

517 2387 607 2451 etiam
630 2387 751 2463 iubis,
784 2387 875 2450 utin
899 2386 967 2449 aliis
989 2387 1097 2465 rebus,
1125 2387 1292 2451 Pindarum
1316 2388 1524 2472 obtemporare

517 2506 593 2570 mori
624 2528 697 2582 suo,
729 2504 858 2585 ίδιοίζεινε
891 2506 1102 2570 Aristodemus
1133 2529 1204 2571 vero
1231 2529 1320 2591 rogos
1343 2530 1406 2571 non
1429 2506 1523 2571 fuisse

518 2624 632 2688 ducum
661 2624 796 2707 ipsorum
828 2623 881 2687 sed
913 2625 1116 2689 exercituum:
1150 2632 1181 2689 et
1209 2634 1307 2703 recte,
1332 2634 1367 2690 ut
1390 2627 1522 2691 videtur.

516 2738 685 2803 Scholiasta
716 2742 865 2804 recentior
888 2744 981 2821 τνροίν
1002 2739 1190 2805 τελεσθέντων
1214 2741 1330 2805 dictum
1354 2748 1445 2826 putat
1468 2763 1523 2827 pro

517 2863 608 2939 πνροῖν
631 2860 832 2923 τελεσθεισῶνε
858 2859 901 2923 sio
924 2861 1099 2924 conveniret
1121 2859 1320 2924 Homericum
1343 2860 1381 2925 ll.
1405 2859 1423 2923 I
1447 2863 1488 2923 52

695 2978 750 3041 αίεί
774 2978 803 3041 δὲ
826 2980 912 3057 πυρα)
936 2980 1039 3043 νεκύων
1062 2981 1173 3045 καίοντο
1196 2982 1323 3057 θαμειαί.

517 3098 556 3163 In
586 3106 686 3163 vetere
717 3120 787 3162 vero
822 3098 938 3162 scholio
968 3098 1157 3164 τελεσθέντων
1186 3100 1315 3164 refertur
1338 3100 1461 3184 quidem
1484 3099 1525 3163 ad

518 3224 631 3298 νεκρῶν,
656 3217 709 3282 sed
733 3218 901 3303 explicetur
921 3218 1172 3297 ε’πισωρενθίντων,
1191 3220 1249 3295 ἤτοι
1264 3218 1525 3300 κατηριθμημένων.

519 3335 653 3402 Omnino
676 3337 864 3402 τελεσθέντων
887 3359 958 3402 cum
981 3339 1352 3423 vscpciv'conjungendum
1375 3346 1447 3402 est:
1473 3337 1525 3403 sed

520 3455 670 3540 significat
694 3456 818 3533 confici,
842 3455 874 3519 id
898 3465 945 3519 est
967 3456 1025 3521 hoc
1048 3458 1115 3521 loco
1140 3458 1285 3521 comburi.
1325 3456 1400 3521 Fere
1423 3456 1527 3520 simili·

520 3584 566 3639 ter
596 3574 792 3653 conficiendi,
825 3576 856 3639 id
888 3585 990 3641 autem
1017 3577 1061 3641 ihi
1084 3584 1129 3640 est
1151 3567 1355 3641 interficiendi
1378 3576 1528 3661 significa-

520 3694 604 3758 tione
627 3703 674 3758 est
696 3694 806 3759 Aesch.
831 3694 924 3760 Choe.
951 3698 1012 3760 875

699 3813 772 3890 οίμοι
795 3815 929 3891 πανοίμοι
953 3814 1091 3894 δεσπότου
1114 3815 1293 3893 τελονμίνον.

523 3931 565 3995 Fa
594 3932 699 3996 eadem
728 3933 949 4016 significatione
972 3932 1109 4013 προίοσειν
1132 3934 1265 4018 positum
1290 3933 1415 3997 videtur*
1433 3931 1527 3997 Ohoe.

524 4052 606 4114 440:
640 4050 719 4114 conf.
750 4049 833 4113 Pers.
867 4054 929 4117 517
955 4051 1210 4133 διαπεπραγμένον
1233 4058 1374 4133 στρατοῦ,
1400 4058 1430 4115 et
1453 4050 1528 4116 ibid.

527 4171 590 4232 525
622 4170 668 4232 ἐπ’
695 4166 933 4248 ἐξειργασμένοις.
981 4168 1141 4233 Genitivus
1165 4173 1256 4249 τνροῖν
1280 4170 1461 4255 conjunctus
1485 4175 1531 4233 est

526 4311 595 4352 cum
620 4294 735 4369 νεκρῶνε
759 4287 971 4372 significantur
994 4311 1120 4374 corpora
1142 4312 1283 4374 rogorum
1307 4298 1439 4374 septem,
1463 4291 1483 4353 i.
1504 4311 1530 4352 e.
1607 4373 1613 4384 ·

528 4429 606 4491 quae
634 4408 667 4470 in
690 4414 803 4491 septem
828 4409 909 4492 rogis
933 4420 1019 4472 erant
1041 4410 1191 4493 imposita.
1240 4408 1333 4473 Haud
1356 4419 1436 4473 recte
1458 4408 1532 4471 Kar-

528 4528 644 4591 stenius
668 4527 837 4609 genitivum
860 4528 1010 4593 causalem
1035 4551 1098 4592 esse
1121 4529 1290 4592 existimat:
1315 4551 1384 4593 cum
1408 4550 1533 4613 corpora
