3767 5534
978 724 1043 785 art

504 948 538 987 ca
562 932 670 989 cuncta
694 925 761 988 loca
785 925 974 1009 comparanti
997 924 1073 987 mihi
1102 924 1285 1009 significatio
1311 925 1373 988 visa
1390 933 1436 989 est
1453 948 1520 989 esse

500 1045 622 1121 eadem,
648 1068 740 1128 quam
764 1044 854 1108 modo
879 1044 960 1119 dixi,
986 1051 1037 1109 τοῦ
1064 1044 1336 1122 κοοπονλνίμπεσθοον,
1362 1045 1516 1109 radiatum

499 1188 577 1242 esse,
600 1166 709 1227 lucere.
738 1164 840 1248 Igitur
859 1165 897 1228 ab
918 1166 976 1228 hoc
994 1164 1118 1228 Pindari
1138 1164 1204 1227 loco
1221 1165 1295 1228 haec
1312 1164 1411 1229 aliena
1427 1181 1513 1229 suut.

543 1282 649 1345 Restat
681 1292 716 1347 ut
747 1282 785 1347 de
817 1282 907 1346 verbo
939 1287 1071 1359 μενονννῖν
1104 1282 1277 1347 videamus:
1315 1283 1398 1368 quod
1433 1294 1518 1348 certe

498 1403 672 1487 saepissime
687 1388 741 1466 ,de
773 1403 883 1487 agendi
914 1402 1017 1466 studio
1050 1403 1193 1486 ponitur:
1229 1404 1281 1466 sed
1309 1414 1412 1467 tamen
1437 1405 1517 1468 aliae

497 1523 732 1607 significationes
758 1547 818 1588 non
844 1523 1068 1600 excluduntur,
1095 1546 1192 1607 quum
1215 1524 1340 1587 omnino
1362 1524 1516 1608 significet-

497 1643 590 1705 animi
617 1664 728 1706 curam
764 1651 794 1705 ct
826 1644 970 1728 majorem
1003 1643 1241 1727 cogitationem,
1278 1665 1355 1727 quae
1387 1653 1449 1707 tam
1482 1644 1515 1707 iu

496 1773 578 1842 metu
606 1762 732 1846 periculi
756 1786 847 1845 quam
871 1763 903 1825 iu
920 1763 1051 1825 actionis
1070 1764 1190 1847 impetu
1206 1786 1271 1825 esse
1288 1770 1403 1847 potest:
1429 1763 1516 1826 velut

500 1881 588 1944 Hom,
616 1881 651 1944 [l.
677 1881 754 1943 XlV
780 1885 844 1943 :264

560 2002 669 2081 Ὕπνε,
694 2003 740 2076 σίν
760 2002 789 2064 δὲ
813 2002 848 2065 σὺ
871 2007 972 2066 τοῦτον
995 2002 1076 2077 (rard
1100 2002 1185 2083 φρεσὶ
1206 2012 1272 2082 σῇσι
1296 2008 1444 2086 μενοινᾷςς

496 2120 685 2203 significatur
716 2122 862 2203 cogitatio
894 2121 1083 2184 difficultatis
1117 2123 1182 2206 ejus
1189 2171 1199 2199 ,
1232 2143 1293 2204 qua
1325 2119 1457 2183 Somnus
1481 2144 1516 2184 se

495 2238 640 2302 deterreri
668 2238 802 2317 dixerat,
835 2240 1001 2322 quominus
1024 2239 1142 2304 Jnnoni
1166 2240 1404 2324 obtemperaret:
1440 2262 1515 2323 crgo

496 2381 600 2442 reapse
623 2360 715 2422 timor
739 2358 849 2442 aliquis
873 2359 917 2422 ibi
941 2381 976 2422 eo
1002 2359 1093 2422 verbo
1117 2360 1308 2443 exprimitur.

540 2476 628 2557 Quae
653 2501 746 2561 quum
772 2478 815 2541 ita
838 2480 914 2555 sint,
940 2478 998 2541 hoc
1024 2478 1151 2542 Pindari
1167 2478 1234 2541 loco
1251 2478 1416 2562 significari
1434 2478 1515 2542 arbi-

495 2605 558 2659 tror
595 2604 770 2682 perpetuam
809 2598 1049 2662 sollicitudinem
1081 2598 1202 2662 Tantali
1235 2622 1270 2662 ao
1301 2609 1436 2676 metum,
1474 2622 1514 2662 ne

494 2739 601 2779 saxum
625 2716 704 2780 illud
728 2717 759 2780 in
785 2741 876 2781 suum
900 2728 993 2803 caput
1017 2726 1094 2782 ruat.

539 2836 640 2899 Etiam
663 2837 695 2899 in
719 2837 835 2900 scholio
861 2846 960 2900 vetere
986 2838 1059 2901 haec
1082 2837 1299 2922 interpretatio
1315 2837 1510 2921 agnoscitur,

493 2954 575 3037 quod
606 2961 652 3017 est
684 2955 877 3041 hujusmodi:
914 2964 999 3022 τοῦτο
1034 2963 1166 3035 μενοινῶν
1199 2962 1247 3021 aa}
1272 2958 1353 3022 acad
1375 2959 1428 3032 rho
1452 2964 1512 3037 φιν

492 3074 552 3153 χὴν
574 3074 668 3153 ἔχων,
692 3077 728 3146 ὡς
752 3077 895 3140 ἐπιπεσὼν
918 3074 931 3140 ὃ
951 3077 1026 3147 λίθος
1047 3077 1196 3156 διονφθεοεί
1213 3076 1317 3153 αὐτὸν,
1339 3082 1391 3148 τῆς
1408 3077 1513 3157 εὐφρο-

492 3192 577 3267 σύνης
593 3194 720 3275 οίλνῖτοον,
741 3196 898 3274 προσδοκῶν
913 3195 960 3259 aa>
977 3196 1029 3270 rhu
1050 3196 1186 3275 κεφοολθν
1198 3197 1288 3259 αὐτοῦ
1299 3194 1509 3272 βληθήσεσθαι.

493 3311 533 3373 Et
556 3321 656 3376 tamen
682 3314 713 3376 in
738 3314 833 3377 altero
858 3314 953 3377 altera
976 3314 1193 3399 interpretatio
1217 3314 1280 3377 est:
1306 3310 1401 3378 θντννον
1424 3314 1510 3393 ἐπηρ-

491 3431 611 3508 τημένον
634 3434 708 3496 λίθον
729 3434 869 3509 ἐπιθυμῶν
892 3433 953 3496 οίπὸ
976 3443 1028 3508 τῆς
1053 3436 1142 3499 οοὺποῦ
1163 3439 1300 3516 arderado
1320 3434 1507 3498 dodecades

537 3550 689 3614 Homerus
722 3550 759 3616 de
793 3552 915 3616 Tantali
947 3575 1045 3637 poena
1076 3552 1165 3617 aliter
1187 3557 1421 3629 commemorat,
1447 3548 1508 3614 Od.

494 3670 540 3733 Xl
567 3674 630 3733 582

601 3790 717 3856 ἑσταότ’
740 3793 769 3855 ἐν
791 3774 890 3873 λίμνῃ·
914 3795 930 3867 ἡ
953 3792 981 3855 δὲ
1005 3791 1191 3873 προσέπλαζε
1214 3792 1333 3871 γενείῳ,

602 3916 706 3974 στεῦτο
729 3910 758 3973 δὲ
780 3910 908 3993 dedatur,
933 3910 1021 3975 πνέειν
1045 3912 1069 3975 θ’
1091 3914 1143 3975 οὐκ
1164 3906 1246 3991 εἶχεν
1269 3910 1382 3974 ἑλέσθονν
1395 3952 1414 3985 ,-

491 4035 522 4088 et
546 4036 700 4111 praeterea
720 4028 757 4093 de
775 4030 873 4115 pomis
889 4029 1049 4109 arborum,
1070 4051 1179 4092 manus
1196 4030 1261 4114 ejus
1278 4028 1507 4114 effugientibus.

490 4144 686 4231 Quamquam
721 4171 772 4212 eos
806 4171 912 4212 versus
948 4148 986 4212 ab
1022 4149 1200 4213 Aristarcho
1232 4148 1352 4233 spurios
1385 4148 1508 4213 habitos

489 4264 583 4327 fuisse
607 4264 777 4331 Scholiasta
800 4266 839 4331 ad
863 4267 946 4331 hunc
963 4266 1090 4332 Pindari
1107 4267 1209 4331 locum
1226 4267 1312 4333 dicit.
1344 4267 1385 4331 Et
1401 4277 1506 4332 tamen

489 4384 611 4449 Tantali
631 4387 712 4465 sitis,
731 4388 892 4453 Τοονπνίλοο
909 4388 999 4468 δίψα,
1022 4411 1075 4474 pro
1089 4388 1249 4473 proverbio
1263 4388 1332 4452 fuit.
1358 4387 1504 4465 Alcman,

490 4505 621 4571 Alcaeus
646 4513 675 4570 et
699 4507 903 4571 Archilochus
928 4506 1019 4571 ctiam
1043 4507 1175 4592 lapidem
1201 4507 1331 4572 Tantalo
1355 4508 1505 4592 superim-
