3767 5534
911 706 973 764 561

925 900 962 973 ιῗίς
989 926 1037 965 κεν
1061 901 1223 980 Ἀχιλλεὺς

726 1018 816 1098 διίριιν
837 1020 870 1083 ἐκ
893 1018 1030 1099 Πριάμοιο
1053 1019 1161 1100 aalma

434 1140 464 1195 et
487 1133 568 1217 apud
592 1142 732 1198 nostrum
756 1135 834 1199 Isth.
859 1134 941 1199 VIII
968 1138 1028 1200 137

655 1315 657 1319 .
745 1254 859 1333 Δωρίων
881 1253 979 1334 ἔλαχε
1001 1253 1137 1318 τελίνιινι

434 1391 538 1433 verum
573 1378 675 1434 tamen
710 1371 866 1435 adsentior
895 1371 1032 1448 Tafelio‚
1065 1374 1272 1437 accusativum
1304 1373 1386 1454 ἕδραν
1418 1383 1449 1438 11
1569 1430 1572 1434 .

433 1508 503 1551 cum
525 1495 669 1569 λαχοῖσαι
694 1495 817 1552 etcum
842 1490 939 1554 ναίετε
965 1491 1183 1575 conjungenti:
1209 1490 1246 1554 de
1271 1491 1448 1576 hujusmodi

433 1605 601 1689 participiis
625 1607 801 1682 monuimus
825 1606 864 1669 ad
882 1605 933 1670 01.
951 1605 1015 1671 VII
1032 1610 1062 1671 2.
1099 1606 1259 1687 Quaedam
1276 1609 1448 1672 similitudo

433 1724 668 1787 constructionis
692 1731 739 1787 est
762 1722 813 1786 Ol.
839 1724 885 1787 VI
911 1726 952 1786 56

735 1841 867 1923 λάχετ’
891 1842 1023 1924 Ἀλφεὸν
1046 1844 1139 1908 οίκείν.

432 1957 492 2022 Sed
523 1959 561 2022 de
587 1959 678 2023 verbo
702 1960 775 2023 satis
798 1960 897 2024 multa
920 1960 1004 2024 dicta
1028 1968 1135 2037 sunto,
1160 1982 1223 2024 rem
1247 1962 1443 2046 explicemus.

477 2074 600 2159 Quippe
623 2076 788 2140 scholiasta
811 2085 898 2141 vetus
922 2078 961 2140 ad
986 2078 1016 2140 h.
1042 2078 1062 2141 l.
1088 2078 1180 2155 dicit,
1205 2078 1367 2143 Ilteoclum
1392 2078 1448 2143 Oa-

433 2192 515 2276 phisi
546 2193 644 2257 filium
670 2195 800 2277 primum
825 2216 910 2257 sacra
932 2195 1039 2257 fecisse
1063 2194 1201 2273 Gratiis,
1226 2194 1367 2278 idemque
1391 2203 1449 2258 tra

433 2309 512 2373 dunt
536 2310 701 2373 scholiasta
725 2310 763 2373 ad
786 2310 983 2375 Theocritum
1008 2311 1100 2395 Idyll.
1126 2311 1204 2375 XVI
1231 2316 1293 2376 104
1317 2321 1348 2377 at
1367 2312 1448 2375 Pau·

433 2428 533 2492 sanias
555 2428 592 2493 L.
616 2428 665 2493 IX
682 2428 716 2493 Ο.
734 2428 856 2493 XXXV
877 2431 911 2507 1,
928 2452 990 2493 non
1007 2437 1109 2493 tamen
1125 2429 1286 2494 Eteoclum
1302 2437 1444 2494 vocantes

434 2547 486 2611 sed
518 2546 690 2611 Eteoclem:
724 2555 755 2610 et
782 2546 950 2611 Pausanias
974 2555 1139 2626 memorat,
1165 2547 1248 2611 hunc
1270 2522 1448 2625 Eteoclem‚

434 2665 551 2728 Andrei
575 2673 605 2729 et
630 2664 768 2750 Iluippae
791 2665 907 2743 filium,
932 2662 1076 2749 populari
1098 2673 1201 2729 tamen
1225 2667 1304 2730 fama
1321 2666 1446 2751 Cephisi

432 2782 531 2845 filium
562 2781 701 2846 habitum
733 2766 843 2859 fuisse,
876 2782 910 2845 Ο.
939 2782 1080 2847 XXXIV
1106 2785 1143 2860 5,
1168 2791 1199 2846 et
1222 2784 1305 2868 apud
1329 2782 1447 2847 Orcho-

432 2900 549 2963 menios
565 2899 687 2963 nullum
707 2900 865 2983 antiquius
877 2886 1028 2984 templum
1040 2900 1134 2963 fuisse
1147 2923 1238 2985 quam
1251 2901 1444 2981 Gratiarum,

434 3013 469 3079 O.
493 3016 670 3081 XXXVIII
696 3020 725 3081 l.
760 3017 898 3081 Eandem
920 3018 1100 3081 memoriam
1123 3012 1248 3102 attingit
1270 3018 1380 3082 Strabo
1404 3016 1442 3082 L.

433 3132 481 3198 IX
512 3158 582 3219 pag.
606 3138 690 3212 414,
715 3136 796 3199 Alm.
824 3138 899 3198 635.
945 3134 1117 3199 Scholiasta
1139 3134 1264 3199 Pindari
1289 3136 1380 3199 etiam
1405 3137 1443 3199 ad

433 3252 604 3316 Hesiodum
636 3260 790 3337 provocat.
835 3252 1016 3316 Theocritus
1047 3276 1116 3317 vero
1139 3254 1205 3337 ipse
1228 3254 1295 3317 loco
1319 3254 1445 3318 laudato

434 3368 556 3435 Gratias
580 3370 714 3455 appellat

589 3484 805 3554 ὦἘτείιιλειοι
829 3488 973 3569 θύγατρες
997 3488 1075 3564 teat,
1099 3489 1131 3554 ui
1153 3489 1286 3554 Μινύειον

590 3606 770 3687 Ὀρχομενὸν
796 3606 953 3689 φιλέοιται.

432 3722 548 3788 Verum
573 3746 665 3807 quam
689 3723 840 3787 celebrata
862 3724 930 3787 laus
954 3724 1019 3807 ejus
1044 3724 1144 3787 cultus
1167 3723 1278 3801 fuant,
1303 3746 1365 3807 quo
1389 3723 1446 3788 Or·

433 3842 575 3906 chomani
606 3840 731 3905 Gratiae
758 3840 899 3933 adoratae
923 3841 1064 3918 fuerunt,
1090 3848 1300 3924 quantumque
1325 3842 1352 3905 ei
1375 3842 1446 3905 Pin·

434 3960 526 4024 darus
557 3959 717 4037 tribuerit,
748 3981 812 4023 non
842 3958 953 4023 melius
984 3959 1170 4043 intelligitur
1200 3981 1293 4041 quam
1318 3981 1355 4022 ex
1377 3960 1444 4043 ipso

433 4079 585 4156 Pindaro,
618 4077 671 4163 qui
702 4078 756 4163 Py.
789 4078 855 4141 XII
878 4081 920 4141 45
946 4100 1007 4142 non
1031 4078 1192 4141 nominans
1215 4069 1443 4142 Orchomenum

434 4197 487 4260 scd
510 4196 683 4282 significans
707 4195 840 4281 appellat
864 4218 929 4260 eam

723 4313 899 4394 καλλίχορον
921 4311 1006 4378 adan
1028 4312 1158 4394 Χαρίτων
1282 4368 1287 4378 .

722 4429 881 4513 Καφιτιῒος
909 4430 939 4492 ἐν
961 4428 1083 4508 τεμένει.
