3767 5534
853 712 937 770 1611·

555 914 592 979 Οί
615 913 662 979 δύο
684 913 737 991 μὲν
760 912 901 989 κοίτετον,

553 1028 622 1098 Ata
644 1032 669 1097 δ’
693 1031 856 1114 ἀτυζομένα
879 1033 986 1114 ψυχας
1009 1030 1120 1109 βοίλον·

552 1147 604 1226 aia
626 1149 649 1216 δ’
665 1152 792 1233 ἒσίρονσε
814 1152 940 1231 βοοίσας.

548 1266 672 1338 ”Esurire
694 1271 718 1336 t
735 1272 830 1337 οίντίον
854 1272 955 1352 ὁρμαί·

592 1416 643 1454 νιον
666 1389 751 1470 τέρας
774 1390 854 1489 stitit
877 1388 1048 1456 Ἀπόλλων·

551 1510 708 1590 Πέργαμος
730 1508 814 1593 ἀμφὶ
836 1516 936 1592 τεαῖς,

549 1630 659 1711 Ἥρως,
681 1630 767 1710 χερὸς
790 1630 941 1711 ἐργασίαις
965 1628 1138 1694 οἱλίσαεται·

547 1746 606 1815 Ὣς
630 1748 693 1827 ἐμοὶ
718 1747 830 1829 Φοίσμα
854 1748 937 1826 λέγει
962 1747 1080 1829 Κρονίδα

404 2012 447 2061 50.
474 2018 577 2062 κάπετον.
611 2010 649 2059 Sic
667 2010 735 2060 Urat.
752 2009 773 2057 Β
790 2009 885 2072 aliique.
919 2009 948 2057 In
966 2008 1033 2058 Urat.
1055 2013 1087 2066 A,
1105 2007 1156 2057 Pal.
1174 2008 1194 2056 C
1211 2007 1310 2071 aliisque
1328 2014 1385 2058 ναπ-

370 2127 449 2159 ποταν.
484 2108 533 2157 Pro
549 2107 648 2156 rarioris
664 2123 712 2156 una
729 2111 874 2156 consonante
891 2106 993 2171 scriptae
1010 2107 1100 2155 formae
1117 2105 1227 2168 exemplo
1240 2121 1253 2153 a
1265 2105 1386 2154 Boeokhio

371 2206 474 2254 affertur
496 2210 585 2271 καβας,
610 2218 693 2252 veram
714 2202 740 2252 id
763 2206 800 2253 est
823 2206 948 2270 καβαίνων,
973 2219 1000 2252 ex
1019 2202 1132 2252 Alcmene
1149 2202 1211 2266 apud
1228 2201 1387 2266 Hephaestio·

373 2318 446 2360 nem,
462 2317 486 2365 p.
503 2303 545 2351 44.
579 2302 672 2350 Pariter
695 2301 758 2365 apud
779 2300 926 2366 Hesychium
949 2306 985 2349 est
1009 2305 1096 2366 καβάσι
1112 2300 1233 2349 hennum
1251 2315 1295 2363 pro
1313 2306 1386 2351 κατά-

372 2404 439 2465 βηθι.
471 2398 582 2447 Fortasse
599 2397 706 2461 ejusdem
724 2398 819 2461 generis
836 2402 886 2455 est,
904 2398 967 2462 apud
985 2398 1097 2456 eundem,
1116 2401 1241 2465 καβλημα,
1261 2401 1387 2468 περίστοα

314 2552 316 2555 ,
373 2516 423 2559 μαι
440 2499 469 2544 ut
486 2494 525 2569 sit¹
535 2511 579 2561 pro
604 2498 755 2562 νασάβλημα.
789 2495 947 2544 Memorabile
965 2510 1021 2544 vero
1038 2499 1087 2553 est,
1106 2494 1142 2543 bis
1159 2495 1222 2560 apud
1240 2494 1388 2558 Hesyehiom

374 2608 426 2643 esse
444 2598 548 2643 κάππεσε
563 2607 608 2658 pro
626 2601 763 2651 κατέπεσεν,
782 2592 819 2643 ed.
836 2592 943 2651 ilberti,
961 2607 984 2655 p.
1003 2592 1051 2640 139
1069 2595 1094 2640 et
1109 2608 1134 2656 p.
1153 2592 1208 2641 143.
1244 2592 1310 2657 Quae
1322 2606 1389 2655 repe-

374 2689 433 2739 titio
457 2704 504 2753 quo
526 2688 658 2754 pertineat,
682 2688 745 2738 hand
768 2688 838 2738 facile
861 2689 960 2747 dixeris,
978 2692 1050 2754 atque
1067 2688 1146 2753 priore
1163 2689 1216 2739 loeo
1234 2688 1317 2738 ordine
1335 2688 1387 2753 ipso
1487 2744 1489 2748 .

373 2784 501 2834 literarum
518 2784 609 2849 requiri
626 2784 726 2849 simplex
743 2785 838 2849 rr,jan1
855 2785 947 2836 Alberti
966 2768 1067 2837 monuit.
1100 2788 1165 2851 Ergo
1177 2788 1235 2836 haee
1246 2786 1298 2850 ipsa
1310 2787 1387 2835 forma

374 2880 517 2931 Pindarieae
534 2882 584 2930 iere
601 2880 686 2931 similis
702 2881 735 2930 ibi
753 2882 900 2932 restituenda
918 2882 1022 2933 videtur.

411 2978 449 3027 51.
476 2977 525 3029 αὖθι
543 2975 570 3027 δ’.
603 2978 763 3042 Hortungius,
782 2978 810 3027 de
828 2980 975 3043 conjectura,
995 2981 1076 3031 αὐτίκ’.
1131 3037 1134 3041 ⁸
1179 3024 1187 3044 ,

411 3076 449 3124 51.
474 3082 613 3141 ἀτυζομένω.
647 3075 685 3124 Sio
707 3075 758 3125 Pal.
782 3075 822 3134 C,·
839 3075 907 3126 Urat.
931 3078 952 3125 A
975 3077 1070 3141 aliique.
1106 3078 1136 3126 ln
1160 3077 1229 3127 Urat.
1248 3078 1269 3125 B
1287 3078 1387 3142 aliisque

373 3180 518 3239 ἀτυζόμενοι.
549 3172 580 3221 In
603 3171 746 3235 quibusdam
767 3180 904 3244 ἀτιςόμενοι.
939 3173 1087 3243 Significatio
1111 3175 1220 3239 quidem,
1238 3191 1298 3239 quaa
1315 3174 1387 3237 hujus

374 3270 442 3319 verbi
460 3273 509 3329 eat,
530 3269 621 3320 honore
643 3269 768 3333 privandi,
786 3285 884 3335 prorsus
900 3269 930 3319 ab
948 3269 993 3320 hoo
1010 3271 1063 3320 loeo
1081 3270 1158 3319 aliena
1174 3275 1222 3321 est:
1241 3275 1320 3321 tamen
1337 3271 1385 3319 He·

373 3365 471 3429 sythius
493 3366 578 3415 habet:
602 3374 688 3425 α’ίτιστν,
712 3369 833 3431 ἠτίμησεν,
857 3369 969 3434 ephot:
987 3369 1011 3416 et
1027 3371 1123 3431 ἀτίζων,
1143 3373 1201 3426 virt
1217 3344 1385 3436 ἀφβοντιστῶν,

373 3467 390 3519 ἡ
412 3469 480 3519 ἄταις
503 3466 658 3533 παραβάλλων,
681 3468 746 3527 ἤνυον
767 3468 879 3531 βλάβαις.
913 3464 977 3529 Ergo
1000 3465 1047 3514 dno
1070 3465 1141 3513 verba
1167 3469 1254 3527 ἀτίζειν
1277 3464 1388 3514 statuisse

377 3560 486 3620 videtur,
502 3559 605 3609 alterum
622 3559 651 3608 ab
669 3581 685 3611 α
701 3559 811 3623 privante
829 3564 854 3609 et
870 3561 949 3611 radice
966 3566 1021 3621 τίω,
1039 3561 1140 3611 aiterum
1152 3562 1181 3611 ab
1194 3568 1249 3621 ατη.
1275 3562 1306 3610 nt
1319 3566 1388 3611 vetus

376 3656 503 3722 scholiasta
524 3663 654 3719 ἀτιςομονοι
675 3656 766 3721 pariter
789 3660 861 3721 atque
880 3664 1013 3723 ἀτυζόμενοι
1029 3658 1055 3707 in
1072 3658 1140 3707 libris
1158 3662 1242 3709 nactus
1259 3675 1309 3708 esse
1326 3658 1388 3708 ride·

375 3758 430 3811 tor,
453 3756 495 3801 aut
519 3752 677 3817 posteriorem
701 3753 898 3817 significationem
920 3754 1011 3818 pariter
1037 3754 1109 3803 serbo
1127 3757 1217 3817 ατὺςειν
1234 3753 1385 3803 attribuisse:

375 3851 460 3901 scribit
485 3850 561 3900 enim:
583 3857 597 3909 ἢ
619 3859 798 3920 ταραττόμενον
831 3848 942 3919 Ὄμηρος,
968 3857 1059 3919 Πατρὸς
1083 3856 1145 3917 φίλου
1168 3854 1215 3917 ὄψιν
1232 3855 1349 3917 ἀτυχθεὶς
1368 3853 1383 3907 ἡ

374 3953 428 4015 περὶ
444 3956 484 4008 τὴν
499 3956 569 4011 οἶτον,
588 3957 702 3999 τουτέστιν
718 3953 740 3997 ἐν
756 3954 802 4016 ἄτῃ
820 3940 930 4011 ἐγίνοντο,
950 3954 1060 3999 ἀπέθανον
1075 3954 1128 4016 γάρ.

410 4045 450 4093 51.
476 4051 558 4109 ψυχὰς.
590 4044 630 4093 Sin
653 4044 704 4093 Pal.
728 4044 761 4103 C,
784 4044 880 4108 aliique.
913 4045 943 4092 In
966 4044 1033 4093 Urat.
1054 4044 1188 4107 Baliisque
1215 4050 1296 4102 πνοὰς;
1314 4044 1386 4107 idque

376 4140 451 4191 edidit
469 4142 585 4205 Heynius.
618 4142 648 4189 In
664 4141 733 4189 Uret.
751 4141 772 4189 Α
790 4146 876 4206 ψυχὰςι
894 4141 1072 4204 suprascripto
1090 4162 1119 4209 γρ
1145 4126 1211 4197 πνοάς

410 4237 450 4285 51.
475 4240 552 4302 βάλον.
587 4236 638 4287 Pal.
654 4236 675 4285 C
692 4240 782 4303 βάλλον.
833 4268 835 4271 -

410 4331 450 4380 52.
474 4339 570 4398 βοάσαις.
604 4332 654 4380 Pal.
673 4331 692 4380 C
708 4338 814 4399 βοώσας,
832 4347 904 4397 snpra
921 4354 938 4382 ω
956 4332 1045 4396 scripto
1063 4356 1084 4391 η.

411 4430 452 4477 55.
477 4436 539 4485 τιαῐς
580 4427 715 4477 Sehmidins
732 4427 761 4477 rie
778 4428 914 4492 conjectura
931 4437 995 4485 τεᾶς.

411 4523 450 4575 57.
475 4526 577 4594 reposita
612 4524 810 4592 Ρυ1.οκ,οσνιόυ.
844 4524 1024 4573 eonf.01.vl
1043 4524 1083 4573 49.
