3767 5534
838 764 900 828 877

368 968 478 1043 ταμίας
501 966 643 1047 ο1βωμζο
666 969 788 1043 ταμίας.
824 966 932 1029 Potest
955 965 1068 1041 ταμίας
1091 964 1218 1050 adjungi
1240 965 1375 1049 genitivo

368 1090 453 1165 Διὸς,
486 1085 639 1171 quomodo
671 1086 753 1172 apud
784 1085 961 1161 Platonem,
994 1083 1031 1147 de
1055 1082 1129 1167 Leg.
1154 1082 1200 1147 VI
1225 1083 1375 1149 71111

366 1207 478 1285 ταμίας
508 1215 560 1280 τῆς
590 1206 651 1269 θεοῦ
681 1206 812 1288 (“Ηοας);
844 1204 874 1267 D
905 1205 928 1269 οί
952 1203 1058 1281 ταμίαι
1087 1202 1195 1267 τούτοιν
1225 1210 1284 1266 τοῖν
1306 1203 1376 1267 ύεοῑν

367 1328 430 1410 (τῆς
458 1326 550 1405 Ἥρας
580 1349 613 1388 τε
636 1323 685 1387 καί
708 1329 758 1389 τοῦ
782 1323 836 1388 Διύ
850 1326 871 1407 ).
922 1322 972 1386 Sic
995 1322 1217 1407 significaretur
1239 1321 1377 1385 minister

367 1444 451 1507 Joris
483 1443 521 1507 ad
552 1444 617 1527 ejus
640 1466 732 1507 aram.
779 1442 916 1506 Praestat
938 1449 1039 1506 tamen
1063 1442 1191 1526 jungere
1215 1440 1281 1511 Διὸς
1305 1461 1375 1503 cum

367 1564 472 1643 βωμῷ,
497 1570 588 1647 atque
611 1562 669 1627 hoc
692 1584 762 1626 cum
784 1562 909 1639 ταμίας.
958 1560 1071 1625 Herod.
1093 1558 1176 1623 VIH
1200 1562 1239 1622 51
1264 1580 1376 1622 memo·

366 1691 473 1747 rantur
503 1681 632 1745 Athenis
661 1682 768 1758 ταμίαι
795 1687 845 1745 τοῦ
876 1683 943 1761 ίρού.
991 1679 1098 1763 Eurip.
1121 1678 1182 1742 Jon
1208 1680 1247 1741 55
1271 1701 1376 1758 χρυσο-

368 1802 495 1882 Φύλακα
517 1805 568 1865 τού
591 1800 652 1865 θεοῦ
675 1801 787 1878 ταμίαν
809 1825 843 1864 τε
867 1798 983 1864 τύντων
1007 1795 1116 1863 τιστίν.
1142 1796 1281 1860 Fortasse
1305 1818 1376 1881 ergo

368 1920 469 1997 βωμοῦ
491 1921 628 1994 μαντείου
653 1920 767 1995 ταμίας
790 1919 976 2003 significaret
998 1917 1095 2002 ipsius
1119 1938 1188 1980 arae
1203 1916 1377 1980 ministrum

374 2046 404 2102 et
433 2038 607 2102 custodem:
641 2059 734 2122 quum
766 2036 869 2100 dativo
893 2036 993 2122 posito
1025 2036 1213 2120 significetur
1240 2034 1378 2099 minister

368 2179 470 2221 earnm
493 2179 611 2235 rernm,
640 2156 773 2240 quaein
797 2178 848 2220 ara
871 2155 1084 2233 exhibeantur,
1108 2155 1142 2219 id
1166 2154 1378 2218 estraticinio·

368 2297 446 2339 rum.
493 2274 531 2339 In
566 2275 699 2339 editione
732 2274 821 2338 Boni.
856 2282 887 2339 et
922 2272 1004 2338 Orat.
1040 2282 1086 2337 est
1115 2274 1207 2352 βωμῶ
1237 2273 1374 2352 μαντείω.

372 2394 443 2458 Non
467 2402 568 2458 tamen
591 2396 664 2459 satis
688 2417 795 2459 causae
818 2403 957 2472 est,'cur
980 2394 1189 2472 scholiastam,
1207 2394 1377 2458 adscriben-

370 2519 433 2576 tem
462 2512 527 2577 ύντί
558 2519 610 2578 τοῦ
637 2513 756 2591 βωμοῦ,
780 2512 868 2576 illum
893 2512 1021 2576 Dorium
1044 2513 1211 2596 genitivum
1235 2512 1376 2577 habuisse

369 2631 585 2695 existimemus.

417 2753 466 2815 10.
502 2752 677 2829 ἐπικύρσαις.
712 2750 762 2813 Ita
784 2750 817 2814 in
839 2757 926 2814 textu
950 2750 1126 2835 imprudens
1151 2749 1242 2814 edidi.
1278 2750 1376 2814 Parti·

368 2870 482 2954 cipinm
506 2869 622 2933 Acristi
644 2869 734 2954 primi
759 2876 804 2932 est
827 2867 877 2932 01.
901 2867 919 2931 I
943 2871 1005 2945 98,
1033 2870 1111 2933 127:
1136 2868 1171 2932 II
1197 2870 1374 2945 108‚165:

370 2985 1377 3067 maes:v17:111io,31,·or:vlla:V11152‚

372 3107 431 3182 96,
460 3108 539 3168 106:
564 3104 612 3169 IX
636 3108 688 3182 87,
714 3108 792 3182 111,
820 3108 901 3182 139,
928 3108 1006 3168 142:
1032 3104 1062 3168 X
1086 3108 1145 3182 36,
1164 3108 1223 3183 49,
1243 3108 1298 3183 51,
1317 3108 1376 3182 51,

373 3203 431 3300 58,
458 3225 509 3300 87,
538 3227 617 3301 109,
645 3227 716 3287 111.
756 3223 876 3287 Horum
899 3223 1036 3288 locorum
1060 3223 1213 3309 plerisque
1237 3223 1376 3308 Heynius

371 3342 468 3405 edidit
497 3343 625 3406 formam
655 3366 730 3413 -αιςε
764 3351 794 3406 et
818 3342 915 3406 sicubi
939 3342 998 3406 hoc
1019 3364 1082 3406 uon
1105 3342 1194 3421 fecit,
1220 3344 1321 3427 potius
1345 3342 1377 3406 id
1432 3407 1441 3418 ,

370 3460 467 3525 facere
491 3462 695 3546 praetermisit
716 3461 893 3546 imprudens
917 3483 1008 3545 quam
1032 3461 1170 3525 consilio.
1203 3461 1377 3526 Boeelrhius

370 3579 470 3644 ubivis
506 3603 570 3644 eam
601 3581 728 3645 formam
758 3581 880 3665 recepit.
926 3579 1006 3643 Vide
1037 3581 1102 3665 ejus
1133 3579 1378 3659 Praefationem,

371 3722 399 3784 p.
425 3698 562 3763 XXXII.
586 3698 700 3774 Tamen
723 3700 794 3763 libri
817 3722 936 3784 semper
958 3699 1020 3763 fere
1043 3698 1158 3763 habent
1173 3700 1300 3764 formam
1315 3725 1375 3773 -ας,

369 3815 386 3878 Ι
411 3820 471 3882 187
497 3818 530 3881 in
561 3818 647 3881 libris
679 3825 725 3882 est
746 3819 869 3891 ὀλέσαςι
894 3825 926 3881 at
949 3817 1115 3902 Gregorius
1139 3817 1316 3882 Corinthius
1341 3819 1378 3883 de

369 3934 451 3999 Dial.
476 3934 549 3999 Dor.
581 3938 597 4021 b
619 3936 732 4000 XXII:
767 3944 833 4007 ταῖς
856 3944 1003 4016 μετοχαῖς
1026 3943 1081 4002 τῶν
1104 3936 1240 4019 αορίστων
1262 3961 1375 4017 προστι-

367 4052 444 4117 θέασι
468 4054 501 4118 τί
524 4074 551 4116 ι·
576 4055 730 4135 Πίνδαρος·

545 4173 607 4236 ἔνιοί
631 4181 705 4253 τρεῖς
728 4198 761 4236 τε
784 4172 833 4244 καὶ
856 4169 912 4236 δέκ’
935 4172 1038 4250 ἄνδρας
1060 4173 1184 4245 ὀλέσαις.

367 4288 402 4352 II
427 4292 489 4351 165
513 4290 584 4355 libri
607 4291 721 4355 habent
743 4291 896 4367 τανύσαις,
921 4299 1040 4373 praeter
1062 4290 1130 4354 Par.
1156 4293 1370 4370 Ατανύσσαιε,

369 4409 503 4495 Guelph.
527 4412 685 4483 τανύσσαις
709 4435 778 4475 cum
801 4410 986 4475 correctione
1009 4411 1155 4490 τανύσας,
1173 4412 1258 4476 Gott.
1276 4412 1380 4477 τοίννσ-

366 4552 427 4595 σον.·
447 4529 556 4614 Ibique
578 4533 611 4596 iu
635 4532 749 4595 scholio
772 4530 939 4595 recentiore
963 4536 1023 4594 est:
1049 4529 1096 4595 ἐπί
1112 4531 1163 4605 τὴν
1180 4530 1374 4608 Ἀκοοίναντα
