3767 5534
1011 715 1074 778 308

531 922 660 979 mortam
683 914 782 978 laudis
804 922 834 978 et
853 915 1008 980 felicitatis
1031 918 1174 1001 cogitatio
1192 940 1344 983 summum
1361 920 1428 1005 ipsa
1448 920 1542 986 decus

532 1033 659 1098 decebit.
1514 1019 1517 1024 Ι

578 1154 649 1215 195.
689 1152 779 1216 ἐνθάδ’
814 1152 1012 1238 conjungitur
1047 1175 1116 1217 cum
1150 1155 1303 1231 θανόντων,
1340 1158 1435 1222 αὐτίκ’
1470 1179 1541 1221 cum

527 1270 635 1335 ἔτνσννν.

570 1388 752 1474 dadacum.
781 1388 957 1452 Debilitatis
978 1396 1008 1452 et
1025 1390 1151 1453 inertiae
1172 1391 1422 1475 significationem
1443 1392 1537 1458 habet

527 1508 692 1594 ejusmodi,
725 1531 802 1595 quae
834 1531 902 1572 cum
933 1510 1055 1573 miseria
1088 1512 1250 1596 conjuncta
1273 1512 1328 1575 sit:
1360 1512 1386 1575 si
1410 1512 1536 1596 quidem

526 1628 644 1692 consilii
679 1635 708 1692 et
742 1627 925 1692 defensionis
961 1630 1074 1713 inopia·
1102 1629 1272 1693 miseranda
1307 1637 1362 1694 est.
1419 1630 1539 1695 Mortui

525 1745 646 1811 Tantali
669 1748 731 1810 vita
754 1746 866 1811 dicitur
888 1748 1052 1823 dadacum
1075 1748 1152 1826 βίος,
1178 1747 1227 1812 Ol.
1249 1749 1338 1813 195.
1378 1748 1535 1829 Quodam·

527 1866 615 1930 modo
639 1867 780 1930 convenit
803 1866 1000 1930 Homericum
1023 1867 1125 1932 νεκύων
1147 1868 1278 1945 ἀμενηνὰ
1301 1868 1420 1949 κάρηνα.

573 1987 644 2048 106.
683 1986 723 2050 τὰ
746 1984 771 2049 δ’
794 1987 831 2048 ἕν.
868 1984 983 2049 Eadem
1011 1986 1161 2050 sententia
1184 1986 1390 2064 continuatur.
1427 1986 1479 2053 Τὰ
1500 1988 1532 2051 ἕν

524 2105 595 2187 τᾷδε
630 2106 696 2176 Διὸς
730 2107 813 2188 ἀρχᾷ
847 2105 955 2184 ariera
986 2112 1058 2168 sunt
1089 2105 1201 2169 scelera
1224 2129 1277 2191 per
1300 2106 1391 2171 vitam
1417 2107 1448 2170 iu
1473 2106 1531 2170 hac

525 2229 603 2287 aaa
634 2224 801 2288 commissa.
848 2222 935 2287 conf.
967 2222 1056 2287 Plato
1087 2223 1124 2288 a
1155 2224 1228 2309 nep.
1260 2223 1296 2288 n.
1320 2224 1338 2288 Ι
1361 2227 1425 2289 eso
1445 2195 1479 2288 ¹n
1508 2226 1534 2289 a

525 2343 675 2420 λεγόμενον
705 2344 786 2418 μῦθον
817 2343 878 2423 περὶ
909 2345 964 2407 τῶν
995 2345 1024 2408 ἕν
1044 2344 1160 2418 Ἅιδου,
1183 2346 1220 2415 ὥς
1243 2345 1291 2409 τὸν
1315 2325 1412 2409 lutolde
1433 2342 1533 2415 aldrad-

525 2486 620 2527 σαντνν
643 2462 687 2526 δεῖ
706 2464 768 2526 ἐκεῖ
789 2462 889 2527 tettan
914 2463 1000 2536 diana.

572 2580 643 2644 108.
679 2607 731 2653 τις.
768 2580 909 2645 Humane
932 2589 963 2644 et
984 2581 1117 2645 humana
1137 2580 1285 2645 modestia
1303 2603 1321 2644 a
1339 2580 1530 2666 loquacitate

524 2707 560 2771 de
591 2710 683 2772 tantis
715 2709 805 2774 rebus
836 2717 866 2773 et
892 2710 975 2774 'ultra
999 2683 1075 2773 vitae
1099 2709 1261 2775 terminum
1286 2710 1393 2795 positis
1417 2710 1461 2773 ita
1482 2732 1531 2773 re·

522 2827 652 2904 tinetnr‚
684 2835 720 2892 ut
750 2830 836 2913 quasi
868 2830 1010 2913 ignorans
1038 2830 1140 2915 ipsum
1160 2828 1273 2914 judicis
1297 2850 1406 2893 nomen
1429 2828 1531 2892 sileat.

521 2946 609 3011 Ocni.
636 2949 695 3013 117
722 2956 752 3011 ct
779 2951 850 3011 lte.

565 3067 656 3149 ἐχθρᾷ
679 3067 818 3149 ἀνάγκᾳ..
855 3070 920 3130 Aut
952 3067 989 3131 ad
1018 3066 1152 3152 judicem
1184 3065 1258 3129 llaec
1290 3065 1459 3151 pertinent,
1493 3073 1532 3129 ut

521 3185 607 3249 malit
638 3186 808 3264 absolvere,
841 3186 866 3250 si
898 3186 1011 3271 possit,
1043 3185 1094 3249 sed
1124 3185 1210 3271 qnasi
1234 3192 1361 3269 cogatur
1383 3184 1422 3249 ad
1446 3183 1531 3248 dam-

521 3303 672 3368 nandum:
701 3314 754 3368 aut
777 3304 815 3368 ad
838 3327 921 3383 neca,
947 3304 1058 3387 quibus
1083 3303 1234 3367 sententia
1252 3302 1367 3388 judicis
1391 3301 1530 3366 odiosam

521 3446 633 3507 poenae
654 3424 861 3489 necessitatem
878 3425 1024 3509 imponat.
1053 3422 1208 3487 Posterius
1225 3444 1328 3487 verum
1345 3444 1409 3486 esse
1425 3421 1530 3485 credo.

520 3540 566 3606 Of.
591 3566 633 3607 vs,
661 3546 733 3607 122.

568 3665 638 3726 lll.
674 3663 868 3744 ἀπονέστερον.
904 3661 951 3726 Of.
976 3685 1053 3746 quae
1077 3660 1289 3725 annotavimus
1313 3659 1351 3723 ad
1368 3657 1418 3724 Ol.
1435 3658 1451 3723 I
1471 3663 1529 3724 99.

518 3779 759 3865 Explicationem
791 3789 892 3845 autem
923 3780 955 3844 id
988 3779 1171 3865 adjectivum
1198 3779 1291 3842 habet
1314 3800 1350 3841 ex
1374 3800 1531 3862 compara·

517 3900 600 3962 tione
630 3899 786 3977 laborum,
819 3899 931 3983 quibus
963 3898 1105 3962 mortales
1138 3918 1209 3982 agro
1241 3896 1367 3960 colendo
1391 3903 1422 3960 et
1445 3897 1530 3960 navi·

518 4018 617 4103 gando
648 4020 743 4083 victui
773 4020 822 4084 vix
853 4019 1014 4083 sufficienti
1040 4019 1212 4104 prospicere
1236 4024 1396 4102 coguntur.
1444 4015 1527 4083 Cum

517 4137 650 4201 dictione
674 4138 710 4201 ol.
736 4136 849 4202 Herod.
873 4138 918 4205 H.
946 4140 996 4202 14.

563 4257 635 4318 118.
670 4256 774 4332 τιμίοις
798 4258 872 4323 θεῶν.
908 4256 1089 4320 Karstenius
1112 4254 1260 4338 intelligit
1284 4275 1352 4331 eos,
1377 4253 1431 4337 qui
1453 4252 1525 4319 Diis

517 4375 657 4439 honorati
688 4376 766 4453 sint,
798 4376 818 4439 i.
844 4398 868 4439 e.
902 4375 1016 4440 beatos.
1044 4376 1162 4438 -Acnte
1193 4373 1363 4458 genitivum
1385 4372 1524 4438 defendit

516 4492 583 4556 loco
615 4494 739 4559 Homeri
774 4493 876 4560 πότνιαν
911 4498 1011 4575 θηρῶν,
1047 4494 1085 4558 Il.
1117 4493 1195 4557 XXI
1226 4494 1300 4557 470.
1347 4490 1523 4557 Boeclrhins
