3767 5534
842 750 907 810 449

359 1011 363 1019 .
456 948 532 1015 οἵα)
554 948 624 1031 ἔχοι
649 948 773 1027 Αἴγιναν
795 947 932 1024 Μάσητά
954 973 989 1013 τε
1011 954 1101 1028 κοῦροι
1125 946 1270 1029 Ἀχαιῶν

366 1068 467 1131 tribus
500 1074 656 1153 praeterea
689 1067 781 1145 locis,
817 1089 867 1131 vas
903 1069 987 1145 530,
1022 1069 1103 1145 702,
1138 1068 1222 1145 722,
1254 1072 1381 1131 cunctos
1421 1105 1432 1123 ,

368 1185 500 1250 Graecos
531 1186 683 1271 significat
714 1185 908 1250 Achaeorum
939 1185 1080 1249 nomine:
1112 1185 1165 1249 sed
1188 1184 1309 1249 duobus
1334 1183 1382 1247 hie

368 1304 461 1383 locis,
485 1326 563 1387 quos
585 1304 732 1391 apposui,
756 1326 867 1369 nomen
891 1304 923 1369 id
950 1306 1046 1389 magis
1062 1304 1220 1389 proprium
1236 1303 1381 1389 gentibus

369 1430 400 1487 et
425 1422 549 1508 ‚insigne
581 1422 703 1489 tribuit.
751 1421 831 1487 Sunt
862 1430 966 1488 autem
992 1423 1025 1487 in
1049 1422 1097 1487 his
1121 1430 1152 1488 et
1175 1421 1384 1508 Myrmidones

370 1549 400 1606 et
428 1542 604 1627 Aeginetae.
652 1542 756 1627 Atque
779 1542 835 1606 hos
859 1543 958 1629 ipsos,
983 1542 1107 1606 sedibus
1131 1542 1254 1626 quidem
1276 1551 1382 1627 postea

370 1660 518 1741 diversos,
543 1661 661 1747 origine
676 1683 747 1727 vcro
764 1669 795 1728 et
810 1669 902 1747 gente
918 1660 1041 1726 eosdem
1057 1661 1151 1727 luisse
1166 1661 1381 1746 cognovimus,

369 1778 461 1844 Peleo
485 1803 521 1845 ex
545 1781 665 1866 Aegina
686 1781 718 1846 in
742 1780 888 1846 Phthiam
907 1802 1037 1865 egresso.
1074 1779 1114 1844 Et
1130 1780 1258 1844 candem
1275 1778 1384 1843 Phthi-

370 1898 502 1977 otidem,
536 1899 766 1985 Myrmidonum
792 1900 913 1977 sedem,
938 1898 1116 1964 Herodotus
1134 1898 1382 1985 antiquissimam

369 2016 473 2082 sedem
503 2017 598 2082 fuisse
630 2026 778 2084 memorat
806 2020 872 2105 ejus
896 2018 1016 2104 gentis,
1042 2041 1119 2103 quae
1143 2030 1249 2103 postea
1272 2016 1385 2081 Dorica

370 2134 452 2201 dicta
484 2144 539 2201 est.
585 2134 732 2222 Legimus
764 2139 855 2203 etiam
888 2137 970 2223 apud
1003 2136 1180 2217 Platonem,
1213 2137 1260 2202 De
1286 2134 1383 2223 Legg.

371 2254 424 2319 III
456 2257 519 2319 682
552 2277 585 2319 e:
618 2256 734 2321 Achaei
764 2255 887 2343 Trojam
918 2264 1155 2343 oppugnarunt,
1188 2264 1253 2321 tum
1286 2254 1386 2320 multa

372 2380 490 2437 mutata
521 2382 612 2453 sunt,
643 2381 674 2439 et
704 2383 814 2460 postea
843 2396 951 2439 rursus
983 2376 1127 2450 κατῆλθον
1158 2373 1385 2453 μεταβαλόντες

370 2492 475 2571 ὄνομα,
509 2501 626 2572 Δωριεῖς
657 2493 723 2558 ἄντ’
754 2496 886 2574 Ἀχαιῶν
917 2493 1078 2567 κληθέντες.
1125 2491 1286 2559 Commisit
1312 2516 1385 2580 ergo
1448 2563 1452 2570 ,

374 2609 544 2688 Pindarus,
576 2613 602 2676 si
628 2611 720 2688 velis,
745 2610 1031 2689 anachronismum,
1056 2614 1194 2677 Aeacum
1217 2612 1383 2698 Myrmido-

370 2752 441 2794 nem
463 2730 512 2795 vel
535 2731 693 2795 Achaeum
717 2730 756 2795 ad
771 2730 935 2795 Dorienses
952 2730 1123 2809 referendo,
1142 2731 1193 2796 sed
1212 2754 1272 2797 non
1290 2732 1384 2797 alium

370 2870 404 2913 ac
419 2869 475 2913 nos
492 2850 727 2925 committimus,
745 2850 914 2914 Pindarum
930 2856 1053 2934 poetam
1066 2849 1219 2915 Graecum
1232 2849 1384 2929 vocando,

370 2967 396 3034 si
424 2967 549 3052 quidem
572 2967 709 3053 gentium
734 2968 860 3032 nomina
884 2968 997 3053 pariter
1021 2990 1073 3046 sc,
1098 2967 1266 3032 secundum
1289 2967 1387 3033 Hora·

369 3085 465 3164 tium,
490 3085 582 3151 verbs
606 3086 708 3150 valent
731 3109 799 3150 usu.
846 3085 936 3151 Oerte
961 3085 1048 3149 illum

491 3204 657 3287 πρδφαιτιι
680 3205 772 3287 σοφία
794 3205 858 3269 καθ’
878 3202 1034 3276 Ἕλλανας
1058 3204 1142 3269 lbra
1166 3208 1267 3269 παιτῖι

369 3324 516 3388 miratum
546 3344 730 3408 magnopere
760 3322 855 3387 fuisse
886 3322 1031 3387 credibile
1063 3329 1126 3400 est,
1159 3322 1186 3386 si
1216 3323 1286 3408 quis
1317 3341 1385 3388 eum

370 3441 554 3527 appellasset
576 3441 742 3523 πρόφαντον
765 3443 855 3524 σοφία
877 3441 959 3507 κατα
982 3442 1118 3520 Γραικοὺς
1135 3439 1229 3507 ἐόντα.
1253 3440 1386 3518 Verum,

372 3581 468 3645 qnam
498 3558 663 3623 Dorienses
694 3566 724 3623 et
754 3559 893 3623 Achaeos
917 3558 1024 3643 attigi,
1049 3558 1211 3644 praeterire
1233 3580 1297 3622 non
1319 3580 1386 3643 pos·

372 3700 457 3756 sum,
496 3676 535 3741 de
568 3676 706 3763 gentium
737 3699 841 3742 earum
870 3676 1046 3740 discrimine
1073 3676 1137 3762 jam
1167 3676 1386 3741 dissensionem

371 3796 466 3861 fnisse
507 3794 604 3860 videri
633 3796 715 3860 inter
745 3794 934 3859 sacerdotem
966 3795 1102 3859 Atticam
1132 3801 1163 3858 et
1193 3793 1387 3860 Cleomenem

371 3936 474 3999 regem
497 3913 792 3979 Lacedaemonium:
815 3913 931 3978 Herod.
957 3912 985 3973 V
1011 3915 1062 3979 72.

419 4035 472 4097 43.
507 4033 671 4099 καλέσαντο
694 4034 839 4113 συνεργόν.
875 4032 939 4117 Ipsi
963 4052 1025 4094 non
1041 4037 1183 4116 poterant
1200 4030 1297 4125 facere
1309 4053 1387 4116 opus

373 4152 436 4217 nisi
463 4150 652 4215 immortale:
685 4152 804 4215 moenia
837 4172 906 4214 vero
929 4148 1037 4235 Trojae
1060 4171 1157 4235 quum
1179 4148 1278 4234 perire
1301 4146 1390 4213 debe·

374 4276 461 4347 rent,
485 4269 623 4333 mortalis
642 4291 734 4353 opera
752 4268 790 4332 iis
802 4267 912 4332 addere
924 4266 1055 4331 debebat
1066 4266 1273 4352 fragilitatem.
1298 4264 1387 4331 Conf.

376 4389 425 4453 De
448 4386 574 4451 Pindari
596 4385 768 4472 Sapientia,
794 4410 824 4473 p.
850 4387 902 4449 18.

423 4507 478 4571 47.
511 4504 631 4587 λαβρδι.
666 4504 792 4590 Proprie
823 4527 887 4569 esse
918 4503 1040 4569 videtur
1070 4504 1260 4590 prehendens
1291 4504 1389 4573 multa
1477 4562 1479 4567 .

1228 4626 1264 4682 22
