<?xml version="1.0" encoding="UTF-8"?>
<!DOCTYPE html PUBLIC "-//W3C//DTD XHTML 1.0 Transitional//EN"
    "http://www.w3.org/TR/xhtml1/DTD/xhtml1-transitional.dtd">
<html xmlns="http://www.w3.org/1999/xhtml" xml:lang="en" lang="en">
 <head>
  <title>
</title>
<meta http-equiv="Content-Type" content="text/html;charset=utf-8" />
  <meta name='ocr-system' content='tesseract 3.04.00' />
  <meta name='ocr-capabilities' content='ocr_page ocr_carea ocr_par ocr_line ocrx_word'/>
</head>
<body>
  <div class='ocr_page' id='page_1' title='image "./pindaricarminao00pindgoog_0049.png"; bbox 0 0 3767 5534; ppageno 0'>
   <div class='ocr_carea' id='block_1_1' title="bbox 870 725 911 785">
    <p class='ocr_par' dir='ltr' id='par_1_1' title="bbox 870 725 911 785">
     <span class='ocr_line' id='line_1_1' title="bbox 870 725 911 785; baseline 0 0"><span class='ocrx_word' id='word_1_1' title='bbox 870 725 911 785; x_wconf 76' lang='lat'>25</span> 
     </span>
    </p>
   </div>
   <div class='ocr_carea' id='block_1_2' title="bbox 371 924 1449 3636">
    <p class='ocr_par' dir='ltr' id='par_1_2' title="bbox 376 924 1398 1368">
     <span class='ocr_line' id='line_1_2' title="bbox 378 924 1398 1012; baseline -0.004 -21"><span class='ocrx_word' id='word_1_2' title='bbox 378 936 502 1004; x_wconf 88' lang='lat' dir='ltr'>tutum,</span> <span class='ocrx_word' id='word_1_3' title='bbox 529 933 564 990; x_wconf 86' lang='lat' dir='ltr'>ut</span> <span class='ocrx_word' id='word_1_4' title='bbox 587 926 695 1012; x_wconf 79' lang='lat' dir='ltr'>Trojee</span> <span class='ocrx_word' id='word_1_5' title='bbox 719 926 840 990; x_wconf 80' lang='lat' dir='ltr'>moenie</span> <span class='ocrx_word' id='word_1_6' title='bbox 863 927 1016 1011; x_wconf 85' lang='lat' dir='ltr'>perirent,</span> <span class='ocrx_word' id='word_1_7' title='bbox 1041 926 1078 991; x_wconf 87' lang='lat' dir='ltr'>ab</span> <span class='ocrx_word' id='word_1_8' title='bbox 1103 924 1247 1010; x_wconf 85' lang='lat' dir='ltr'>Apolline</span> <span class='ocrx_word' id='word_1_9' title='bbox 1267 935 1297 988; x_wconf 89' lang='lat' dir='ltr'>et</span> <span class='ocrx_word' id='word_1_10' title='bbox 1317 924 1398 1010; x_wconf 91' lang='lat' dir='ltr'>Nep·</span> 
     </span>
     <span class='ocr_line' id='line_1_3' title="bbox 376 1045 1395 1132; baseline -0.003 -22"><span class='ocrx_word' id='word_1_11' title='bbox 376 1055 457 1110; x_wconf 89' lang='lat' dir='ltr'>tuno</span> <span class='ocrx_word' id='word_1_12' title='bbox 489 1046 663 1123; x_wconf 80' lang='lat' dir='ltr'>aedificata,</span> <span class='ocrx_word' id='word_1_13' title='bbox 696 1068 800 1109; x_wconf 90' lang='lat' dir='ltr'>verum</span> <span class='ocrx_word' id='word_1_14' title='bbox 833 1045 911 1109; x_wconf 81' lang='lat' dir='ltr'>hane</span> <span class='ocrx_word' id='word_1_15' title='bbox 943 1045 1040 1132; x_wconf 83' lang='lat' dir='ltr'>ipsum</span> <span class='ocrx_word' id='word_1_16' title='bbox 1065 1045 1104 1109; x_wconf 93' lang='lat' dir='ltr'>ob</span> <span class='ocrx_word' id='word_1_17' title='bbox 1128 1067 1252 1109; x_wconf 81' lang='lat' dir='ltr'>eausam</span> <span class='ocrx_word' id='word_1_18' title='bbox 1276 1047 1395 1108; x_wconf 80' lang='lat' dir='ltr'>Aeaeus</span> 
     </span>
     <span class='ocr_line' id='line_1_4' title="bbox 376 1164 1397 1251; baseline -0.002 -21"><span class='ocrx_word' id='word_1_19' title='bbox 376 1168 468 1231; x_wconf 87' lang='lat' dir='ltr'>heros</span> <span class='ocrx_word' id='word_1_20' title='bbox 499 1164 679 1230; x_wconf 78' lang='lat' dir='ltr'>aedificandi</span> <span class='ocrx_word' id='word_1_21' title='bbox 711 1165 812 1229; x_wconf 82' lang='lat' dir='ltr'>socius</span> <span class='ocrx_word' id='word_1_22' title='bbox 843 1164 904 1229; x_wconf 77' lang='lat' dir='ltr'>tuit</span> <span class='ocrx_word' id='word_1_23' title='bbox 935 1172 967 1229; x_wconf 91' lang='lat' dir='ltr'>et</span> <span class='ocrx_word' id='word_1_24' title='bbox 995 1165 1027 1229; x_wconf 86' lang='lat' dir='ltr'>in</span> <span class='ocrx_word' id='word_1_25' title='bbox 1060 1166 1125 1251; x_wconf 91' lang='lat' dir='ltr'>ejus</span> <span class='ocrx_word' id='word_1_26' title='bbox 1157 1188 1249 1250; x_wconf 88' lang='lat' dir='ltr'>opere</span> <span class='ocrx_word' id='word_1_27' title='bbox 1278 1164 1397 1249; x_wconf 79' lang='lat' dir='ltr'><strong>fragilia</strong></span> 
     </span>
     <span class='ocr_line' id='line_1_5' title="bbox 376 1284 604 1368; baseline -0.004 -19"><span class='ocrx_word' id='word_1_28' title='bbox 376 1286 461 1349; x_wconf 79' lang='lat' dir='ltr'>saeta</span> <span class='ocrx_word' id='word_1_29' title='bbox 484 1294 567 1349; x_wconf 89' lang='lat' dir='ltr'>sunt.</span> <span class='ocrx_word' id='word_1_30' title='bbox 581 1284 604 1368; x_wconf 90' lang='grc'>1)</span> 
     </span>
    </p>

    <p class='ocr_par' dir='ltr' id='par_1_3' title="bbox 375 1401 1449 1965">
     <span class='ocr_line' id='line_1_6' title="bbox 425 1401 1398 1488; baseline -0.003 -21"><span class='ocrx_word' id='word_1_31' title='bbox 425 1403 496 1466; x_wconf 81' lang='lat' dir='ltr'>Alio</span> <span class='ocrx_word' id='word_1_32' title='bbox 519 1403 587 1467; x_wconf 87' lang='lat' dir='ltr'>loeo</span> <span class='ocrx_word' id='word_1_33' title='bbox 606 1402 804 1488; x_wconf 82' lang='lat' dir='ltr'>conjungitur</span> <span class='ocrx_word' id='word_1_34' title='bbox 820 1402 935 1466; x_wconf 79' lang='lat' dir='ltr'>Fatum</span> <span class='ocrx_word' id='word_1_35' title='bbox 951 1402 1099 1486; x_wconf 82' lang='lat' dir='ltr'>Jovisque</span> <span class='ocrx_word' id='word_1_36' title='bbox 1114 1403 1270 1467; x_wconf 85' lang='lat' dir='ltr'>voluntas:</span> <span class='ocrx_word' id='word_1_37' title='bbox 1288 1401 1398 1465; x_wconf 84' lang='lat' dir='ltr'>Peleus</span> 
     </span>
     <span class='ocr_line' id='line_1_7' title="bbox 377 1520 1449 1608; baseline -0.001 -22"><span class='ocrx_word' id='word_1_38' title='bbox 377 1523 535 1608; x_wconf 88' lang='lat' dir='ltr'>periturus</span> <span class='ocrx_word' id='word_1_39' title='bbox 557 1522 677 1586; x_wconf 88' lang='lat' dir='ltr'>insidiis</span> <span class='ocrx_word' id='word_1_40' title='bbox 701 1520 878 1599; x_wconf 82' lang='lat' dir='ltr'>videbatur,</span> <span class='ocrx_word' id='word_1_41' title='bbox 903 1520 956 1585; x_wconf 91' lang='lat' dir='ltr'>sed</span> <span class='ocrx_word' id='word_1_42' title='bbox 981 1543 1050 1585; x_wconf 90' lang='lat' dir='ltr'>eum</span> <span class='ocrx_word' id='word_1_43' title='bbox 1075 1521 1205 1585; x_wconf 78' lang='lat' dir='ltr'>servavit</span> <span class='ocrx_word' id='word_1_44' title='bbox 1229 1520 1344 1585; x_wconf 83' lang='lat' dir='ltr'>Chiron</span> <span class='ocrx_word' id='word_1_45' title='bbox 1447 1536 1449 1540; x_wconf 85' lang='lat'>&#39;</span> 
     </span>
     <span class='ocr_line' id='line_1_8' title="bbox 645 1638 1110 1720; baseline -0.002 -15"><span class='ocrx_word' id='word_1_46' title='bbox 645 1640 694 1706; x_wconf 75' lang='lat' dir='ltr'>uel</span> <span class='ocrx_word' id='word_1_47' title='bbox 718 1640 752 1704; x_wconf 80' lang='grc' dir='ltr'>τὸ</span> <span class='ocrx_word' id='word_1_48' title='bbox 775 1642 913 1720; x_wconf 73' lang='grc' dir='ltr'>μόρσιμον</span> <span class='ocrx_word' id='word_1_49' title='bbox 938 1638 1036 1706; x_wconf 72' lang='grc' dir='ltr'><em>Διόθεν</em></span> <span class='ocrx_word' id='word_1_50' title='bbox 1060 1664 1110 1704; x_wconf 80' lang='grc' dir='ltr'>πε-</span> 
     </span>
     <span class='ocr_line' id='line_1_9' title="bbox 649 1759 949 1842; baseline 0 -19"><span class='ocrx_word' id='word_1_51' title='bbox 649 1759 793 1841; x_wconf 76' lang='grc' dir='ltr'><em>πρωμένον</em></span> <span class='ocrx_word' id='word_1_52' title='bbox 820 1760 949 1842; x_wconf 72' lang='grc' dir='ltr'>ἔκφερεν·</span> 
     </span>
     <span class='ocr_line' id='line_1_10' title="bbox 375 1878 1234 1965; baseline 0 -22"><span class='ocrx_word' id='word_1_53' title='bbox 375 1884 407 1943; x_wconf 85' lang='lat' dir='ltr'>et</span> <span class='ocrx_word' id='word_1_54' title='bbox 428 1881 507 1963; x_wconf 81' lang='lat' dir='ltr'>quod</span> <span class='ocrx_word' id='word_1_55' title='bbox 517 1880 593 1965; x_wconf 80' lang='lat' dir='ltr'>fato</span> <span class='ocrx_word' id='word_1_56' title='bbox 616 1886 679 1942; x_wconf 83' lang='lat' dir='ltr'>erat</span> <span class='ocrx_word' id='word_1_57' title='bbox 701 1902 737 1943; x_wconf 74' lang='lat' dir='ltr'>eu</span> <span class='ocrx_word' id='word_1_58' title='bbox 757 1881 828 1943; x_wconf 83' lang='lat' dir='ltr'>Jove</span> <span class='ocrx_word' id='word_1_59' title='bbox 850 1878 1038 1942; x_wconf 72' lang='lat' dir='ltr'>constitutum</span> <span class='ocrx_word' id='word_1_60' title='bbox 1056 1878 1196 1961; x_wconf 62' lang='lat' dir='ltr'>peffieeit.</span> <span class='ocrx_word' id='word_1_61' title='bbox 1210 1880 1234 1961; x_wconf 81' lang='lat' dir='ltr'>s)</span> 
     </span>
    </p>

    <p class='ocr_par' dir='ltr' id='par_1_4' title="bbox 371 1996 1397 3636">
     <span class='ocr_line' id='line_1_11' title="bbox 422 1996 1397 2062; baseline -0.003 -1"><span class='ocrx_word' id='word_1_62' title='bbox 422 1996 524 2061; x_wconf 84' lang='lat' dir='ltr'>Semel</span> <span class='ocrx_word' id='word_1_63' title='bbox 545 2019 617 2062; x_wconf 87' lang='lat' dir='ltr'>vero</span> <span class='ocrx_word' id='word_1_64' title='bbox 639 1998 739 2062; x_wconf 83' lang='lat' dir='ltr'>fusius</span> <span class='ocrx_word' id='word_1_65' title='bbox 758 1996 870 2062; x_wconf 76' lang='lat' dir='ltr'>Fatum</span> <span class='ocrx_word' id='word_1_66' title='bbox 889 2006 1077 2062; x_wconf 83' lang='lat' dir='ltr'>memoretur</span> <span class='ocrx_word' id='word_1_67' title='bbox 1096 2021 1113 2061; x_wconf 79' lang='lat' dir='ltr'><strong>a</strong></span> <span class='ocrx_word' id='word_1_68' title='bbox 1135 1997 1271 2061; x_wconf 83' lang='lat' dir='ltr'><strong>Deorum</strong></span> <span class='ocrx_word' id='word_1_69' title='bbox 1291 1996 1397 2059; x_wconf 86' lang='lat' dir='ltr'>volun-</span> 
     </span>
     <span class='ocr_line' id='line_1_12' title="bbox 375 2116 1395 2202; baseline -0.001 -23"><span class='ocrx_word' id='word_1_70' title='bbox 375 2123 440 2179; x_wconf 83' lang='lat' dir='ltr'>tate</span> <span class='ocrx_word' id='word_1_71' title='bbox 472 2117 655 2202; x_wconf 82' lang='lat' dir='ltr'>sejunctum.</span> <span class='ocrx_word' id='word_1_72' title='bbox 703 2116 774 2196; x_wconf 79' lang='lat' dir='ltr'>Quo</span> <span class='ocrx_word' id='word_1_73' title='bbox 801 2116 869 2182; x_wconf 87' lang='lat' dir='ltr'>loeo</span> <span class='ocrx_word' id='word_1_74' title='bbox 893 2117 999 2195; x_wconf 83' lang='lat' dir='ltr'>malis,</span> <span class='ocrx_word' id='word_1_75' title='bbox 1025 2139 1103 2201; x_wconf 81' lang='lat' dir='ltr'>quse</span> <span class='ocrx_word' id='word_1_76' title='bbox 1126 2116 1238 2181; x_wconf 79' lang='lat' dir='ltr'>Fatum</span> <span class='ocrx_word' id='word_1_77' title='bbox 1262 2116 1395 2192; x_wconf 78' lang='lat' dir='ltr'>ferebat,</span> 
     </span>
     <span class='ocr_line' id='line_1_13' title="bbox 375 2234 1396 2322; baseline -0.001 -24"><span class='ocrx_word' id='word_1_78' title='bbox 375 2234 493 2299; x_wconf 84' lang='lat' dir='ltr'>auditis</span> <span class='ocrx_word' id='word_1_79' title='bbox 523 2258 561 2299; x_wconf 84' lang='lat' dir='ltr'>ex</span> <span class='ocrx_word' id='word_1_80' title='bbox 590 2234 754 2314; x_wconf 81' lang='lat' dir='ltr'>Themide,</span> <span class='ocrx_word' id='word_1_81' title='bbox 787 2237 948 2322; x_wconf 84' lang='lat' dir='ltr'>cognitum</span> <span class='ocrx_word' id='word_1_82' title='bbox 980 2237 1151 2322; x_wconf 88' lang='lat' dir='ltr'>perieulum</span> <span class='ocrx_word' id='word_1_83' title='bbox 1180 2236 1335 2300; x_wconf 80' lang='lat' dir='ltr'>evitarunt</span> <span class='ocrx_word' id='word_1_84' title='bbox 1361 2256 1396 2297; x_wconf 86' lang='lat' dir='ltr'>ae</span> 
     </span>
     <span class='ocr_line' id='line_1_14' title="bbox 375 2354 1397 2432; baseline 0.001 -15"><span class='ocrx_word' id='word_1_85' title='bbox 375 2354 497 2418; x_wconf 80' lang='lat' dir='ltr'>tutiora</span> <span class='ocrx_word' id='word_1_86' title='bbox 519 2357 617 2419; x_wconf 84' lang='lat' dir='ltr'>secuti</span> <span class='ocrx_word' id='word_1_87' title='bbox 639 2368 722 2420; x_wconf 89' lang='lat' dir='ltr'>sunt.</span> <span class='ocrx_word' id='word_1_88' title='bbox 769 2354 868 2432; x_wconf 83' lang='lat' dir='ltr'>Nam,</span> <span class='ocrx_word' id='word_1_89' title='bbox 893 2356 1082 2421; x_wconf 82' lang='lat' dir='ltr'>certantibus</span> <span class='ocrx_word' id='word_1_90' title='bbox 1107 2356 1145 2420; x_wconf 91' lang='lat' dir='ltr'>de</span> <span class='ocrx_word' id='word_1_91' title='bbox 1168 2355 1308 2420; x_wconf 79' lang='lat' dir='ltr'>Thetidis</span> <span class='ocrx_word' id='word_1_92' title='bbox 1328 2377 1397 2420; x_wconf 88' lang='lat' dir='ltr'>eon·</span> 
     </span>
     <span class='ocr_line' id='line_1_15' title="bbox 371 2473 1396 2560; baseline 0 -24"><span class='ocrx_word' id='word_1_93' title='bbox 371 2474 465 2559; x_wconf 87' lang='lat' dir='ltr'>jugio</span> <span class='ocrx_word' id='word_1_94' title='bbox 495 2473 570 2538; x_wconf 85' lang='lat' dir='ltr'>Jove</span> <span class='ocrx_word' id='word_1_95' title='bbox 603 2483 633 2538; x_wconf 92' lang='lat' dir='ltr'>et</span> <span class='ocrx_word' id='word_1_96' title='bbox 656 2473 822 2560; x_wconf 89' lang='lat' dir='ltr'>Neptuno,</span> <span class='ocrx_word' id='word_1_97' title='bbox 846 2475 926 2539; x_wconf 83' lang='lat' dir='ltr'>dixit</span> <span class='ocrx_word' id='word_1_98' title='bbox 949 2477 981 2540; x_wconf 89' lang='lat' dir='ltr'>in</span> <span class='ocrx_word' id='word_1_99' title='bbox 1005 2475 1112 2540; x_wconf 88' lang='lat' dir='ltr'>mediis</span> <span class='ocrx_word' id='word_1_100' title='bbox 1136 2474 1277 2539; x_wconf 76' lang='lat' dir='ltr'>Themis:</span> <span class='ocrx_word' id='word_1_101' title='bbox 1298 2473 1396 2551; x_wconf 78' lang='lat' dir='ltr'>„Fato</span> 
     </span>
     <span class='ocr_line' id='line_1_16' title="bbox 374 2594 1396 2681; baseline 0 -24"><span class='ocrx_word' id='word_1_102' title='bbox 374 2594 583 2658; x_wconf 80' lang='lat' dir='ltr'>constitutum</span> <span class='ocrx_word' id='word_1_103' title='bbox 607 2617 689 2672; x_wconf 88' lang='lat' dir='ltr'>esse,</span> <span class='ocrx_word' id='word_1_104' title='bbox 714 2602 751 2660; x_wconf 89' lang='lat' dir='ltr'>ut</span> <span class='ocrx_word' id='word_1_105' title='bbox 773 2595 840 2660; x_wconf 83' lang='lat' dir='ltr'>Dea</span> <span class='ocrx_word' id='word_1_106' title='bbox 862 2596 980 2660; x_wconf 80' lang='lat' dir='ltr'>marine</span> <span class='ocrx_word' id='word_1_107' title='bbox 1003 2594 1207 2681; x_wconf 87' lang='lat' dir='ltr'>potentiorem</span> <span class='ocrx_word' id='word_1_108' title='bbox 1227 2606 1287 2658; x_wconf 88' lang='lat' dir='ltr'>&#39;suo</span> <span class='ocrx_word' id='word_1_109' title='bbox 1311 2600 1396 2678; x_wconf 83' lang='lat' dir='ltr'>petre</span> 
     </span>
     <span class='ocr_line' id='line_1_17' title="bbox 373 2713 1395 2800; baseline 0 -23"><span class='ocrx_word' id='word_1_110' title='bbox 373 2713 476 2777; x_wconf 87' lang='lat' dir='ltr'>filium</span> <span class='ocrx_word' id='word_1_111' title='bbox 499 2724 632 2799; x_wconf 80' lang='lat' dir='ltr'>pareret,</span> <span class='ocrx_word' id='word_1_112' title='bbox 656 2716 711 2799; x_wconf 91' lang='lat' dir='ltr'>qui</span> <span class='ocrx_word' id='word_1_113' title='bbox 735 2715 864 2780; x_wconf 86' lang='lat' dir='ltr'>fulmine</span> <span class='ocrx_word' id='word_1_114' title='bbox 886 2725 916 2779; x_wconf 91' lang='lat' dir='ltr'>et</span> <span class='ocrx_word' id='word_1_115' title='bbox 938 2714 1071 2780; x_wconf 87' lang='lat' dir='ltr'>tridente</span> <span class='ocrx_word' id='word_1_116' title='bbox 1091 2716 1190 2800; x_wconf 79' lang='lat' dir='ltr'>majus</span> <span class='ocrx_word' id='word_1_117' title='bbox 1210 2713 1294 2778; x_wconf 80' lang='lat' dir='ltr'>eliud</span> <span class='ocrx_word' id='word_1_118' title='bbox 1312 2714 1395 2799; x_wconf 83' lang='lat' dir='ltr'>jecu-</span> 
     </span>
     <span class='ocr_line' id='line_1_18' title="bbox 373 2834 1393 2922; baseline 0.001 -26"><span class='ocrx_word' id='word_1_119' title='bbox 373 2834 442 2897; x_wconf 89' lang='lat' dir='ltr'>lum</span> <span class='ocrx_word' id='word_1_120' title='bbox 474 2855 567 2899; x_wconf 79' lang='lat' dir='ltr'>manu</span> <span class='ocrx_word' id='word_1_121' title='bbox 590 2844 715 2899; x_wconf 79' lang='lat' dir='ltr'>aeturus</span> <span class='ocrx_word' id='word_1_122' title='bbox 739 2844 835 2913; x_wconf 87' lang='lat' dir='ltr'>esset,</span> <span class='ocrx_word' id='word_1_123' title='bbox 859 2834 931 2899; x_wconf 85' lang='lat' dir='ltr'>Jovi</span> <span class='ocrx_word' id='word_1_124' title='bbox 954 2842 1052 2920; x_wconf 82' lang='lat' dir='ltr'>nupta</span> <span class='ocrx_word' id='word_1_125' title='bbox 1075 2835 1123 2898; x_wconf 92' lang='lat' dir='ltr'>vel</span> <span class='ocrx_word' id='word_1_126' title='bbox 1147 2836 1213 2921; x_wconf 85' lang='lat' dir='ltr'>ejus</span> <span class='ocrx_word' id='word_1_127' title='bbox 1237 2834 1393 2922; x_wconf 76' lang='lat' dir='ltr'>frutribus.</span> 
     </span>
     <span class='ocr_line' id='line_1_19' title="bbox 372 2951 1396 3019; baseline 0.002 -4"><span class='ocrx_word' id='word_1_128' title='bbox 372 2951 493 3017; x_wconf 81' lang='lat' dir='ltr'>Verum</span> <span class='ocrx_word' id='word_1_129' title='bbox 522 2952 641 3018; x_wconf 87' lang='lat' dir='ltr'>finitote</span> <span class='ocrx_word' id='word_1_130' title='bbox 672 2953 755 3018; x_wconf 80' lang='lat' dir='ltr'>haec.</span> <span class='ocrx_word' id='word_1_131' title='bbox 803 2953 935 3018; x_wconf 83' lang='lat' dir='ltr'>Mortale</span> <span class='ocrx_word' id='word_1_132' title='bbox 963 2963 1054 3018; x_wconf 84' lang='lat' dir='ltr'>uaetu</span> <span class='ocrx_word' id='word_1_133' title='bbox 1077 2954 1266 3019; x_wconf 87' lang='lat' dir='ltr'>connubium</span> <span class='ocrx_word' id='word_1_134' title='bbox 1295 2953 1396 3018; x_wconf 82' lang='lat' dir='ltr'>videat</span> 
     </span>
     <span class='ocr_line' id='line_1_20' title="bbox 374 3071 1396 3159; baseline 0.002 -24"><span class='ocrx_word' id='word_1_135' title='bbox 374 3071 493 3150; x_wconf 85' lang='lat' dir='ltr'>filium,</span> <span class='ocrx_word' id='word_1_136' title='bbox 525 3072 580 3156; x_wconf 92' lang='lat' dir='ltr'>qui</span> <span class='ocrx_word' id='word_1_137' title='bbox 609 3073 760 3137; x_wconf 82' lang='lat' dir='ltr'>moriatur</span> <span class='ocrx_word' id='word_1_138' title='bbox 791 3074 822 3138; x_wconf 92' lang='lat' dir='ltr'>in</span> <span class='ocrx_word' id='word_1_139' title='bbox 855 3074 953 3152; x_wconf 88' lang='lat' dir='ltr'>bello,</span> <span class='ocrx_word' id='word_1_140' title='bbox 982 3097 1076 3138; x_wconf 81' lang='lat' dir='ltr'>manu</span> <span class='ocrx_word' id='word_1_141' title='bbox 1100 3073 1195 3138; x_wconf 81' lang='lat' dir='ltr'>Marti</span> <span class='ocrx_word' id='word_1_142' title='bbox 1218 3096 1320 3159; x_wconf 81' lang='lat' dir='ltr'>parem</span> <span class='ocrx_word' id='word_1_143' title='bbox 1346 3072 1396 3159; x_wconf 88' lang='lat' dir='ltr'>pe·</span> 
     </span>
     <span class='ocr_line' id='line_1_21' title="bbox 376 3189 1397 3277; baseline 0.003 -23"><span class='ocrx_word' id='word_1_144' title='bbox 376 3189 515 3274; x_wconf 90' lang='lat' dir='ltr'>dumque</span> <span class='ocrx_word' id='word_1_145' title='bbox 537 3191 691 3255; x_wconf 80' lang='lat' dir='ltr'>eeleritate</span> <span class='ocrx_word' id='word_1_146' title='bbox 709 3192 903 3257; x_wconf 88' lang='lat' dir='ltr'>fulminibus.</span> <span class='ocrx_word' id='word_1_147' title='bbox 939 3191 1096 3277; x_wconf 82' lang='lat' dir='ltr'>Equidem</span> <span class='ocrx_word' id='word_1_148' title='bbox 1117 3215 1240 3270; x_wconf 87' lang='lat' dir='ltr'>censeo,</span> <span class='ocrx_word' id='word_1_149' title='bbox 1261 3191 1397 3257; x_wconf 84' lang='lat' dir='ltr'>dandum</span> 
     </span>
     <span class='ocr_line' id='line_1_22' title="bbox 377 3308 1396 3377; baseline 0.003 -5"><span class='ocrx_word' id='word_1_150' title='bbox 377 3308 470 3374; x_wconf 92' lang='lat' dir='ltr'>Peleo</span> <span class='ocrx_word' id='word_1_151' title='bbox 492 3308 632 3374; x_wconf 90' lang='lat' dir='ltr'>divinum</span> <span class='ocrx_word' id='word_1_152' title='bbox 656 3310 803 3376; x_wconf 91' lang='lat' dir='ltr'>honorem</span> <span class='ocrx_word' id='word_1_153' title='bbox 827 3311 1005 3376; x_wconf 85' lang='lat' dir='ltr'>connubii.&#39;&#39;</span> <span class='ocrx_word' id='word_1_154' title='bbox 1028 3311 1078 3377; x_wconf 83' lang='lat' dir='ltr'>Sic</span> <span class='ocrx_word' id='word_1_155' title='bbox 1102 3312 1141 3375; x_wconf 81' lang='lat' dir='ltr'>sd</span> <span class='ocrx_word' id='word_1_156' title='bbox 1160 3311 1310 3376; x_wconf 81' lang='lat' dir='ltr'>Oronides</span> <span class='ocrx_word' id='word_1_157' title='bbox 1330 3310 1396 3375; x_wconf 83' lang='lat' dir='ltr'>Dea</span> 
     </span>
     <span class='ocr_line' id='line_1_23' title="bbox 377 3429 1397 3511; baseline 0.003 -20"><span class='ocrx_word' id='word_1_158' title='bbox 377 3429 483 3492; x_wconf 80' lang='lat' dir='ltr'>loeute</span> <span class='ocrx_word' id='word_1_159' title='bbox 512 3438 575 3493; x_wconf 88' lang='lat' dir='ltr'>est:</span> <span class='ocrx_word' id='word_1_160' title='bbox 607 3429 653 3493; x_wconf 91' lang='lat' dir='ltr'>illi</span> <span class='ocrx_word' id='word_1_161' title='bbox 684 3429 763 3495; x_wconf 89' lang='lat' dir='ltr'>eiliis</span> <span class='ocrx_word' id='word_1_162' title='bbox 787 3440 964 3496; x_wconf 81' lang='lat' dir='ltr'>annuerunt</span> <span class='ocrx_word' id='word_1_163' title='bbox 987 3431 1231 3511; x_wconf 80' lang='lat' dir='ltr'>immortalibus,</span> <span class='ocrx_word' id='word_1_164' title='bbox 1254 3454 1309 3496; x_wconf 86' lang='lat' dir='ltr'>nee</span> <span class='ocrx_word' id='word_1_165' title='bbox 1333 3454 1397 3495; x_wconf 87' lang='lat' dir='ltr'>ver·</span> 
     </span>
     <span class='ocr_line' id='line_1_24' title="bbox 379 3546 1397 3636; baseline 0.002 -25"><span class='ocrx_word' id='word_1_166' title='bbox 379 3546 487 3611; x_wconf 85' lang='lat' dir='ltr'>borum</span> <span class='ocrx_word' id='word_1_167' title='bbox 515 3547 635 3612; x_wconf 66' lang='lat' dir='ltr'>fluctus</span> <span class='ocrx_word' id='word_1_168' title='bbox 666 3549 793 3614; x_wconf 90' lang='lat' dir='ltr'>interiit.</span> <span class='ocrx_word' id='word_1_169' title='bbox 807 3550 831 3635; x_wconf 83' lang='lat'>³)</span> <span class='ocrx_word' id='word_1_170' title='bbox 877 3550 961 3636; x_wconf 81' lang='lat' dir='ltr'>Ergo</span> <span class='ocrx_word' id='word_1_171' title='bbox 992 3550 1063 3615; x_wconf 85' lang='lat' dir='ltr'>dive</span> <span class='ocrx_word' id='word_1_172' title='bbox 1093 3550 1162 3615; x_wconf 79' lang='lat' dir='ltr'>Fati</span> <span class='ocrx_word' id='word_1_173' title='bbox 1192 3551 1341 3636; x_wconf 87' lang='lat' dir='ltr'>interpres</span> <span class='ocrx_word' id='word_1_174' title='bbox 1366 3558 1397 3614; x_wconf 88' lang='lat' dir='ltr'>et</span> 
     </span>
    </p>
   </div>
   <div class='ocr_carea' id='block_1_3' title="bbox 378 3666 1398 3870">
    <p class='ocr_par' dir='ltr' id='par_1_5' title="bbox 378 3666 1398 3870">
     <span class='ocr_line' id='line_1_25' title="bbox 378 3666 1398 3754; baseline 0.004 -25"><span class='ocrx_word' id='word_1_175' title='bbox 378 3688 473 3749; x_wconf 82' lang='lat' dir='ltr'>gnara</span> <span class='ocrx_word' id='word_1_176' title='bbox 495 3666 594 3730; x_wconf 82' lang='lat' dir='ltr'>futuri</span> <span class='ocrx_word' id='word_1_177' title='bbox 617 3668 723 3732; x_wconf 65' lang='lat' dir='ltr'>emieu⁴</span> <span class='ocrx_word' id='word_1_178' title='bbox 737 3668 962 3734; x_wconf 83' lang='lat' dir='ltr'>immortalibus</span> <span class='ocrx_word' id='word_1_179' title='bbox 985 3670 1044 3734; x_wconf 82' lang='lat' dir='ltr'>fuit</span> <span class='ocrx_word' id='word_1_180' title='bbox 1065 3692 1165 3754; x_wconf 90' lang='lat' dir='ltr'>neque</span> <span class='ocrx_word' id='word_1_181' title='bbox 1185 3693 1236 3735; x_wconf 94' lang='lat' dir='ltr'>eos</span> <span class='ocrx_word' id='word_1_182' title='bbox 1256 3669 1398 3734; x_wconf 78' lang='lat' dir='ltr'>adversos</span> 
     </span>
     <span class='ocr_line' id='line_1_26' title="bbox 378 3784 535 3870; baseline 0 -22"><span class='ocrx_word' id='word_1_183' title='bbox 378 3784 496 3851; x_wconf 84' lang='lat' dir='ltr'>habuit.</span> <span class='ocrx_word' id='word_1_184' title='bbox 511 3787 535 3870; x_wconf 70' lang='grc'>4)</span> 
     </span>
    </p>
   </div>
   <div class='ocr_carea' id='block_1_4' title="bbox 423 3903 1397 3995">
    <p class='ocr_par' dir='ltr' id='par_1_6' title="bbox 423 3903 1397 3995">
     <span class='ocr_line' id='line_1_27' title="bbox 423 3903 1397 3995; baseline 0.005 -28"><span class='ocrx_word' id='word_1_185' title='bbox 423 3903 499 3967; x_wconf 79' lang='lat' dir='ltr'>Fato</span> <span class='ocrx_word' id='word_1_186' title='bbox 532 3915 636 3970; x_wconf 81' lang='lat' dir='ltr'>autem</span> <span class='ocrx_word' id='word_1_187' title='bbox 666 3908 814 3972; x_wconf 86' lang='lat' dir='ltr'>tribuitur</span> <span class='ocrx_word' id='word_1_188' title='bbox 842 3930 923 3971; x_wconf 88' lang='lat' dir='ltr'>mors</span> <span class='ocrx_word' id='word_1_189' title='bbox 954 3908 1160 3995; x_wconf 86' lang='lat' dir='ltr'>Neoptolemi.</span> <span class='ocrx_word' id='word_1_190' title='bbox 1209 3907 1271 3988; x_wconf 72' lang='lat' dir='ltr'>Qui</span> <span class='ocrx_word' id='word_1_191' title='bbox 1301 3931 1397 3993; x_wconf 89' lang='lat' dir='ltr'>quum</span> 
     </span>
    </p>
   </div>
   <div class='ocr_carea' id='block_1_5' title="bbox 380 4054 562 4066">
    <p class='ocr_par' dir='ltr' id='par_1_7' title="bbox 380 4054 562 4066">
     <span class='ocr_line' id='line_1_28' title="bbox 380 4054 562 4066; baseline 0.016 -3"><span class='ocrx_word' id='word_1_192' title='bbox 380 4054 562 4066; x_wconf 76' lang='lat'>-1—-——-—.-.</span> 
     </span>
    </p>
   </div>
   <div class='ocr_carea' id='block_1_6' title="bbox 412 4146 1170 4313">
    <p class='ocr_par' dir='ltr' id='par_1_8' title="bbox 412 4146 1170 4313">
     <span class='ocr_line' id='line_1_29' title="bbox 413 4146 1170 4215; baseline 0.012 -21"><span class='ocrx_word' id='word_1_193' title='bbox 413 4146 436 4208; x_wconf 92' lang='grc'>1)</span> <span class='ocrx_word' id='word_1_194' title='bbox 457 4147 494 4196; x_wconf 89' lang='lat' dir='ltr'>OI.</span> <span class='ocrx_word' id='word_1_195' title='bbox 516 4148 590 4196; x_wconf 88' lang='lat' dir='ltr'><em>VIII.</em></span> <span class='ocrx_word' id='word_1_196' title='bbox 608 4149 649 4196; x_wconf 78' lang='lat'>44.</span> <span class='ocrx_word' id='word_1_197' title='bbox 668 4148 738 4198; x_wconf 79' lang='lat' dir='ltr'>cont.</span> <span class='ocrx_word' id='word_1_198' title='bbox 754 4166 810 4215; x_wconf 67' lang='lat' dir='ltr'>pap.</span> <span class='ocrx_word' id='word_1_199' title='bbox 830 4152 869 4200; x_wconf 88' lang='grc'>18.</span> <span class='ocrx_word' id='word_1_200' title='bbox 937 4154 963 4212; x_wconf 81' lang='grc'>2)</span> <span class='ocrx_word' id='word_1_201' title='bbox 982 4156 1047 4203; x_wconf 85' lang='lat' dir='ltr'>Nem.</span> <span class='ocrx_word' id='word_1_202' title='bbox 1066 4154 1111 4203; x_wconf 81' lang='lat' dir='ltr'>IV.</span> <span class='ocrx_word' id='word_1_203' title='bbox 1129 4153 1170 4203; x_wconf 80' lang='lat'>99.</span> 
     </span>
     <span class='ocr_line' id='line_1_30' title="bbox 412 4241 976 4313; baseline 0.014 -24"><span class='ocrx_word' id='word_1_204' title='bbox 412 4241 437 4302; x_wconf 83' lang='grc'>3)</span> <span class='ocrx_word' id='word_1_205' title='bbox 456 4242 517 4292; x_wconf 71' lang='lat' dir='ltr'>Isth.</span> <span class='ocrx_word' id='word_1_206' title='bbox 540 4244 615 4292; x_wconf 83' lang='lat' dir='ltr'><em>VIII.</em></span> <span class='ocrx_word' id='word_1_207' title='bbox 634 4245 757 4295; x_wconf 75' lang='lat' dir='ltr'>stt-102.</span> <span class='ocrx_word' id='word_1_208' title='bbox 775 4247 846 4296; x_wconf 77' lang='lat' dir='ltr'>Cous.</span> <span class='ocrx_word' id='word_1_209' title='bbox 861 4264 916 4313; x_wconf 70' lang='lat' dir='ltr'>paq.</span> <span class='ocrx_word' id='word_1_210' title='bbox 936 4248 976 4301; x_wconf 78' lang='lat'>17.</span> 
     </span>
    </p>
   </div>
   <div class='ocr_carea' id='block_1_7' title="bbox 410 4338 1447 4411">
    <p class='ocr_par' dir='ltr' id='par_1_9' title="bbox 410 4338 1447 4411">
     <span class='ocr_line' id='line_1_31' title="bbox 410 4338 1447 4411; baseline 0.009 -26"><span class='ocrx_word' id='word_1_211' title='bbox 410 4338 435 4398; x_wconf 84' lang='lat'>4)</span> <span class='ocrx_word' id='word_1_212' title='bbox 453 4338 538 4387; x_wconf 80' lang='lat' dir='ltr'>Fatum</span> <span class='ocrx_word' id='word_1_213' title='bbox 556 4338 581 4386; x_wconf 90' lang='lat' dir='ltr'>in</span> <span class='ocrx_word' id='word_1_214' title='bbox 599 4339 778 4392; x_wconf 80' lang='lat' dir='ltr'>immortalibus</span> <span class='ocrx_word' id='word_1_215' title='bbox 794 4342 859 4407; x_wconf 78' lang='lat' dir='ltr'>apud</span> <span class='ocrx_word' id='word_1_216' title='bbox 876 4344 1022 4408; x_wconf 76' lang='lat' dir='ltr'>Aeschylum</span> <span class='ocrx_word' id='word_1_217' title='bbox 1039 4360 1135 4409; x_wconf 85' lang='lat' dir='ltr'>quoque</span> <span class='ocrx_word' id='word_1_218' title='bbox 1153 4345 1251 4395; x_wconf 84' lang='lat' dir='ltr'>Themis</span> <span class='ocrx_word' id='word_1_219' title='bbox 1267 4346 1395 4411; x_wconf 75' lang='lat' dir='ltr'>praedicit:</span> <span class='ocrx_word' id='word_1_220' title='bbox 1445 4368 1447 4373; x_wconf 51' lang='lat'><strong><em>⁴</em></strong></span> 
     </span>
    </p>
   </div>
   <div class='ocr_carea' id='block_1_8' title="bbox 256 4432 1399 4506">
    <p class='ocr_par' dir='ltr' id='par_1_10' title="bbox 256 4432 1399 4506">
     <span class='ocr_line' id='line_1_32' title="bbox 256 4432 1399 4506; baseline 0.01 -26"><span class='ocrx_word' id='word_1_221' title='bbox 256 4445 259 4450; x_wconf 68' lang='grc'><strong><em>’</em></strong></span> <span class='ocrx_word' id='word_1_222' title='bbox 377 4432 427 4483; x_wconf 80' lang='lat' dir='ltr'>rid.</span> <span class='ocrx_word' id='word_1_223' title='bbox 449 4434 526 4484; x_wconf 73' lang='lat' dir='ltr'>Prone.</span> <span class='ocrx_word' id='word_1_224' title='bbox 549 4434 612 4492; x_wconf 78' lang='lat'>210,</span> <span class='ocrx_word' id='word_1_225' title='bbox 637 4434 694 4487; x_wconf 78' lang='lat'>87³.</span> <span class='ocrx_word' id='word_1_226' title='bbox 728 4437 773 4486; x_wconf 87' lang='lat' dir='ltr'>Sed</span> <span class='ocrx_word' id='word_1_227' title='bbox 797 4438 831 4487; x_wconf 90' lang='lat' dir='ltr'>ihi</span> <span class='ocrx_word' id='word_1_228' title='bbox 849 4440 971 4505; x_wconf 80' lang='lat' dir='ltr'>pugusudi</span> <span class='ocrx_word' id='word_1_229' title='bbox 988 4440 1053 4490; x_wconf 76' lang='lat' dir='ltr'>vium</span> <span class='ocrx_word' id='word_1_230' title='bbox 1073 4441 1179 4491; x_wconf 75' lang='lat' dir='ltr'>ostendit</span> <span class='ocrx_word' id='word_1_231' title='bbox 1196 4457 1323 4506; x_wconf 86' lang='lat' dir='ltr'>rerumque</span> <span class='ocrx_word' id='word_1_232' title='bbox 1341 4458 1399 4492; x_wconf 86' lang='lat' dir='ltr'>eon·</span> 
     </span>
    </p>
   </div>
   <div class='ocr_carea' id='block_1_9' title="bbox 376 4528 657 4594">
    <p class='ocr_par' dir='ltr' id='par_1_11' title="bbox 376 4528 657 4594">
     <span class='ocr_line' id='line_1_33' title="bbox 376 4528 657 4594; baseline 0.014 -18"><span class='ocrx_word' id='word_1_233' title='bbox 376 4528 512 4578; x_wconf 80' lang='lat' dir='ltr'>versionem</span> <span class='ocrx_word' id='word_1_234' title='bbox 530 4530 657 4594; x_wconf 73' lang='lat' dir='ltr'>praedicit.</span> 
     </span>
    </p>
   </div>
   <div class='ocr_carea' id='block_1_10' title="bbox 0 0 1906 5534">
    <p class='ocr_par' dir='ltr' id='par_1_12' title="bbox 0 0 1906 5534">
     <span class='ocr_line' id='line_1_34' title="bbox 0 0 1906 5534; baseline 0 0"><span class='ocrx_word' id='word_1_235' title='bbox 0 0 1906 5534; x_wconf 95' lang='lat' dir='ltr'> </span> 
     </span>
    </p>
   </div>
  </div>
 </body>
</html>
