3767 5534
829 741 893 803 315

364 948 484 1010 futuros
507 945 638 1011 'Pheroni
663 952 881 1029 postmortem
906 943 1035 1006 honores
1059 940 1204 1004 heroicos.
1251 936 1365 1000 Verum

363 1066 398 1129 in
419 1064 585 1129 narrandis
615 1065 652 1127 iis
683 1063 772 1128 rebus
804 1062 927 1127 modum
961 1058 1172 1126 adhibendum
1194 1081 1258 1122 esse
1281 1056 1368 1120 intel·

364 1185 444 1270 ligit.
490 1184 557 1247 Tali
588 1183 677 1247 modo
709 1190 814 1267 postea
845 1181 952 1245 Plato:
987 1181 1035 1244 τὸν
1066 1178 1255 1258 transacturos
1281 1174 1366 1240 τόπον

364 1304 431 1368 οὔτε
459 1327 503 1374 τις
538 1300 646 1379 tumet
675 1326 720 1366 πω
750 1307 806 1365 τῶν
836 1301 904 1383 τῇδε
935 1301 1051 1374 ποιητὴς
1078 1298 1143 1363 οὔτε
1165 1296 1227 1361 rot'
1251 1296 1366 1372 ὑμνήσει

364 1424 432 1486 m'
460 1418 564 1497 aziam
596 1420 686 1498 „loca
717 1442 808 1505 supra
840 1418 958 1483 coelum
982 1417 1081 1502 posita
1104 1438 1159 1480 nec
1181 1414 1291 1479 cecinit
1314 1435 1368 1478 un·

364 1562 456 1624 quam
480 1540 643 1625 quisquam
665 1548 756 1624 poeta
779 1537 915 1602 mortalis
939 1558 995 1600 nac
1018 1543 1106 1599 canet
1128 1536 1172 1598 ita
1191 1541 1228 1598 ut
1243 1531 1367 1598 decet:”

364 1658 493 1723 Phaedr.
526 1662 586 1723 247
622 1657 657 1722 Ο.
704 1657 744 1721 Bt
776 1656 965 1742 philosophis
996 1678 1031 1719 ea
1062 1654 1210 1739 praemia,
1242 1661 1278 1717 ut
1305 1653 1368 1737 jam

365 1784 454 1841 antea
474 1777 554 1854 dixi,
578 1776 666 1840 Plato
689 1776 850 1861 proponit,
875 1797 951 1859 quae
976 1773 1126 1838 Pindarus
1145 1772 1255 1857 justis:
1280 1771 1368 1835 Plato

349 1904 466 1959 autem
500 1896 532 1959 in
566 1894 728 1958 Phaedone
769 1893 968 1979 philosophos
1005 1892 1222 1978 pulcherrimas
1262 1890 1366 1954 domos

366 2013 554 2078 habitaturos
577 2036 641 2077 esse
665 2013 755 2078 dicit:
788 2035 866 2097 quae
889 2022 991 2076 tamen
1016 2011 1120 2095 quales
1145 2010 1265 2075 futurae
1288 2010 1367 2086 sint,

364 2154 427 2196 non
450 2132 537 2195 facile
561 2131 647 2196 dictu
670 2132 728 2195 sit:
753 2139 784 2196 et
807 2132 931 2196 omnino
955 2154 1007 2205 ea,
1032 2153 1112 2216 quae
1134 2130 1171 2193 de
1194 2130 1284 2195 rebu's
1301 2137 1368 2214 post

364 2260 493 2315 mortem
524 2250 636 2314 futuris
668 2251 845 2335 proposuit,
877 2272 938 2314 non
963 2249 1083 2334 singula
1106 2248 1281 2314 affirmanda
1304 2270 1367 2311 esse

361 2368 519 2434 contendit
552 2369 701 2453 quadarn,
737 2392 815 2455 quae
850 2369 1004 2433 hominem
1038 2390 1100 2432 non
1135 2367 1257 2444 deceat,
1287 2377 1369 2431 certa

365 2488 494 2551 fiducia:
524 2498 554 2552 et
583 2498 687 2552 tamen
716 2496 870 2565 constare,
900 2489 1039 2552 animum
1061 2510 1127 2551 esse
1152 2486 1367 2564 immortalem,

317 2621 319 2624 ’
367 2616 399 2671 et
429 2630 513 2691 spem
543 2607 716 2671 certaminis
749 2607 894 2691 praeclari
926 2630 1066 2692 magnam
1098 2607 1123 2671 ei
1149 2629 1212 2671 esse
1238 2606 1370 2691 proposi-

367 2737 448 2790 tam:
488 2730 559 2790 114.
605 2726 751 2791 Similiter
784 2727 936 2791 Pindarus
972 2727 1080 2804 habet,
1116 2749 1194 2811 quae
1224 2726 1367 2793 affirmet:

367 2868 473 2909 verum
498 2845 617 2931 longius
641 2848 672 2910 in
696 2847 733 2909 iis
757 2847 847 2910 rebus
871 2845 1050 2931 procedere,
1076 2853 1107 2910 et
1128 2846 1160 2909 in
1184 2868 1219 2910 ea
1241 2845 1369 2911 canendi

366 2965 508 3042 materie,
540 2987 601 3049 qna
631 2966 718 3029 nulla
741 2965 788 3029 vel
812 2966 932 3050 gravior
956 2988 1019 3029 esse
1044 2968 1154 3050 possit,
1179 2966 1227 3030 vel
1249 2967 1371 3051 dignior

365 3084 489 3147 homine
513 3090 543 3147 et
566 3093 667 3148 tamen
692 3084 808 3148 homini
825 3083 993 3162 difficilior,
1018 3108 1080 3149 non
1095 3107 1213 3149 servare
1228 3085 1369 3149 modum:

365 3201 399 3265 id
423 3202 546 3286 quidem
570 3226 588 3266 a
611 3203 709 3287 poesis
733 3225 804 3266 suae
835 3204 1020 3288 praestantia
1042 3204 1176 3267 alienum
1200 3204 1369 3268 existimat:

367 3329 398 3384 et
427 3343 568 3405 magnam
597 3322 762 3406 sapientiae
793 3337 908 3407 partem
938 3323 970 3386 in
1002 3324 1201 3408 temperantia
1224 3330 1369 3387 constare.

366 3438 481 3516 Sentit,
514 3463 578 3504 esse
601 3463 651 3504 eas
674 3463 721 3504 res
745 3462 807 3504 non
831 3449 915 3518 tum,
948 3464 1042 3526 quum
1067 3442 1104 3506 ab
1128 3441 1195 3506 aliis
1218 3464 1267 3505 eas
1292 3463 1371 3505 acce·

368 3557 464 3641 peris,
489 3559 619 3644 percipi,
652 3560 704 3623 sed
728 3571 849 3644 pectore
873 3559 1088 3644 comprehendi
1113 3567 1143 3623 et
1165 3560 1314 3644 intelligi:
1340 3584 1371 3623 se

364 3675 427 3759 jam
450 3683 536 3740 tanta
559 3679 713 3761 aperuisse
737 3684 767 3741 et
788 3687 1041 3742 commonstrasse
1057 3678 1204 3755 dicendo,
1229 3691 1265 3742 ut
1280 3679 1382 3762 periti,

367 3794 558 3878 intelligant,
592 3797 712 3881 copiose
744 3797 832 3880 plura
854 3804 885 3859 et
907 3796 998 3861 celeri
1022 3798 1138 3883 impetu
1160 3819 1249 3882 posse
1272 3798 1371 3881 promi

369 3917 459 3994 atque
482 3912 617 3977 ostendi:
646 3936 723 3997 quae
747 3924 847 3978 tamen
873 3916 984 4000 vulgus
1007 3915 1164 3980 indoctum
1189 3915 1271 3979 haud
1295 3938 1372 3980 asse·

369 4037 495 4113 quatur:
521 4032 573 4095 sed
596 4053 659 4095 non
682 4055 746 4096 esse
771 4035 982 4099 aeternitatem
1005 4036 1085 4099 vitae
1109 4045 1139 4099 et
1162 4035 1371 4099 immortalita-

368 4148 407 4211 tis
431 4150 564 4233 praemia
587 4152 618 4213 in
635 4152 673 4216 iis
688 4151 778 4215 rebus
795 4154 949 4237 ponenda,
969 4172 1103 4236 'quarum
1119 4154 1254 4239 singulas
1271 4164 1371 4239 partes

369 4269 502 4331 enarrari
525 4270 610 4352 quasi
634 4292 651 4331 a
675 4271 819 4355 magistro
843 4281 995 4355 oporteat,
1022 4274 1075 4357 qui
1099 4274 1164 4358 ipse
1188 4296 1253 4337 eam
1274 4274 1372 4337 erudi·

370 4387 484 4450 tionem
508 4388 574 4451 aliis
590 4388 715 4465 debeat,
741 4390 979 4474 necquidquam
996 4415 1115 4469 eorum,
1142 4416 1218 4477 quae
1235 4416 1266 4457 se
1282 4417 1370 4457 nosse

370 4513 476 4591 putet,
502 4507 801 4593 praetermittendum
826 4510 856 4573 in
882 4510 1018 4576 docendo
1050 4513 1209 4579 existimet.
1256 4512 1370 4592 Sentit,
