3767 5534
1001 737 1064 795 356

531 936 621 999 ctiam
652 935 785 1021 appellat
814 934 909 998 Poeta
938 934 1062 1012 lovem,
1091 957 1123 1002 vs
1148 939 1208 1013 39,
1234 936 1420 1000 adorandum
1444 960 1536 1014 sane,

529 1053 739 1140 Olympiorum
763 1055 908 1119 ludorum'
931 1054 1099 1139 praesidem
1124 1064 1154 1119 et
1177 1078 1329 1120 summum
1352 1058 1441 1120 sortis
1459 1080 1537 1121 mor-

528 1173 637 1238 talium
659 1173 888 1237 moderatorem.
928 1172 1141 1257 Interponitur
1164 1181 1284 1251 autem,
1311 1198 1343 1237 vs
1368 1178 1426 1252 22,
1452 1175 1536 1239 invo-

528 1293 608 1355 catio
631 1291 783 1356 Palladis:
812 1315 890 1378 quae
913 1292 1037 1376 quidem
1060 1293 1143 1356 urbis
1168 1292 1344 1357 Camarinae
1368 1294 1432 1357 Dea
1455 1302 1535 1358 tute-

529 1411 601 1475 laris
623 1388 699 1489 fuit,
728 1422 763 1476 ut
787 1422 911 1497 apparet
935 1435 972 1476 cx
995 1412 1131 1497 epitheto
1157 1413 1314 1494 reticium:
1339 1422 1369 1478 et
1387 1429 1409 1477 'a
1432 1422 1534 1478 vetere

530 1530 692 1595 scholiasta
714 1531 795 1596 idem
818 1531 966 1595 traditore
993 1534 1023 1595 et
1047 1532 1139 1596 fuisse
1162 1531 1324 1611 Ἀθηνκῑον,
1350 1534 1414 1611 vel,
1445 1541 1481 1597 ut
1501 1534 1534 1597 in

530 1649 617 1715 Urat.
642 1652 669 1715 A
693 1650 850 1727 scribitur,
876 1652 1000 1725 Ἀθηνᾶς
1023 1652 1092 1731 ἱερὸν
1115 1650 1158 1715 ibi
1177 1652 1306 1715 maxime
1322 1652 1532 1737 conspicuum.

474 1801 475 1806 ¹
529 1768 567 1834 In
591 1769 774 1854 quibusdam
796 1765 947 1834 veteribus
972 1768 1149 1833 Comacinae
1172 1772 1272 1834 numis
1292 1779 1417 1856 apparet
1432 1772 1542 1856 imego.

529 1889 663 1953 Palladis
687 1890 795 1954 stantis
819 1897 849 1952 et
872 1890 960 1953 hasta
982 1890 1126 1967 nitentia,
1151 1898 1181 1953 ct
1204 1891 1236 1954 in
1259 1913 1361 1954 aversa
1385 1898 1472 1975 parte
1487 1898 1535 1954 est

529 2008 665 2073 Victoria
700 2031 791 2093 supra
825 2007 972 2093 Cycnum·
996 2030 1150 2093 suspensa.
1169 2009 1193 2092 1)
1238 2008 1377 2088 Quarum
1409 2008 1534 2093 quidem

518 2128 693 2211 *figurarum
724 2126 819 2190 altera
840 2120 922 2190 Deae
947 2126 1040 2209 illius
1054 2128 1180 2190 tutelam
1207 2127 1370 2211 significari
1394 2128 1535 2191 manifes-

529 2253 596 2308 tum
627 2268 691 2308 esse
722 2245 857 2309 videtur:
889 2244 984 2308 altera
1014 2267 1084 2308 vero
1117 2227 1242 2309 fortasse
1270 2245 1316 2309 vel
1345 2245 1383 2309 ad
1406 2246 1536 2310 Paludis

530 2363 593 2425 sive
623 2362 784 2447 Nymphae
812 2362 988 2427 Camariuac
1013 2364 1058 2427 vel
1083 2363 1121 2427 ad
1144 2363 1322 2449 Hipparidis
1345 2364 1449 2429 Fluvii
1472 2365 1535 2429 cul-

530 2490 594 2545 tum
620 2484 783 2565 pertinuit,
808 2482 854 2546 vel
878 2483 916 2546 ad
940 2505 1129 2547 communem
1155 2483 1281 2548 Paludis
1305 2483 1388 2547 illius
1412 2483 1536 2548 Fluvio

531 2622 660 2685 rumque
686 2600 765 2664 Oani
788 2608 819 2664 et
842 2600 1019 2686 Hipparidis
1044 2604 1199 2664 honorem.
1247 2601 1317 2665 Alia
1340 2602 1466 2686 quidem
1489 2624 1537 2665 ex-

530 2718 654 2803 plicatio
678 2727 724 2782 est
746 2720 826 2805 apud
846 2719 1044 2797 Eckhclium,
1063 2720 1167 2784 Doctr.
1184 2719 1356 2784 Numerum
1373 2720 1535 2799 Veterum,

528 2835 599 2899 Vol.
623 2836 691 2932 Ip.
717 2841 798 2901 200:
823 2846 853 2901 et
877 2860 954 2924 quae
978 2861 1033 2902 nos
1057 2839 1233 2916 scribimus,
1258 2838 1417 2903 scribimus
1442 2839 1480 2903 de
1501 2862 1536 2903 ea

528 2977 558 3018 re
581 2977 641 3018 non
666 2954 868 3034 affirmantes,
889 2956 942 3020 sed
967 2958 1171 3042 conjicientes.
1186 2959 1210 3040 ⁹)
1234 2956 1442 3021 Veruntamen
1459 2956 1536 3043 Hip

526 3074 639 3158 paridis
670 3074 772 3140 cultus
805 3076 895 3139 etiam
927 3097 962 3139 ex
993 3076 1095 3139 nornis
1128 3076 1310 3160 quibusdam
1335 3083 1477 3161 apparet,
1502 3078 1534 3140 in

526 3193 637 3275 quibus
660 3194 712 3257 ille
736 3193 863 3258 Fluvios
886 3194 950 3280 ipse
967 3195 1166 3281 proponitur:
1185 3195 1244 3259 vid.
1261 3195 1389 3259 llckhel.
1409 3219 1438 3281 p.
1458 3198 1534 3259 200.

526 3309 668 3376 Ceterum
692 3313 773 3397 apud
797 3313 943 3390 eundem,
974 3338 1004 3399 p.
1032 3317 1112 3391 199,
1142 3337 1254 3378 numus
1278 3323 1476 3393 memoratur,
1501 3316 1534 3379 in

526 3451 587 3513 quo
611 3431 775 3515 quadrigae
798 3440 1078 3517 repraesentantur,
1102 3432 1263 3497 advolante
1285 3434 1423 3498 victoria:
1442 3456 1535 3517 quem

526 3555 613 3633 putat
644 3549 768 3613 fortasse
782 3528 836 3613 'ad
867 3550 1062 3616 Psaumidem
1086 3552 1245 3637 pertinere.
1292 3552 1390 3632 Quod
1408 3552 1533 3637 quidem

525 3668 598 3731 mihi
623 3691 746 3754 prorsus
769 3670 918 3734 incertum
942 3694 1007 3735 esse
1030 3671 1167 3735 videtur:
1196 3670 1248 3735 sed
1274 3673 1299 3734 si
1322 3673 1451 3750 iteret,
1475 3672 1535 3736 for-

525 3851 710 3862 ——

552 3956 576 4017 1)
591 3956 684 4005 Bruuet
701 3956 730 4005 de
748 3956 843 4016 Prasia,
861 3973 915 4022 pag.
935 3956 992 4007 100.

548 4052 573 4114 2)
590 4053 670 4116 Ipsius
696 4052 806 4102 Eckhelii
832 4053 961 4117 explicatio
988 4068 1031 4100 nec
1057 4052 1182 4116 explorata
1207 4052 1267 4101 mihi
1295 4053 1405 4113 videtur,
1430 4069 1490 4114 nec,
1513 4055 1533 4103 ei

516 4148 643 4197 manifeste
665 4153 743 4207 esset,
766 4149 796 4199 ed
818 4148 916 4198 Pindari
934 4148 1120 4212 explicationem
1137 4149 1269 4213 pertinens.
1301 4148 1405 4209 Verum,
1423 4151 1532 4215 quende-

518 4242 613 4307 quidem
637 4243 767 4294 secundum
789 4244 946 4295 Aristotelem
963 4248 991 4296 et
1007 4249 1138 4309 θαυμαστὸν
1152 4245 1205 4304 ἡδύ,
1222 4260 1341 4310 apponam
1358 4245 1529 4297 oblectamenti

519 4351 588 4384 muse
604 4336 790 4399 explicationem
808 4338 982 4401 Herercempi,
1006 4337 1035 4386 ab
1054 4337 1168 4387 Eckhelio
1185 4345 1355 4391 memoratam:
1375 4340 1476 4390 victorie
1492 4341 1529 4390 in·

523 4430 596 4480 diceri
615 4431 778 4492 Pseumidem,
797 4432 881 4498 Cygno
899 4433 1044 4493 Pindarum,
1062 4433 1153 4482 dictum
1168 4434 1254 4500 quippe
1265 4436 1294 4485 ab
1306 4436 1408 4485 Horatio
1420 4437 1528 4502 Cygnum

525 4526 660 4578 Dircaeum.
