3767 5534
912 769 953 829 83

463 973 576 1038 rationem
599 956 893 1037 commonstrandam
920 969 1110 1055 profuerunt.
1158 966 1267 1052 Neque
1283 967 1434 1031 immerito

462 1088 582 1171 monas,
607 1095 710 1179 legens
735 1114 804 1155 oum
821 1090 924 1154 amicis
941 1112 1045 1153 eorum
1062 1089 1193 1174 scripta,
1210 1088 1281 1152 inde
1297 1089 1328 1151 in
1345 1111 1434 1151 usum

460 1214 638 1292 conontebat,
671 1214 696 1276 si
728 1210 803 1297 quid
834 1210 904 1274 boni
930 1208 1179 1293 deprehenderet.
1196 1211 1218 1293 ¹)
1254 1207 1348 1271 Velut
1372 1209 1436 1293 ipse

460 1326 579 1397 Homerus
607 1331 832 1417 quamplurima
855 1329 948 1393 habet
971 1338 1132 1414 praecepta
1156 1327 1192 1391 de
1216 1328 1306 1392 rebus
1330 1327 1436 1391 multis

459 1452 615 1537 magnisque.
662 1449 728 1514 Neo
756 1450 820 1514 fieri
844 1456 963 1535 potest,
988 1448 1063 1533 quin
1087 1448 1130 1523 is,
1155 1447 1208 1532 qui
1232 1454 1322 1532 poeta
1345 1448 1385 1510 sit
1408 1453 1438 1509 et

459 1572 540 1633 mentis
562 1570 677 1635 viribus
700 1570 864 1645 excitetur,
889 1568 960 1653 plus
984 1574 1087 1631 cernat
1110 1566 1187 1630 aliis.
1220 1566 1352 1630 Maxime
1368 1587 1438 1628 vero

459 1705 537 1754 eorum
558 1698 716 1777 poetarum
741 1688 871 1754 invaluit
894 1688 1078 1752 existimatio
1102 1687 1284 1773 sapientiae,
1306 1686 1360 1772 qui
1375 1685 1439 1749 bre·

459 1824 494 1867 les
517 1809 550 1874 de
574 1809 666 1874 rebus
690 1810 807 1894 magnis
832 1809 997 1872 sententias
1022 1807 1233 1892 protulerunt,
1259 1806 1297 1870 de
1321 1808 1381 1870 vita
1405 1828 1440 1869 ac

457 1920 483 1986 de
500 1930 573 1993 omni
596 1928 765 1992 officiorum
788 1950 912 2013 gemere,
938 1935 969 1991 et
983 1926 1125 1991 Gnomici
1141 1926 1214 1990 dicti
1232 1935 1313 1989 sunt.
1340 1926 1385 1988 Ac
1402 1924 1440 1988 de

457 2040 540 2112 lorum
562 2048 680 2113 ratione
703 2071 800 2138 pauca
816 2047 947 2111 scribere
963 2048 1061 2110 visum
1078 2055 1124 2110 est
1140 2069 1268 2131 eamque
1285 2068 1354 2109 cum
1371 2045 1440 2109 Pin-

454 2162 502 2229 dari
520 2169 666 2255 sapientia
690 2190 873 2253 comparare.

485 2284 535 2350 Sed
558 2288 668 2351 horum
691 2288 821 2372 quisque
846 2309 930 2350 suam
956 2286 1105 2350 rationem
1129 2285 1252 2349 habuit:
1271 2285 1396 2347 fuerunt
1412 2291 1442 2346 et

448 2402 489 2466 alii
509 2406 597 2483 olari,
622 2428 678 2470 nec
701 2416 803 2470 tamen
827 2406 969 2489 cuiquam
994 2427 1099 2468 eorum
1115 2404 1268 2489 Theognis
1284 2404 1442 2487 Megaren-

445 2524 479 2588 sis
500 2525 728 2612 postponendus
753 2534 808 2589 est.
855 2525 1067 2614 Quapropter,
1097 2504 1192 2609 quiam
1217 2524 1354 2609 singulos
1377 2547 1442 2609 per·

441 2648 521 2731 sequi
545 2669 690 2731 maguum
714 2647 755 2709 sit
774 2654 805 2709 et
821 2646 953 2710 abducat
969 2669 986 2709 a
1002 2645 1172 2730 proposito,
1190 2644 1273 2708 hunc
1289 2653 1445 2729 tamquam

439 2764 560 2851 aliquod
572 2766 729 2851 guomicae
743 2766 841 2851 poesis
854 2766 1026 2849 exemplum
1039 2787 1212 2841 sumamma,
1227 2787 1323 2849 eoque
1336 2766 1442 2849 magis,

436 2885 518 2969 quod
541 2887 694 2971 propriam
716 2885 808 2949 habet
823 2886 944 2949 laudem
962 2885 1129 2971 ejusmodi,
1148 2907 1209 2970 qua
1225 2907 1294 2948 cum
1311 2883 1443 2949 Pindaro

433 3005 565 3069 conferri
594 3013 754 3069 mereatur.
801 3007 850 3069 An
879 3028 950 3069 vero
974 3006 1102 3069 nimium
1127 3004 1222 3067 distat
1245 3026 1263 3066 a
1285 3004 1446 3068 Pindarica

432 3124 609 3189 laudatione
634 3125 812 3205 Musarum,
837 3148 932 3210 quum
958 3125 1043 3189 illam
1063 3146 1165 3189 vocem
1183 3123 1257 3188 dicit
1273 3146 1309 3187 ex
1325 3124 1446 3189 immor·

433 3243 549 3307 talibus
572 3244 733 3309 Musarum
759 3244 862 3309 oribus
886 3244 1051 3330 prodiisse:

478 3364 541 3429 ὅττι
571 3364 676 3441 καλὸν,
704 3365 791 3447 φίλον
814 3365 894 3429 ἐστι’·
919 3364 953 3429 τὸ
976 3365 999 3428 δ’
1019 3366 1050 3427 οὐ
1073 3362 1162 3429 καλὸν
1185 3365 1215 3428 οὐ
1239 3362 1324 3441 <ditor
1348 3362 1442 3427 ἐστίν·

433 3488 514 3570 qaod
531 3487 687 3567 pulcram,
711 3509 811 3550 aarum
833 3492 892 3568 eat,
917 3488 995 3571 quod
1014 3509 1071 3549 aaa
1088 3486 1243 3567 polorum,
1268 3506 1325 3547 noa
1347 3506 1447 3547 curram

431 3604 541 3669 noan?
561 3604 586 3688 2)
628 3606 693 3669 Aua
724 3612 838 3690 quauta
869 3605 1018 3691 dignitate
1055 3626 1188 3689 suaeque
1219 3603 1341 3667 virtutis
1380 3623 1449 3665 com-

434 3723 565 3787 scientia
595 3732 657 3802 est,
689 3747 786 3808 quum
815 3725 942 3809 gloriam
971 3746 1143 3808 nomenque
1168 3745 1257 3786 suum
1282 3721 1320 3785 ad
1344 3744 1448 3786 omncs

433 3844 565 3907 nunciat
593 3852 811 3929 perventurum
834 3868 916 3923 esse,
940 3845 1074 3908 licetne
1098 3843 1215 3908 civibus
1239 3841 1363 3927 quidem
1386 3863 1449 3904 om-

434 3964 529 4027 nibus
552 3965 649 4050 possit
671 3964 849 4050 placere?³)
896 3966 964 4030 Hoc
987 3988 1059 4030 sane
1083 3964 1224 4049 congruit
1247 3962 1308 4025 illis
1324 3960 1449 4025 Pindari

437 4080 595 4166 precibus,
626 4106 722 4168 quum
753 4084 830 4148 mihil
864 4086 983 4169 quaerit
1006 4084 1064 4147 nisi
1088 4091 1124 4147 ut
1146 4081 1253 4146 laudet
1278 4078 1450 4156 laudanda,

437 4202 651 4287 vituperetque
676 4204 842 4281 contraria,
867 4212 897 4268 et
920 4204 958 4268 ab
982 4203 1158 4268 adulatione
1178 4200 1337 4265 abstineat.
1354 4201 1378 4284 ⁴)
1401 4199 1450 4263 Ab

445 4387 628 4397 -—-—

476 4495 502 4556 l)
522 4496 581 4545 Xera.
600 4497 697 4546 Memor.
717 4498 742 4545 L.
763 4498 784 4547 Ῑ.
801 4514 821 4547 c.
842 4497 883 4547 VI.
902 4497 941 4545 la.
1041 4495 1064 4555 2)
1083 4492 1124 4547 la.
1139 4492 1196 4540 edit.
1215 4489 1319 4539 Bruuck.

475 4590 500 4651 3)
518 4593 558 4641 23.
657 4596 683 4655 4)
701 4596 765 4643 Nem.
787 4594 861 4642 VIII.
880 4593 919 4642 59.

1294 4682 1331 4737 gs
