3767 5534
863 796 865 800 ,
895 730 958 789 250

420 931 505 993 Jovis
540 939 661 992 vetusta
694 930 857 1014 recipiunt.
909 930 961 993 Me
996 952 1066 992 vero
1100 934 1216 992 rectum
1253 928 1437 1012 sagittarum

417 1050 580 1132 jacientem
603 1049 758 1113 turbinem
782 1073 842 1113 non
868 1049 955 1113 decet
978 1055 1097 1133 praeter
1120 1048 1312 1133 propositum
1335 1044 1439 1109 multa

423 1169 484 1233 tela
515 1168 645 1253 dirigere
677 1170 828 1234 manibus.
876 1168 976 1233 Musis
1009 1169 1089 1232 enim
1122 1167 1234 1232 divinis
1262 1173 1293 1231 et
1316 1163 1438 1250 Oligaa·

422 1287 518 1352 thidis
550 1288 620 1352 veni
651 1288 755 1352 volens
785 1287 908 1374 adjutor
939 1287 1051 1351 Isthmi
1082 1294 1113 1350 et
1135 1285 1279 1350 Nemeae.
1326 1284 1439 1349 Paucis

326 1412 387 1472 110
423 1408 523 1472 verbis
547 1408 639 1493 plana
662 1409 771 1473 faciam
788 1417 916 1487 cuncta,
943 1430 1107 1492 verumque
1124 1407 1201 1472 mihi
1217 1405 1441 1493 jusjurandum

424 1526 537 1590 aderit:
571 1550 641 1591 nam
673 1529 808 1614 sexagies
844 1552 880 1593 ex
912 1528 1061 1592 ambobus
1091 1527 1252 1591 dulcisona
1275 1547 1333 1588 vox
1356 1547 1442 1609 prae·

425 1647 509 1710 conis
541 1647 614 1711 boni
642 1647 761 1732 (audita
784 1650 851 1732 est).
899 1647 1045 1733 Olympia
1067 1646 1191 1711 illorum
1219 1667 1311 1731 opera
1338 1642 1442 1707 viden·

425 1774 478 1830 tur
506 1769 568 1852 jam
601 1768 687 1852 prius
718 1766 802 1831 dicta
833 1791 915 1831 esse:
948 1768 1052 1831 futura
1086 1773 1153 1830 tum
1185 1764 1289 1829 dixero
1320 1763 1441 1827 lucide:

427 1908 509 1949 nunc
540 1908 628 1969 spero
660 1886 801 1971 quidem:
834 1887 866 1949 in
897 1886 955 1950 deo
985 1908 1057 1949 saue
1086 1892 1131 1948 est
1163 1884 1273 1948 exitus.
1321 1880 1444 1962 Quodsi

426 2004 524 2068 fatum
558 2005 643 2089 genti
677 1976 833 2091 procedat¹
853 2005 1040 2091 propitium,
1075 2003 1145 2067 Jovi
1176 2001 1256 2066 iilud
1287 2009 1317 2065 et
1348 1999 1445 2064 Marti

330 2126 392 2186 150
430 2123 647 2208 perficiendum
674 2124 839 2188 trademus.
881 2122 970 2204 Quae
994 2145 1063 2187 vero
1088 2121 1126 2186 ad
1152 2122 1293 2186 verticem
1317 2121 1447 2184 Parnas-

429 2243 508 2306 sium
543 2243 703 2327 (fecerunt)
738 2252 768 2307 et
803 2245 895 2328 Argi,
932 2252 963 2307 et
993 2249 1069 2327 quot
1099 2241 1212 2305 Thebis
1243 2248 1275 2304 et
1305 2246 1382 2324 quot
1412 2238 1447 2302 in

431 2361 620 2441 Arcadibus,
652 2363 813 2427 dominans
845 2363 1010 2428 testabitur
1037 2361 1148 2447 Lycaei
1173 2383 1225 2424 ara
1248 2359 1391 2437 domina,
1415 2366 1449 2421 et

431 2480 574 2559 Pellana,
607 2492 638 2546 et
669 2482 797 2568 Sicyon,
823 2492 853 2547 et
876 2483 1019 2567 Megara,
1050 2480 1315 2563 Aeacidarumque
1338 2500 1449 2543 nemus

433 2622 594 2666 amoenum
618 2612 649 2666 et·
672 2602 754 2666 clara
778 2602 960 2679 Marathon,
986 2602 1137 2686 urbesque
1150 2600 1218 2664 'sub
1231 2600 1343 2663 'Aetna
1368 2597 1451 2661 celsa

335 2725 396 2784 160
432 2722 613 2806 opulentae,
638 2732 669 2786 et
692 2722 831 2787 Euboea:
857 2732 888 2787 et
908 2745 962 2807 per
977 2729 1120 2786 cunctam
1136 2720 1295 2783 Graeciam
1311 2718 1450 2782 invenies

374 2835 377 2840 ’
432 2844 547 2927 majora
570 2864 663 2926 quam
686 2865 764 2927 quae
788 2865 909 2907 cernere
934 2842 1041 2927 possis.
1089 2839 1205 2904 Verum
1231 2846 1267 2902 ut
1289 2837 1349 2902 levi
1372 2836 1452 2921 pede

435 2971 611 3042 enatemus,
634 2963 757 3049 Jupiter
773 2964 940 3048 perfector,
959 2961 1168 3048 pudoremque
1184 2960 1266 3023 dona
1281 2965 1312 3021 et
1327 2956 1451 3021 dulcem

434 3090 545 3147 sortem
569 3084 768 3149 suavitatum.

849 3361 1039 3371 m

793 3564 989 3629 OLYMPIA
1013 3562 1101 3627 XIV.

749 3823 903 3868 asorlcno
931 3821 1153 3879 011οΗ011οΝ10,

830 4048 925 4110 Puero
952 4041 1074 4108 cursori.

494 4291 706 4378 Cephisiarum
726 4302 885 4370 ‘aquarum
909 4304 988 4366 quae
1016 4279 1142 4343 sortitae
1166 4276 1239 4339 estis
1262 4282 1293 4337 et
1316 4271 1464 4335 habitatis

450 4413 552 4477 sedem
576 4411 663 4496 equis
679 4407 847 4494 egregiam,
868 4426 886 4466 o
903 4399 1090 4466 carminibus
1107 4392 1304 4461 celebrandae
1320 4390 1463 4469 Gratiae,

449 4534 570 4619 reginae
586 4528 774 4623 splendentis
790 4521 994 4599 Orchomeni,
1016 4540 1094 4603 quae
1110 4516 1247 4600 Minyas,
1271 4511 1358 4597 queis
1374 4518 1465 4575 vetus
