3767 5534
844 743 908 804 325

373 946 467 1010 terius
491 966 594 1009 verum
618 968 682 1009 esse
706 944 804 1008 oredo.
840 938 954 1008 Similis
978 944 1130 1007 sententia
1149 950 1195 1006 est
1214 941 1264 1005 Ol.
1287 941 1302 1005 I
1326 944 1376 1004 13.

374 1063 531 1140 Getemm,
555 1063 587 1128 id
611 1062 691 1147 qnod
715 1064 803 1146 qnasi
826 1063 858 1126 in
881 1063 1014 1127 transitu
1034 1083 1159 1138 moneo,
1176 1062 1277 1145 ipsum
1294 1082 1378 1123 voca-

374 1183 481 1248 bulum
503 1183 624 1263 θεθμορον
647 1182 798 1259 ostendit,
824 1204 915 1265 qnam
939 1182 979 1245 sit
1002 1180 1154 1267 partiendi
1176 1188 1206 1245 et
1221 1179 1375 1244 dividendi

373 1302 554 1388 significatio
585 1324 673 1386 saepe
704 1300 809 1365 eadem
839 1324 875 1364 ac
906 1300 1086 1386 simpliciter
1116 1299 1225 1364 dandi:
1256 1322 1291 1363 ex
1316 1320 1377 1383 quo

373 1421 455 1505 apud
479 1420 642 1484 Horatium
665 1418 701 1483 L.
722 1419 738 1482 I
758 1418 817 1483 Od.
839 1419 898 1483 XV
921 1423 960 1483 15
985 1419 1120 1483 carmina
1142 1418 1276 1483 dividere
1299 1417 1377 1481 nihil

374 1540 457 1604 aliud
481 1540 650 1624 significare
673 1539 764 1603 credo
787 1539 846 1603 nisi
870 1539 1005 1603 carmina
1027 1538 1099 1602 dare
1122 1537 1169 1601 vel
1192 1523 1346 1601 enhiberc.¹

420 1661 469 1722 19.
505 1654 609 1739 ᾦσννν.
646 1657 795 1722 Universe
819 1659 953 1742 positum
976 1666 1035 1758 est,
1056 1678 1112 1720 nec
1133 1655 1171 1720 ad
1191 1655 1375 1732 maronem,

372 1776 425 1841 sed
449 1776 486 1841 ad
509 1777 666 1857 ἀνθρώπους
690 1776 892 1841 referendum.

418 1898 469 1959 21.
503 1896 718 1968 Ἑλλανοδίκας.
753 1894 851 1959 Ilnere
873 1894 1092 1959 Hellcnodioae
1110 1893 1263 1978 praesides
1283 1903 1313 1957 et
1329 1895 1376 1978 jn·

373 2007 452 2079 dices
483 2016 698 2079 certaminum:
732 2037 843 2079 nomen
872 2036 976 2077 eornm
1001 2012 1072 2077 inde
1096 2013 1267 2090 derivatur,
1293 2012 1375 2095 quod

372 2155 474 2198 eorum
499 2134 698 2198 certaminum
722 2132 832 2196 Graeci
854 2139 977 2195 tantum
1000 2141 1088 2195 erant
1109 2130 1282 2215 participes.
1329 2129 1376 2192 De

372 2274 497 2317 numero
528 2274 632 2316 eorum
664 2251 746 2315 varia
772 2250 938 2314 traduntur
960 2271 1016 2313 neo
1039 2249 1120 2315 inter
1142 2271 1173 2313 se
1197 2248 1376 2313 convenien-

372 2374 416 2436 tia
425 2346 436 2434 :¹
463 2372 521 2435 hoc
545 2346 653 2435 ³tamen
685 2371 723 2436 ab
754 2370 895 2434 omnibus
919 2359 1070 2446 traditur,
1093 2369 1187 2434 fuisse
1209 2368 1297 2432 illum
1320 2390 1376 2431 nu·

373 2513 489 2557 merum
512 2512 574 2555 non
598 2512 716 2575 semper
738 2488 878 2553 eundem.

416 2612 467 2674 21.
502 2610 671 2691 βλεφάρων.
706 2608 846 2672 Pauwius
878 2606 1039 2691 conjungit
1061 2629 1131 2671 cnm
1154 2606 1291 2689 θτρέκνς,
1317 2607 1376 2691 sig-

370 2728 485 2793 nificari
509 2728 684 2793 existimans
704 2727 855 2812 jndicem,
881 2726 969 2811 cujus
989 2725 1073 2790 oculi
1092 2724 1170 2789 nihil
1189 2726 1249 2789 nisi
1270 2748 1374 2790 verum

370 2825 503 2911 videant,
541 2845 612 2911 Non
636 2854 726 2910 recte.
762 2844 960 2929 lungendum
984 2852 1031 2908 est
1053 2867 1124 2908 eum
1147 2843 1259 2923 ὑψόθεν.
1295 2841 1373 2908 Cum

372 2966 506 3050 genitivo
542 2966 599 3029 hoo
636 2966 727 3029 etiam
759 2964 901 3049 ponitur,
933 2963 1037 3028 loonm
1068 2963 1259 3048 significans,
1291 2962 1371 3048 apud

372 3079 474 3170 Apoll
496 3084 553 3148 Rh.
575 3083 609 3146 II
634 3086 697 3146 806
721 3083 918 3163 'Axspooodoc
942 3083 1044 3163 ὑψόθεν
1067 3079 1286 3163 deprecationes
1305 3081 1374 3161 ἱερὸν

371 3204 459 3299 ονῖσθ,
483 3210 514 3266 et
537 3201 619 3287 apnd
643 3205 771 3265 Aratum
796 3204 837 3263 26
862 3200 963 3280 ὑψόθεν
987 3204 1125 3267 ὠνενονοῖο.
1157 3200 1271 3265 Similis
1291 3200 1373 3286 apud

371 3327 591 3387 Anacreontem
614 3321 764 3385 sententia
786 3330 848 3397 est,
875 3322 933 3398 62,

619 3491 622 3499 ,
680 3441 727 3504 ἐπὶ
751 3441 775 3505 θ’
795 3443 913 3521 ὀφρύσιν
935 3442 1052 3505 σελίνων

680 3562 889 3642 στεφανίσκους
912 3559 1029 3638 θέμενον.

415 3684 466 3744 22.
492 3681 630 3746 Αἰτωλός.
654 3680 820 3744 Pausanias
837 3678 872 3743 L.
891 3679 919 3741 V
935 3678 970 3743 C.
988 3678 1004 3741 Ι
1022 3683 1040 3740 2
1064 3678 1177 3757 „Eleos
1197 3679 1335 3743 novimus
1355 3702 1372 3742 e

370 3799 538 3884 Calydonia
555 3799 719 3884 etreliqua
736 3800 857 3863 Aetolia
871 3799 1058 3863 transiisse.”
1083 3797 1230 3882 Oxylnm,
1248 3798 1371 3861 natione

372 3918 527 3995 Aetolum,
545 3918 632 3995 dicit,
650 3941 744 4002 quum
756 3918 934 3982 Heraclidas
947 3919 1025 3982 viam
1042 3917 1204 3994 docuisset,
1221 3918 1370 4002 accepisse

368 4037 503 4115 Elidem,
527 4038 632 4121 ibique
655 4037 826 4101 consedisse
850 4046 972 4102 etcum
999 4038 1147 4101 veteribus
1171 4036 1262 4121 Epeis
1279 4038 1371 4100 Aeto·

367 4158 413 4221 los
432 4156 639 4241 conjunxisse,
659 4156 821 4241 ipsumque
840 4155 931 4219 ludos
951 4156 1069 4220 lecisset
1094 4154 1128 4219 G.
1149 4154 1201 4218 III
1218 4157 1251 4232 5,
1269 4153 1316 4217 IV
1336 4158 1367 4231 l,

367 4274 448 4338 VIII
472 4278 501 4338 2.
542 4277 643 4357 Atque
668 4273 759 4358 Oxyli
781 4274 845 4338 filio
869 4297 965 4358 usqne
989 4274 1027 4341 ad
1051 4274 1218 4338 Padsaniae
1239 4281 1369 4337 aetatem

365 4418 500 4459 mansere
534 4417 617 4459 sacra
651 4394 828 4480 Olympiae:
864 4395 898 4459 C.
933 4394 981 4457 IV
1013 4398 1042 4459 2.
1090 4394 1192 4458 Etiam
1225 4394 1366 4479 Iphitus,

366 4522 473 4599 postea
494 4509 637 4578 ludorum
660 4515 861 4592 instaurator,
885 4537 921 4578 ex
941 4513 1034 4599 Oxyli
1053 4536 1161 4598 genere
1180 4513 1248 4578 fnit.
1284 4512 1368 4576 Haeo
