<?xml version="1.0" encoding="UTF-8"?>
<!DOCTYPE html PUBLIC "-//W3C//DTD XHTML 1.0 Transitional//EN"
    "http://www.w3.org/TR/xhtml1/DTD/xhtml1-transitional.dtd">
<html xmlns="http://www.w3.org/1999/xhtml" xml:lang="en" lang="en">
 <head>
  <title>
</title>
<meta http-equiv="Content-Type" content="text/html;charset=utf-8" />
  <meta name='ocr-system' content='tesseract 3.04.00' />
  <meta name='ocr-capabilities' content='ocr_page ocr_carea ocr_par ocr_line ocrx_word'/>
</head>
<body>
  <div class='ocr_page' id='page_1' title='image "./pindaricarminao00pindgoog_0484.png"; bbox 0 0 3767 5534; ppageno 0'>
   <div class='ocr_carea' id='block_1_1' title="bbox 848 747 964 808">
    <p class='ocr_par' dir='ltr' id='par_1_1' title="bbox 848 747 964 808">
     <span class='ocr_line' id='line_1_1' title="bbox 848 747 964 808; baseline -0.017 0"><span class='ocrx_word' id='word_1_1' title='bbox 848 770 851 775; x_wconf 75' lang='grc'><strong>’</strong></span> <span class='ocrx_word' id='word_1_2' title='bbox 899 747 964 808; x_wconf 85' lang='grc'>403</span> 
     </span>
    </p>
   </div>
   <div class='ocr_carea' id='block_1_2' title="bbox 381 945 1446 3618">
    <p class='ocr_par' dir='ltr' id='par_1_2' title="bbox 431 945 1192 1384">
     <span class='ocr_line' id='line_1_2' title="bbox 721 945 1087 1017; baseline 0 -8"><span class='ocrx_word' id='word_1_3' title='bbox 721 948 805 1017; x_wconf 78' lang='grc' dir='ltr'><em>πόσις</em></span> <span class='ocrx_word' id='word_1_4' title='bbox 828 946 842 1010; x_wconf 79' lang='grc' dir='ltr'><em>ὃ</em></span> <span class='ocrx_word' id='word_1_5' title='bbox 865 945 982 1011; x_wconf 69' lang='grc' dir='ltr'><strong><em>πάντων</em></strong></span> <span class='ocrx_word' id='word_1_6' title='bbox 1005 946 1087 1017; x_wconf 64' lang='lat' dir='ltr'>‘Piae</span> 
     </span>
     <span class='ocr_line' id='line_1_3' title="bbox 723 1064 1151 1145; baseline 0.005 -17"><span class='ocrx_word' id='word_1_7' title='bbox 723 1064 882 1143; x_wconf 71' lang='grc' dir='ltr'><strong><em>ὑπέρτατον</em></strong></span> <span class='ocrx_word' id='word_1_8' title='bbox 908 1066 1029 1145; x_wconf 67' lang='grc' dir='ltr'><em>ἐχοίσας</em></span> <span class='ocrx_word' id='word_1_9' title='bbox 1053 1065 1151 1145; x_wconf 72' lang='grc' dir='ltr'><strong><em>θρόνον.</em></strong></span> 
     </span>
     <span class='ocr_line' id='line_1_4' title="bbox 431 1182 644 1267; baseline 0 -21"><span class='ocrx_word' id='word_1_10' title='bbox 431 1183 486 1267; x_wconf 86' lang='lat' dir='ltr'>Py.</span> <span class='ocrx_word' id='word_1_11' title='bbox 510 1182 558 1247; x_wconf 84' lang='lat' dir='ltr'>IV</span> <span class='ocrx_word' id='word_1_12' title='bbox 584 1185 644 1247; x_wconf 78' lang='lat'>155</span> 
     </span>
     <span class='ocr_line' id='line_1_5' title="bbox 655 1301 1192 1384; baseline 0.004 -19"><span class='ocrx_word' id='word_1_13' title='bbox 655 1302 874 1383; x_wconf 70' lang='grc' dir='ltr'>χαλκάρματος</span> <span class='ocrx_word' id='word_1_14' title='bbox 897 1303 981 1374; x_wconf 76' lang='grc' dir='ltr'><strong><em>πόσις</em></strong></span> <span class='ocrx_word' id='word_1_15' title='bbox 1004 1301 1192 1384; x_wconf 69' lang='grc' dir='ltr'>Ἀφροδίτας.</span> 
     </span>
    </p>

    <p class='ocr_par' dir='ltr' id='par_1_3' title="bbox 432 1418 1444 1740">
     <span class='ocr_line' id='line_1_6' title="bbox 481 1418 1444 1499; baseline -0.004 -16"><span class='ocrx_word' id='word_1_16' title='bbox 481 1421 554 1485; x_wconf 88' lang='grc'><strong>178.</strong></span> <span class='ocrx_word' id='word_1_17' title='bbox 589 1420 838 1499; x_wconf 68' lang='grc' dir='ltr'>χρυσαλακάτοιο.</span> <span class='ocrx_word' id='word_1_18' title='bbox 877 1419 966 1499; x_wconf 76' lang='lat' dir='ltr'>Quae</span> <span class='ocrx_word' id='word_1_19' title='bbox 1005 1441 1096 1484; x_wconf 83' lang='lat' dir='ltr'>aureo</span> <span class='ocrx_word' id='word_1_20' title='bbox 1135 1418 1201 1482; x_wconf 92' lang='lat' dir='ltr'>colo</span> <span class='ocrx_word' id='word_1_21' title='bbox 1240 1423 1362 1482; x_wconf 73' lang='lat' dir='ltr'>utaturz</span> <span class='ocrx_word' id='word_1_22' title='bbox 1398 1423 1444 1479; x_wconf 86' lang='lat' dir='ltr'>est</span> 
     </span>
     <span class='ocr_line' id='line_1_7' title="bbox 432 1534 1442 1621; baseline -0.004 -21"><span class='ocrx_word' id='word_1_23' title='bbox 432 1536 647 1601; x_wconf 86' lang='lat' dir='ltr'>tantummodo</span> <span class='ocrx_word' id='word_1_24' title='bbox 678 1536 826 1601; x_wconf 81' lang='lat' dir='ltr'>muliebre</span> <span class='ocrx_word' id='word_1_25' title='bbox 856 1538 957 1621; x_wconf 81' lang='lat' dir='ltr'>regiae</span> <span class='ocrx_word' id='word_1_26' title='bbox 989 1537 1036 1600; x_wconf 86' lang='lat' dir='ltr'>vel</span> <span class='ocrx_word' id='word_1_27' title='bbox 1065 1536 1115 1599; x_wconf 92' lang='lat' dir='ltr'>hic</span> <span class='ocrx_word' id='word_1_28' title='bbox 1139 1536 1260 1599; x_wconf 87' lang='lat' dir='ltr'>divinae</span> <span class='ocrx_word' id='word_1_29' title='bbox 1284 1534 1442 1619; x_wconf 81' lang='lat' dir='ltr'><strong>dignitatis</strong></span> 
     </span>
     <span class='ocr_line' id='line_1_8' title="bbox 435 1654 605 1740; baseline -0.006 -21"><span class='ocrx_word' id='word_1_30' title='bbox 435 1654 605 1740; x_wconf 87' lang='lat' dir='ltr'>epitheton.</span> 
     </span>
    </p>

    <p class='ocr_par' dir='ltr' id='par_1_4' title="bbox 431 1770 1442 2093">
     <span class='ocr_line' id='line_1_9' title="bbox 479 1770 1442 1858; baseline -0.003 -22"><span class='ocrx_word' id='word_1_31' title='bbox 479 1774 553 1838; x_wconf 88' lang='grc'><strong>179.</strong></span> <span class='ocrx_word' id='word_1_32' title='bbox 590 1773 682 1844; x_wconf 77' lang='grc' dir='ltr'><em>πόσις.</em></span> <span class='ocrx_word' id='word_1_33' title='bbox 720 1772 769 1835; x_wconf 89' lang='lat' dir='ltr'>Ad</span> <span class='ocrx_word' id='word_1_34' title='bbox 785 1771 958 1858; x_wconf 82' lang='lat' dir='ltr'>exemplum</span> <span class='ocrx_word' id='word_1_35' title='bbox 975 1772 1100 1835; x_wconf 89' lang='lat' dir='ltr'>ultimae</span> <span class='ocrx_word' id='word_1_36' title='bbox 1117 1771 1250 1855; x_wconf 79' lang='lat' dir='ltr'>syllabae</span> <span class='ocrx_word' id='word_1_37' title='bbox 1263 1770 1442 1855; x_wconf 86' lang='lat' dir='ltr'>productae,</span> 
     </span>
     <span class='ocr_line' id='line_1_10' title="bbox 431 1890 1442 1977; baseline -0.003 -22"><span class='ocrx_word' id='word_1_38' title='bbox 431 1890 516 1977; x_wconf 89' lang='lat' dir='ltr'>quod</span> <span class='ocrx_word' id='word_1_39' title='bbox 540 1914 577 1955; x_wconf 80' lang='lat' dir='ltr'>ex</span> <span class='ocrx_word' id='word_1_40' title='bbox 594 1891 745 1975; x_wconf 82' lang='lat' dir='ltr'>Aeschylo</span> <span class='ocrx_word' id='word_1_41' title='bbox 761 1892 792 1955; x_wconf 91' lang='lat' dir='ltr'>in</span> <span class='ocrx_word' id='word_1_42' title='bbox 810 1891 891 1955; x_wconf 91' lang='lat' dir='ltr'>notis</span> <span class='ocrx_word' id='word_1_43' title='bbox 908 1892 1021 1954; x_wconf 83' lang='lat' dir='ltr'>onitiois</span> <span class='ocrx_word' id='word_1_44' title='bbox 1038 1890 1145 1967; x_wconf 88' lang='lat' dir='ltr'>attuli,</span> <span class='ocrx_word' id='word_1_45' title='bbox 1163 1890 1336 1953; x_wconf 76' lang='lat' dir='ltr'>conferatur</span> <span class='ocrx_word' id='word_1_46' title='bbox 1352 1890 1442 1953; x_wconf 90' lang='lat' dir='ltr'>etiam</span> 
     </span>
     <span class='ocr_line' id='line_1_11' title="bbox 436 2008 793 2093; baseline 0 -21"><span class='ocrx_word' id='word_1_47' title='bbox 436 2008 563 2073; x_wconf 88' lang='lat' dir='ltr'>Hesiod.</span> <span class='ocrx_word' id='word_1_48' title='bbox 586 2008 702 2093; x_wconf 73' lang='lat' dir='ltr'>Theog.</span> <span class='ocrx_word' id='word_1_49' title='bbox 728 2011 793 2073; x_wconf 76' lang='lat'>334</span> 
     </span>
    </p>

    <p class='ocr_par' dir='ltr' id='par_1_5' title="bbox 544 2124 1330 2209">
     <span class='ocr_line' id='line_1_12' title="bbox 544 2124 1330 2209; baseline -0.003 -18"><span class='ocrx_word' id='word_1_50' title='bbox 544 2126 663 2203; x_wconf 61' lang='lat' dir='ltr'>palcano</span> <span class='ocrx_word' id='word_1_51' title='bbox 689 2126 775 2192; x_wconf 74' lang='grc' dir='ltr'><strong><em>δεινὸν</em></strong></span> <span class='ocrx_word' id='word_1_52' title='bbox 798 2125 879 2209; x_wconf 73' lang='grc' dir='ltr'><strong><em>ὄφιν,</em></strong></span> <span class='ocrx_word' id='word_1_53' title='bbox 903 2124 933 2197; x_wconf 78' lang='grc' dir='ltr'>ὃς</span> <span class='ocrx_word' id='word_1_54' title='bbox 957 2129 1076 2207; x_wconf 74' lang='grc' dir='ltr'><em>ἐρεμνῆς</em></span> <span class='ocrx_word' id='word_1_55' title='bbox 1099 2128 1208 2191; x_wconf 76' lang='grc' dir='ltr'><em>κεύθεσι</em></span> <span class='ocrx_word' id='word_1_56' title='bbox 1233 2127 1330 2203; x_wconf 70' lang='grc' dir='ltr'>γαίης.</span> 
     </span>
    </p>

    <p class='ocr_par' dir='ltr' id='par_1_6' title="bbox 381 2242 1445 2913">
     <span class='ocr_line' id='line_1_13' title="bbox 480 2242 1443 2328; baseline -0.002 -21"><span class='ocrx_word' id='word_1_57' title='bbox 480 2246 553 2308; x_wconf 86' lang='grc'><strong>180.</strong></span> <span class='ocrx_word' id='word_1_58' title='bbox 588 2245 664 2321; x_wconf 77' lang='grc' dir='ltr'>ἐμῶν</span> <span class='ocrx_word' id='word_1_59' title='bbox 689 2246 714 2308; x_wconf 75' lang='grc' dir='ltr'>δ’</span> <span class='ocrx_word' id='word_1_60' title='bbox 735 2242 839 2322; x_wconf 80' lang='grc' dir='ltr'><strong><em>ὕμνων.</em></strong></span> <span class='ocrx_word' id='word_1_61' title='bbox 875 2244 989 2308; x_wconf 87' lang='lat' dir='ltr'><strong>Mirum</strong></span> <span class='ocrx_word' id='word_1_62' title='bbox 1025 2243 1251 2328; x_wconf 88' lang='lat' dir='ltr'>quodammodo</span> <span class='ocrx_word' id='word_1_63' title='bbox 1287 2242 1443 2319; x_wconf 83' lang='lat' dir='ltr'>videatur,</span> 
     </span>
     <span class='ocr_line' id='line_1_14' title="bbox 381 2358 1443 2445; baseline -0.002 -22"><span class='ocrx_word' id='word_1_64' title='bbox 381 2371 384 2375; x_wconf 89' lang='grc'><strong><em>’</em></strong></span> <span class='ocrx_word' id='word_1_65' title='bbox 434 2360 602 2424; x_wconf 79' lang='lat' dir='ltr'><strong>carminum</strong></span> <span class='ocrx_word' id='word_1_66' title='bbox 638 2361 759 2425; x_wconf 88' lang='lat' dir='ltr'>laudem</span> <span class='ocrx_word' id='word_1_67' title='bbox 795 2360 999 2425; x_wconf 87' lang='lat' dir='ltr'>commendari</span> <span class='ocrx_word' id='word_1_68' title='bbox 1033 2360 1200 2445; x_wconf 84' lang='lat' dir='ltr'>Neptuno,</span> <span class='ocrx_word' id='word_1_69' title='bbox 1235 2383 1325 2444; x_wconf 89' lang='lat' dir='ltr'>quem</span> <span class='ocrx_word' id='word_1_70' title='bbox 1361 2358 1443 2422; x_wconf 89' lang='lat' dir='ltr'>hand</span> 
     </span>
     <span class='ocr_line' id='line_1_15' title="bbox 433 2477 1444 2562; baseline -0.002 -22"><span class='ocrx_word' id='word_1_71' title='bbox 433 2478 507 2540; x_wconf 88' lang='lat' dir='ltr'>satis</span> <span class='ocrx_word' id='word_1_72' title='bbox 538 2485 658 2541; x_wconf 85' lang='lat' dir='ltr'>constat</span> <span class='ocrx_word' id='word_1_73' title='bbox 689 2478 824 2562; x_wconf 83' lang='lat' dir='ltr'>poeticae</span> <span class='ocrx_word' id='word_1_74' title='bbox 855 2478 913 2542; x_wconf 86' lang='lat' dir='ltr'>arti</span> <span class='ocrx_word' id='word_1_75' title='bbox 945 2478 1083 2543; x_wconf 84' lang='lat' dir='ltr'>deditum</span> <span class='ocrx_word' id='word_1_76' title='bbox 1113 2479 1224 2543; x_wconf 85' lang='lat' dir='ltr'>fuisse:</span> <span class='ocrx_word' id='word_1_77' title='bbox 1250 2499 1355 2542; x_wconf 87' lang='lat' dir='ltr'>verum</span> <span class='ocrx_word' id='word_1_78' title='bbox 1378 2477 1444 2561; x_wconf 91' lang='lat' dir='ltr'>pias</span> 
     </span>
     <span class='ocr_line' id='line_1_16' title="bbox 434 2594 1445 2680; baseline 0.001 -23"><span class='ocrx_word' id='word_1_79' title='bbox 434 2595 478 2679; x_wconf 95' lang='lat' dir='ltr'>pii</span> <span class='ocrx_word' id='word_1_80' title='bbox 509 2594 636 2658; x_wconf 85' lang='lat' dir='ltr'>Pindari</span> <span class='ocrx_word' id='word_1_81' title='bbox 667 2617 770 2679; x_wconf 80' lang='lat' dir='ltr'>preces</span> <span class='ocrx_word' id='word_1_82' title='bbox 802 2596 870 2680; x_wconf 84' lang='lat' dir='ltr'>quis</span> <span class='ocrx_word' id='word_1_83' title='bbox 901 2596 1036 2660; x_wconf 81' lang='lat' dir='ltr'>Deorum</span> <span class='ocrx_word' id='word_1_84' title='bbox 1066 2618 1128 2660; x_wconf 92' lang='lat' dir='ltr'>non</span> <span class='ocrx_word' id='word_1_85' title='bbox 1159 2594 1369 2660; x_wconf 79' lang='lat' dir='ltr'>exaudiverit?</span> <span class='ocrx_word' id='word_1_86' title='bbox 1404 2594 1445 2658; x_wconf 84' lang='lat' dir='ltr'>Ilt</span> 
     </span>
     <span class='ocr_line' id='line_1_17' title="bbox 432 2709 1445 2797; baseline -0.001 -23"><span class='ocrx_word' id='word_1_87' title='bbox 432 2718 515 2774; x_wconf 88' lang='lat' dir='ltr'>certe</span> <span class='ocrx_word' id='word_1_88' title='bbox 538 2720 728 2775; x_wconf 81' lang='lat' dir='ltr'>transmare</span> <span class='ocrx_word' id='word_1_89' title='bbox 751 2713 876 2777; x_wconf 80' lang='lat' dir='ltr'>ferendo</span> <span class='ocrx_word' id='word_1_90' title='bbox 900 2719 930 2776; x_wconf 89' lang='lat' dir='ltr'>et</span> <span class='ocrx_word' id='word_1_91' title='bbox 953 2714 1066 2797; x_wconf 84' lang='lat' dir='ltr'>Agesia</span> <span class='ocrx_word' id='word_1_92' title='bbox 1081 2712 1212 2777; x_wconf 85' lang='lat' dir='ltr'>tutando</span> <span class='ocrx_word' id='word_1_93' title='bbox 1228 2720 1346 2795; x_wconf 87' lang='lat' dir='ltr'>poterat</span> <span class='ocrx_word' id='word_1_94' title='bbox 1363 2709 1445 2795; x_wconf 89' lang='lat' dir='ltr'>Nep·</span> 
     </span>
     <span class='ocr_line' id='line_1_18' title="bbox 433 2828 1170 2913; baseline 0.007 -23"><span class='ocrx_word' id='word_1_95' title='bbox 433 2834 530 2891; x_wconf 91' lang='lat' dir='ltr'>tunus</span> <span class='ocrx_word' id='word_1_96' title='bbox 553 2850 664 2911; x_wconf 86' lang='lat' dir='ltr'>augere</span> <span class='ocrx_word' id='word_1_97' title='bbox 687 2828 813 2893; x_wconf 75' lang='lat' dir='ltr'>Pindari</span> <span class='ocrx_word' id='word_1_98' title='bbox 837 2830 1007 2901; x_wconf 84' lang='lat' dir='ltr'>carminum</span> <span class='ocrx_word' id='word_1_99' title='bbox 1031 2830 1170 2913; x_wconf 83' lang='lat' dir='ltr'>gloriam.</span> 
     </span>
    </p>

    <p class='ocr_par' dir='ltr' id='par_1_7' title="bbox 432 2944 1446 3618">
     <span class='ocr_line' id='line_1_19' title="bbox 477 2944 1446 3032; baseline -0.001 -23"><span class='ocrx_word' id='word_1_100' title='bbox 477 2944 620 3009; x_wconf 80' lang='lat' dir='ltr'>Ceterum</span> <span class='ocrx_word' id='word_1_101' title='bbox 646 2946 774 3029; x_wconf 80' lang='lat' dir='ltr'>Agasias</span> <span class='ocrx_word' id='word_1_102' title='bbox 797 2947 1010 3032; x_wconf 81' lang='lat' dir='ltr'>Stymphalius</span> <span class='ocrx_word' id='word_1_103' title='bbox 1034 2948 1172 3011; x_wconf 89' lang='lat' dir='ltr'>centurio</span> <span class='ocrx_word' id='word_1_104' title='bbox 1196 2968 1285 3031; x_wconf 85' lang='lat' dir='ltr'>saepe</span> <span class='ocrx_word' id='word_1_105' title='bbox 1300 2967 1446 3009; x_wconf 84' lang='lat' dir='ltr'>memora·</span> 
     </span>
     <span class='ocr_line' id='line_1_20' title="bbox 432 3062 1442 3149; baseline 0.002 -24"><span class='ocrx_word' id='word_1_106' title='bbox 432 3069 485 3126; x_wconf 88' lang='lat' dir='ltr'>tur</span> <span class='ocrx_word' id='word_1_107' title='bbox 516 3084 534 3125; x_wconf 88' lang='lat' dir='ltr'>a</span> <span class='ocrx_word' id='word_1_108' title='bbox 555 3062 780 3149; x_wconf 87' lang='lat' dir='ltr'>Xenophonte,</span> <span class='ocrx_word' id='word_1_109' title='bbox 806 3065 905 3130; x_wconf 89' lang='lat' dir='ltr'>Anab.</span> <span class='ocrx_word' id='word_1_110' title='bbox 929 3066 965 3130; x_wconf 88' lang='lat' dir='ltr'>L.</span> <span class='ocrx_word' id='word_1_111' title='bbox 990 3065 1037 3129; x_wconf 88' lang='lat' dir='ltr'>IV</span> <span class='ocrx_word' id='word_1_112' title='bbox 1061 3064 1095 3129; x_wconf 86' lang='lat' dir='ltr'>C.</span> <span class='ocrx_word' id='word_1_113' title='bbox 1120 3066 1137 3129; x_wconf 93' lang='lat' dir='ltr'><strong>I</strong></span> <span class='ocrx_word' id='word_1_114' title='bbox 1161 3069 1221 3141; x_wconf 76' lang='lat'>27,</span> <span class='ocrx_word' id='word_1_115' title='bbox 1246 3063 1359 3129; x_wconf 82' lang='lat' dir='ltr'><strong>CVII</strong></span> <span class='ocrx_word' id='word_1_116' title='bbox 1386 3066 1442 3141; x_wconf 92' lang='lat' dir='ltr'>ll,</span> 
     </span>
     <span class='ocr_line' id='line_1_21' title="bbox 432 3178 1443 3266; baseline 0.001 -23"><span class='ocrx_word' id='word_1_117' title='bbox 432 3178 470 3243; x_wconf 91' lang='lat' dir='ltr'>L.</span> <span class='ocrx_word' id='word_1_118' title='bbox 502 3178 550 3242; x_wconf 82' lang='lat' dir='ltr'>VI</span> <span class='ocrx_word' id='word_1_119' title='bbox 580 3179 615 3244; x_wconf 84' lang='lat' dir='ltr'>O.</span> <span class='ocrx_word' id='word_1_120' title='bbox 648 3179 695 3243; x_wconf 82' lang='lat' dir='ltr'>IV</span> <span class='ocrx_word' id='word_1_121' title='bbox 728 3184 786 3245; x_wconf 89' lang='lat' dir='ltr'>ll:</span> <span class='ocrx_word' id='word_1_122' title='bbox 811 3190 842 3245; x_wconf 90' lang='lat' dir='ltr'>et</span> <span class='ocrx_word' id='word_1_123' title='bbox 865 3183 992 3266; x_wconf 83' lang='lat' dir='ltr'>Agesias</span> <span class='ocrx_word' id='word_1_124' title='bbox 1015 3183 1110 3247; x_wconf 82' lang='lat' dir='ltr'>Eleus</span> <span class='ocrx_word' id='word_1_125' title='bbox 1133 3189 1234 3258; x_wconf 88' lang='lat' dir='ltr'>vates,</span> <span class='ocrx_word' id='word_1_126' title='bbox 1259 3180 1295 3244; x_wconf 90' lang='lat' dir='ltr'>L.</span> <span class='ocrx_word' id='word_1_127' title='bbox 1322 3179 1385 3243; x_wconf 87' lang='lat' dir='ltr'>VII</span> <span class='ocrx_word' id='word_1_128' title='bbox 1408 3178 1443 3244; x_wconf 85' lang='grc' dir='ltr'>Ο.</span> 
     </span>
     <span class='ocr_line' id='line_1_22' title="bbox 432 3295 1445 3384; baseline 0.002 -26"><span class='ocrx_word' id='word_1_129' title='bbox 432 3295 515 3361; x_wconf 84' lang='lat' dir='ltr'><strong>VIII</strong></span> <span class='ocrx_word' id='word_1_130' title='bbox 549 3299 600 3361; x_wconf 88' lang='lat'>10.</span> <span class='ocrx_word' id='word_1_131' title='bbox 648 3299 766 3362; x_wconf 79' lang='lat' dir='ltr'>Aeneas</span> <span class='ocrx_word' id='word_1_132' title='bbox 795 3299 1004 3384; x_wconf 80' lang='lat' dir='ltr'>Stymphaliae</span> <span class='ocrx_word' id='word_1_133' title='bbox 1028 3300 1166 3364; x_wconf 88' lang='lat' dir='ltr'>centurio</span> <span class='ocrx_word' id='word_1_134' title='bbox 1189 3299 1225 3363; x_wconf 87' lang='lat' dir='ltr'>L.</span> <span class='ocrx_word' id='word_1_135' title='bbox 1250 3297 1296 3362; x_wconf 80' lang='lat' dir='ltr'>IV</span> <span class='ocrx_word' id='word_1_136' title='bbox 1320 3296 1355 3361; x_wconf 84' lang='lat' dir='ltr'>O.</span> <span class='ocrx_word' id='word_1_137' title='bbox 1379 3295 1445 3360; x_wconf 81' lang='lat' dir='ltr'>VII</span> 
     </span>
     <span class='ocr_line' id='line_1_23' title="bbox 435 3413 1446 3501; baseline 0 -24"><span class='ocrx_word' id='word_1_138' title='bbox 435 3416 487 3479; x_wconf 82' lang='lat'>13.</span> <span class='ocrx_word' id='word_1_139' title='bbox 523 3413 639 3479; x_wconf 84' lang='lat' dir='ltr'>Verum</span> <span class='ocrx_word' id='word_1_140' title='bbox 670 3438 722 3479; x_wconf 91' lang='lat' dir='ltr'>eos</span> <span class='ocrx_word' id='word_1_141' title='bbox 754 3418 891 3500; x_wconf 78' lang='lat' dir='ltr'>attigisse</span> <span class='ocrx_word' id='word_1_142' title='bbox 921 3440 1018 3501; x_wconf 80' lang='lat' dir='ltr'>genus</span> <span class='ocrx_word' id='word_1_143' title='bbox 1051 3418 1180 3501; x_wconf 81' lang='lat' dir='ltr'>Agesiae</span> <span class='ocrx_word' id='word_1_144' title='bbox 1203 3418 1286 3501; x_wconf 85' lang='lat' dir='ltr'>ejus,</span> <span class='ocrx_word' id='word_1_145' title='bbox 1311 3416 1364 3499; x_wconf 89' lang='lat' dir='ltr'>qui</span> <span class='ocrx_word' id='word_1_146' title='bbox 1387 3414 1446 3477; x_wconf 86' lang='lat' dir='ltr'>hoc</span> 
     </span>
     <span class='ocr_line' id='line_1_24' title="bbox 432 3509 1273 3618; baseline 0.002 -24"><span class='ocrx_word' id='word_1_147' title='bbox 432 3532 566 3595; x_wconf 87' lang='lat' dir='ltr'>carmine</span> <span class='ocrx_word' id='word_1_148' title='bbox 589 3509 726 3611; x_wconf 84' lang='lat' dir='ltr'>canitur,</span> <span class='ocrx_word' id='word_1_149' title='bbox 751 3540 782 3597; x_wconf 87' lang='lat' dir='ltr'>et</span> <span class='ocrx_word' id='word_1_150' title='bbox 805 3534 946 3618; x_wconf 84' lang='lat' dir='ltr'>choragi,</span> <span class='ocrx_word' id='word_1_151' title='bbox 971 3535 1053 3598; x_wconf 89' lang='lat' dir='ltr'>haud</span> <span class='ocrx_word' id='word_1_152' title='bbox 1078 3534 1273 3598; x_wconf 81' lang='lat' dir='ltr'>affirmavero.</span> 
     </span>
    </p>
   </div>
   <div class='ocr_carea' id='block_1_3' title="bbox 847 3777 1036 3787">
    <p class='ocr_par' dir='ltr' id='par_1_8' title="bbox 847 3777 1036 3787">
     <span class='ocr_line' id='line_1_25' title="bbox 847 3777 1036 3787; baseline 0 0"><span class='ocrx_word' id='word_1_153' title='bbox 847 3777 1036 3787; x_wconf 74' lang='lat'>——-——--</span> 
     </span>
    </p>
   </div>
   <div class='ocr_carea' id='block_1_4' title="bbox 792 3930 1089 3998">
    <p class='ocr_par' dir='ltr' id='par_1_9' title="bbox 792 3930 1089 3998">
     <span class='ocr_line' id='line_1_26' title="bbox 792 3930 1089 3998; baseline -0.013 0"><span class='ocrx_word' id='word_1_154' title='bbox 792 3933 987 3998; x_wconf 90' lang='lat' dir='ltr'>OLYMPIA</span> <span class='ocrx_word' id='word_1_155' title='bbox 1015 3930 1089 3995; x_wconf 86' lang='lat' dir='ltr'>VII.</span> 
     </span>
    </p>
   </div>
   <div class='ocr_carea' id='block_1_5' title="bbox 433 4120 1444 4328">
    <p class='ocr_par' dir='ltr' id='par_1_10' title="bbox 433 4120 1444 4328">
     <span class='ocr_line' id='line_1_27' title="bbox 484 4120 1444 4211; baseline -0.01 -20"><span class='ocrx_word' id='word_1_156' title='bbox 484 4128 648 4211; x_wconf 85' lang='lat' dir='ltr'>Diagoras,</span> <span class='ocrx_word' id='word_1_157' title='bbox 673 4126 853 4209; x_wconf 85' lang='lat' dir='ltr'>Demageti,</span> <span class='ocrx_word' id='word_1_158' title='bbox 877 4131 913 4188; x_wconf 90' lang='lat' dir='ltr'>ut</span> <span class='ocrx_word' id='word_1_159' title='bbox 936 4122 1071 4186; x_wconf 87' lang='lat' dir='ltr'>ostendit</span> <span class='ocrx_word' id='word_1_160' title='bbox 1094 4122 1189 4186; x_wconf 89' lang='lat' dir='ltr'>Poeta</span> <span class='ocrx_word' id='word_1_161' title='bbox 1211 4144 1245 4185; x_wconf 87' lang='lat' dir='ltr'>vs</span> <span class='ocrx_word' id='word_1_162' title='bbox 1269 4122 1329 4198; x_wconf 73' lang='lat'>32,</span> <span class='ocrx_word' id='word_1_163' title='bbox 1346 4120 1444 4196; x_wconf 90' lang='lat' dir='ltr'>filius,</span> 
     </span>
     <span class='ocr_line' id='line_1_28' title="bbox 433 4238 1444 4328; baseline -0.01 -17"><span class='ocrx_word' id='word_1_164' title='bbox 433 4268 471 4311; x_wconf 82' lang='lat' dir='ltr'>cx</span> <span class='ocrx_word' id='word_1_165' title='bbox 500 4246 690 4310; x_wconf 86' lang='lat' dir='ltr'>nobilissima</span> <span class='ocrx_word' id='word_1_166' title='bbox 720 4252 810 4328; x_wconf 85' lang='lat' dir='ltr'>gente</span> <span class='ocrx_word' id='word_1_167' title='bbox 841 4242 1033 4306; x_wconf 83' lang='lat' dir='ltr'>Rhodiorum</span> <span class='ocrx_word' id='word_1_168' title='bbox 1062 4240 1178 4326; x_wconf 82' lang='lat' dir='ltr'>Ialysia</span> <span class='ocrx_word' id='word_1_169' title='bbox 1205 4238 1352 4303; x_wconf 82' lang='lat' dir='ltr'>oriundus</span> <span class='ocrx_word' id='word_1_170' title='bbox 1376 4239 1444 4303; x_wconf 89' lang='lat' dir='ltr'>fuit.</span> 
     </span>
    </p>
   </div>
   <div class='ocr_carea' id='block_1_6' title="bbox 433 4354 1445 4429">
    <p class='ocr_par' dir='ltr' id='par_1_11' title="bbox 433 4354 1445 4429">
     <span class='ocr_line' id='line_1_29' title="bbox 433 4354 1445 4429; baseline -0.01 -1"><span class='ocrx_word' id='word_1_171' title='bbox 433 4363 540 4429; x_wconf 81' lang='lat' dir='ltr'>&#39;Iradit</span> <span class='ocrx_word' id='word_1_172' title='bbox 569 4362 735 4426; x_wconf 87' lang='lat' dir='ltr'>Pausanias</span> <span class='ocrx_word' id='word_1_173' title='bbox 766 4361 802 4425; x_wconf 88' lang='lat' dir='ltr'>L.</span> <span class='ocrx_word' id='word_1_174' title='bbox 826 4359 873 4425; x_wconf 86' lang='lat' dir='ltr'>IV</span> <span class='ocrx_word' id='word_1_175' title='bbox 897 4360 932 4425; x_wconf 83' lang='grc' dir='ltr'>Ο.</span> <span class='ocrx_word' id='word_1_176' title='bbox 958 4358 1067 4423; x_wconf 84' lang='lat' dir='ltr'><strong>XXIV</strong></span> <span class='ocrx_word' id='word_1_177' title='bbox 1093 4362 1109 4422; x_wconf 96' lang='lat' dir='ltr'>l</span> <span class='ocrx_word' id='word_1_178' title='bbox 1135 4367 1165 4421; x_wconf 91' lang='lat' dir='ltr'>et</span> <span class='ocrx_word' id='word_1_179' title='bbox 1188 4357 1224 4421; x_wconf 92' lang='lat' dir='ltr'>L.</span> <span class='ocrx_word' id='word_1_180' title='bbox 1250 4356 1297 4420; x_wconf 83' lang='lat' dir='ltr'>VI</span> <span class='ocrx_word' id='word_1_181' title='bbox 1319 4355 1355 4420; x_wconf 82' lang='grc' dir='ltr'>Ο.</span> <span class='ocrx_word' id='word_1_182' title='bbox 1379 4354 1445 4419; x_wconf 81' lang='lat' dir='ltr'>VII</span> 
     </span>
    </p>
   </div>
   <div class='ocr_carea' id='block_1_7' title="bbox 424 4474 1446 4655">
    <p class='ocr_par' dir='ltr' id='par_1_12' title="bbox 424 4474 1446 4655">
     <span class='ocr_line' id='line_1_30' title="bbox 438 4474 1446 4565; baseline -0.009 -19"><span class='ocrx_word' id='word_1_183' title='bbox 438 4485 472 4561; x_wconf 90' lang='lat'>1,</span> <span class='ocrx_word' id='word_1_184' title='bbox 509 4482 711 4565; x_wconf 83' lang='lat' dir='ltr'>Demagetum</span> <span class='ocrx_word' id='word_1_185' title='bbox 740 4502 842 4565; x_wconf 85' lang='lat' dir='ltr'>regom</span> <span class='ocrx_word' id='word_1_186' title='bbox 872 4478 1026 4563; x_wconf 81' lang='lat' dir='ltr'>Ialysium</span> <span class='ocrx_word' id='word_1_187' title='bbox 1056 4498 1101 4542; x_wconf 86' lang='lat' dir='ltr'>ex.</span> <span class='ocrx_word' id='word_1_188' title='bbox 1122 4476 1276 4561; x_wconf 81' lang='lat' dir='ltr'>Apollinis</span> <span class='ocrx_word' id='word_1_189' title='bbox 1303 4474 1446 4559; x_wconf 86' lang='lat' dir='ltr'>Delphici</span> 
     </span>
     <span class='ocr_line' id='line_1_31' title="bbox 424 4598 1325 4655; baseline -0.008 7"><span class='ocrx_word' id='word_1_190' title='bbox 424 4607 426 4610; x_wconf 67' lang='grc'><strong>’</strong></span> <span class='ocrx_word' id='word_1_191' title='bbox 1245 4601 1249 4607; x_wconf 78' lang='grc'><em>“</em></span> <span class='ocrx_word' id='word_1_192' title='bbox 1270 4598 1325 4655; x_wconf 76' lang='lat'>26*</span> 
     </span>
    </p>
   </div>
   <div class='ocr_carea' id='block_1_8' title="bbox 0 0 1888 5534">
    <p class='ocr_par' dir='ltr' id='par_1_13' title="bbox 0 0 1888 5534">
     <span class='ocr_line' id='line_1_32' title="bbox 0 0 1888 5534; baseline 0 0"><span class='ocrx_word' id='word_1_193' title='bbox 0 0 1888 5534; x_wconf 95' lang='lat' dir='ltr'> </span> 
     </span>
    </p>
   </div>
  </div>
 </body>
</html>
