3767 5534
923 751 963 810 50

433 949 538 1013 hastae
558 947 706 1012 Memnon
722 946 864 1011 admovet
879 948 998 1011 hastam
1014 947 1189 1014 robustam:
1206 949 1352 1014 Messenii
1367 950 1451 1013 senis

432 1088 582 1131 concussa
605 1088 690 1131 mens
715 1067 835 1130 vocavit
858 1089 948 1131 suum
972 1066 1088 1145 filium,
1113 1090 1213 1151 neque
1236 1067 1323 1133 humi
1344 1090 1451 1132 vocem

433 1187 559 1273 abjecit:
582 1186 704 1251 divinus
725 1188 771 1250 vir
792 1187 866 1251 emit
882 1193 979 1251 morte
995 1187 1089 1251 vitam
1106 1188 1220 1273 patris,
1238 1188 1384 1272 visusque
1402 1198 1451 1252 est

431 1307 624 1370 vetustorum
656 1305 813 1369 hominum
842 1305 1104 1383 adolescentibus,
1139 1306 1288 1370 immenso
1312 1306 1449 1391 perfecto

432 1446 541 1509 opere,
564 1446 703 1488 summus
724 1446 788 1488 csse
809 1446 879 1509 erga
895 1432 1035 1509 parentes
1052 1425 1174 1509 pictate.
1211 1423 1271 1487 Illa
1286 1425 1450 1509 praeteria·

431 1551 513 1607 runt.
550 1542 665 1608 llorum
688 1565 774 1621 vcro,
798 1543 850 1626 qui
870 1565 955 1608 nunc
975 1550 1064 1619 sunt,
1087 1542 1298 1628 Thrasybulus
1314 1542 1448 1607 maxime

432 1660 469 1726 ad
495 1670 652 1748 paternam
675 1683 814 1726 normam
838 1662 938 1738 venit,
964 1668 1138 1747 patruoque
1160 1661 1285 1727 veniens
1308 1660 1448 1726 ostendit

430 1778 588 1843 laetitiam.
622 1778 746 1843 Gaudet
762 1778 937 1843 adulescens
954 1780 1156 1857 continentia,
1171 1780 1449 1865 justitiasapien-

434 1898 494 1974 tia,
527 1897 638 1961 studiis
671 1897 880 1981 equestribus,
914 1896 1076 1981 dulcisque
1109 1898 1136 1961 ei
1160 1918 1247 1961 mens
1271 1903 1335 1977 est,
1360 1897 1448 1961 etin

433 2016 586 2081 sodalium
609 2017 747 2080 convivio
771 2023 896 2101 superat
918 2017 1024 2101 apium
1047 2014 1274 2081 dulcedinem?
1291 2015 1316 2101 ¹)

477 2134 527 2199 Sic
552 2135 677 2219 quidem
700 2136 816 2221 optima
840 2135 990 2200 amicitiae
1013 2134 1144 2221 gaudia,
1169 2134 1267 2200 officia
1285 2134 1319 2198 in
1338 2153 1450 2219 cogna-

431 2262 497 2332 tos,
528 2254 673 2337 pictatem
697 2276 768 2337 erga
791 2260 948 2338 parentes.
973 2253 1130 2317 caritatem
1153 2252 1269 2337 patriae
1292 2250 1446 2329 civitatis,

434 2372 680 2457 conjunctionem
701 2372 796 2436 totius
817 2372 980 2451 Graeciae,
1001 2373 1151 2457 majorum
1171 2371 1347 2436 memoriam
1367 2391 1449 2434 com-

431 2490 589 2556 mendavit
618 2490 788 2570 Pindarus,
820 2491 905 2556 haud
932 2491 1152 2576 praetermissis
1175 2488 1302 2574 reliquis
1326 2488 1447 2553 virtuti·

431 2609 507 2687 bus,
532 2608 701 2694 laudesque
724 2610 876 2674 victorum
899 2611 962 2675 sive
986 2609 1024 2674 ad
1048 2609 1224 2695 progeniem
1247 2606 1446 2694 proferendo,

431 2730 494 2792 sive
514 2728 552 2792 ad
572 2729 712 2813 gentium
732 2736 886 2806 auctores,
903 2730 1085 2814 sangninem
1101 2728 1238 2791 Deorum
1254 2734 1346 2811 atque
1362 2727 1446 2812 ipsos

431 2846 512 2909 Deos
531 2846 706 2924 referendo,
726 2848 829 2912 nescio
849 2869 910 2931 quo
931 2846 1039 2924 modo,
1061 2846 1244 2931 sempiterna
1266 2845 1446 2930 impertiens

430 2967 602 3050 praeconia,
620 2966 730 3030 amoris
747 2974 777 3029 et
793 2966 927 3029 caritatis
946 2964 1099 3050 quandam
1115 2964 1339 3029 commendavit
1351 2970 1447 3028 aeter·

431 3084 569 3148 nitatem.
616 3082 683 3148 Nec
712 3106 784 3159 uero
815 3084 906 3148 etiam
933 3090 1071 3146 mortuos
1100 3082 1202 3160 siluit,
1226 3105 1283 3146 nec
1302 3081 1445 3145 'rivorum

431 3202 546 3287 gloriae
570 3203 784 3267 communione
808 3201 930 3266 orbatos
956 3224 1020 3265 esse
1044 3201 1125 3265 sivit.
1174 3200 1366 3285 Asopichum
1390 3198 1449 3263 Or·

431 3320 626 3386 chomenium
649 3320 817 3385 celebrans:
845 3320 986 3405 „nigram
1005 3319 1125 3399 nunc,''
1145 3319 1201 3397 ait,
1222 3318 1445 3403 „Proserpinae

431 3439 558 3505 domum
584 3441 646 3517 ito,
670 3439 772 3517 Echo,
798 3440 878 3524 patri
900 3439 1069 3523 gloriosum
1092 3438 1191 3502 ferens
1214 3437 1382 3514 nuncium,
1409 3444 1445 3500 ut

430 3560 527 3637 dicas,
544 3559 652 3622 'filium
675 3558 740 3643 ejus
760 3556 849 3621 Pisae
868 3556 1072 3641 gloriosorum
1088 3555 1143 3618 alis
1159 3555 1365 3639 praemiorum
1380 3553 1443 3618 cin-

430 3680 510 3742 xisse
533 3676 682 3742 comam.''
694 3677 720 3761 ς)
758 3675 796 3740 In
820 3676 970 3754 carmine,
993 3697 1054 3759 quo
1076 3673 1319 3738 Alcimedontem
1339 3671 1445 3737 lauda·

431 3798 491 3861 vit:
522 3795 631 3876 „Patri
661 3795 714 3859 ille
744 3795 840 3880 patris
871 3794 1006 3858 animum
1034 3791 1213 3876 inspiravit,
1242 3790 1362 3854 senium
1389 3789 1445 3874 qui

431 3915 528 4000 pellit.
575 3912 673 3977 Hadis
706 3911 912 3990 obliviscitur,
942 3917 1047 3996 optata
1074 3910 1129 3993 qui
1150 3916 1259 3973 nactus
1283 3914 1337 3973 est.
1384 3905 1445 3971 Sed

429 4056 479 4097 mc
502 4031 589 4097 decet
611 4031 797 4095 mentionem
821 4030 952 4094 excitare
977 4029 1180 4111 victoriasque
1204 4025 1304 4090 dicere
1326 4023 1446 4109 Blepsi·

430 4150 574 4228 adarum,
606 4158 691 4214 sorta
717 4171 794 4234 quos
819 4152 882 4236 jam
910 4171 1022 4214 corona
1045 4145 1223 4212 circumdat.
1272 4143 1329 4208 Est
1351 4143 1445 4208 etiam

429 4270 533 4354 aliqua
555 4269 686 4333 mortuis
710 4291 797 4354 pars,
822 4268 949 4353 exlege
972 4268 1069 4343 facta,
1094 4287 1195 4350 neque
1218 4262 1322 4327 obruit
1340 4261 1443 4347 pulvis

463 4543 486 4607 l)
503 4543 544 4610 Py.
566 4543 609 4594 Π.
708 4541 734 4604 2)
754 4542 791 4592 01.
808 4541 877 4592 XIV.
894 4541 934 4591 28.
