3767 5534
976 716 1040 778 302

500 918 589 982 locus
612 941 678 982 eam
701 919 1000 1005 interpunctionem,
1025 939 1116 1003 quam
1137 918 1240 1002 posui,
1263 918 1417 1001 requirere
1439 917 1521 981 vide·

500 1045 568 1115 tur,
601 1046 632 1100 et
661 1037 716 1100 illa
747 1037 843 1102 altera
873 1037 1035 1122 explicatio
1069 1036 1175 1100 durior
1198 1058 1272 1100 esse.
1322 1036 1520 1121 Adjeetivnm

498 1156 734 1238 παλιντράπελος
769 1159 883 1236 forma,
920 1179 982 1220 non
1014 1156 1238 1240 significatione
1271 1155 1423 1219 diversum
1454 1178 1519 1218 esse

499 1275 589 1339 credo
608 1276 646 1339 ab
666 1276 816 1361 adjectivo
836 1276 1043 1356 παλίντροπος.
1069 1275 1164 1338 Velut
1180 1276 1212 1339 in
1230 1274 1390 1359 Sophoclis
1408 1274 1518 1358 fragm.

502 1399 542 1459 ld
566 1394 639 1460 edit.
665 1395 760 1459 Dind.

662 1512 732 1579 drea
754 1514 784 1579 δὲ
807 1514 918 1592 δαίμων
940 1512 1038 1595 ἀνδρὸς
1062 1516 1206 1594 εὐτυχοῦς
1230 1513 1263 1577 τὸ
1285 1512 1349 1592 πρὶν

662 1632 834 1711 πλάστιγγ’
856 1634 949 1714 ἐρείσῃ
969 1640 1020 1698 τοῦ
1043 1633 1109 1711 βίον
1133 1632 1337 1711 παλίντροπον.

499 1750 562 1814 Ubi
596 1751 766 1828 πλάστιγγ’
800 1752 997 1816 emendatum
1032 1760 1095 1830 est,
1128 1765 1225 1836 quum
1248 1757 1339 1813 antea
1363 1748 1519 1832 legeretur

499 1867 635 1947 μάστιγ’.
683 1869 777 1950 Quod
800 1870 924 1955 quidem
949 1872 1107 1956 exquirere
1131 1890 1214 1934 nunc
1238 1886 1299 1932 non
1325 1869 1445 1932 attinet.

546 1991 596 2054 ⁷0.
629 1989 662 2066 ἐξ
683 1987 717 2055 οὗ
739 2013 801 2071 περ.
833 1988 906 2053 Non
929 1990 969 2053 ad
992 1989 1207 2076 praecedentia
1230 1989 1304 2052 haec
1327 1985 1420 2051 retest
1437 1986 1514 2050 Kar·

498 2108 631 2185 sterius,
664 2131 767 2172 verum
796 2110 829 2171 in
852 2109 967 2193 protasi
992 2109 1092 2193 posita
1115 2128 1180 2171 esse
1204 2106 1375 2184 existimat,
1401 2104 1515 2189 apodo·

498 2226 547 2289 sin
579 2248 648 2290 vero
676 2228 796 2291 institui
826 2250 914 2291 versu
940 2231 997 2293 73:
1023 2228 1073 2291 cui
1095 2225 1294 2311 explicationi
1318 2222 1428 2308 probat
1451 2244 1515 2287 non

498 2346 618 2410 obstare
650 2348 899 2431 conjunctionem
930 2348 959 2410 δὲ
990 2355 1060 2432 post
1089 2347 1182 2410 idaiae
1211 2345 1352 2430 positam.
1399 2342 1516 2406 'lamen

498 2488 569 2530 cum
600 2466 809 2550 superioribus
843 2466 916 2529 haec
940 2466 1100 2529 cohaerere
1125 2464 1233 2542 credo,
1258 2472 1289 2527 et
1311 2471 1433 2547 tempus
1458 2462 1518 2546 sig·

500 2584 634 2661 nificari,
659 2607 697 2649 ex
720 2607 782 2668 quo
806 2594 895 2662 πῆμα
919 2586 1156 2665 natrurpdnenov
1180 2582 1349 2647 adductum
1370 2582 1425 2646 sit:
1448 2580 1519 2644 sula

496 2703 601 2789 junxit
631 2702 784 2768 Pindarus
816 2705 990 2767 universam
1022 2703 1060 2766 de
1091 2724 1193 2766 rerum
1222 2700 1429 2765 inconstantia
1452 2721 1519 2762 sen·

498 2822 626 2886 tentiam
656 2821 827 2885 laudationi
862 2821 1018 2885 felicitatis
1042 2823 1124 2906 ejus,
1150 2842 1229 2906 quae
1252 2817 1360 2883 Cadmi
1383 2818 1516 2881 filiarum

498 2938 614 3003 fuerat:
647 2948 715 3004 tum
742 2940 827 3003 illam
850 2940 1090 3004 inconstantiam
1114 2940 1205 3003 etiam
1229 2938 1261 3001 in
1286 2935 1443 3001 Gadmidis
1468 2958 1520 3021 ap

499 3057 636 3143 paruisse
667 3057 745 3121 dixit
775 3058 889 3123 diserte
920 3058 1004 3139 ἄλλῳ
1035 3058 1143 3139 χρόνῳι
1173 3059 1236 3142 jam
1264 3056 1312 3120 his
1335 3056 1519 3141 praepositis

499 3174 573 3239 mali
607 3176 740 3240 insecuti
774 3177 1025 3241 commemoratio
1061 3184 1131 3261 apte
1163 3176 1337 3239 instituitur
1368 3174 1529 3258 significa--

499 3298 584 3361 tione
607 3298 764 3381 temporis.

548 3419 599 3482 70.
635 3415 764 3496 μόριμος.
800 3416 860 3480 Cni
883 3417 915 3479 in
938 3417 1011 3479 fatis
1036 3422 1100 3479 erat
1123 3414 1181 3478 hoe
1205 3415 1313 3478 faeere.
1353 3412 1520 3497 Exquisita

500 3533 632 3618 quadam
655 3534 782 3598 tristitia
804 3536 870 3619 ipse
893 3533 1034 3619 Oedipus
1058 3534 1176 3613 μόριμος
1202 3532 1393 3617 appellatur,
1419 3552 1517 3617 quum

500 3652 534 3717 id
557 3652 742 3737 adjectivum
766 3654 942 3737 ceteroquin
968 3654 1042 3737 poni
1066 3652 1163 3716 soleat
1187 3651 1356 3729 derebus,
1382 3651 1517 3734 quaein

501 3770 570 3835 latis
594 3771 667 3835 sint.

548 3892 599 3954 73.
634 3888 715 3966 ὀξεῖ’.
753 3890 817 3953 Aut
840 3912 909 3955 cum
924 3891 1048 3971 Ἐριννὺς
1069 3892 1290 3974 connjunctnm
1307 3896 1369 3967 est,
1388 3888 1519 3973 epitheti

499 4008 613 4086 instar,
634 4008 788 4092 quomodo
809 4007 875 4085 ὀξὺς
892 4009 985 4090 ’Ἄρης
1002 4009 1085 4094 apud
1101 4008 1289 4085 Homerum,
1306 4008 1345 4072 Il.
1362 4006 1428 4071 VII
1440 4010 1518 4073 330.

501 4128 567 4190 Aut
590 4144 660 4190 eum
683 4126 812 4210 ἔπεφνε,
838 4135 873 4191 ut
895 4128 1086 4213 significetur-r
1108 4136 1235 4191 mutuae
1258 4126 1359 4191 caedis
1383 4125 1519 4190 Eteoclis

502 4253 533 4310 et
563 4245 718 4331 Polynicis
746 4248 844 4311 tristis
867 4248 1027 4313 acerbitas.
1064 4251 1130 4312 Aut
1153 4270 1222 4312 oum
1245 4248 1346 4312 ἰδοῖσα.
1393 4245 1435 4309 Et
1450 4246 1519 4331 ipsa

501 4363 625 4449 quidem
656 4363 760 4440 ὀξύτης
787 4366 819 4429 in
852 4367 920 4431 visu
950 4367 1124 4452 saepissime
1157 4366 1366 4450 significatur,
1391 4363 1518 4428 reluta

501 4485 645 4563 Platone,
671 4483 802 4553 Phaedr.
827 4488 891 4549 250
917 4486 954 4564 d,
978 4486 1043 4567 ὄψις
1067 4485 1127 4565 γὰρ
1151 4483 1370 4564 dictatiunculae
1393 4488 1452 4548 τῶν
1470 4484 1519 4549 διὰ
