3767 5534
816 782 819 788 .
833 719 896 782 333

363 915 541 996 ἀντιτόθνμι,
573 940 629 983 nec
659 921 800 985 convenit
831 944 901 985 cum
931 902 1044 1002 ἔλαθον
1069 924 1237 1001 ἀντιθοῦσα,
1262 924 1366 1011 llurip.

345 1029 464 1122 'Iphig.
489 1037 524 1100 T.
550 1040 629 1103 783:
655 1039 707 1104 sed
731 1049 776 1104 eat
799 1063 854 1126 pro
876 1045 1055 1108 ἀνατιθεῖσα.
1102 1044 1168 1108 Nec
1192 1067 1261 1109 cum
1283 1045 1367 1109 illius

364 1158 446 1241 poesi
472 1158 653 1222 conveniens
676 1159 752 1236 fuit,
778 1159 909 1243 aliquam
935 1163 1068 1246 cogitare
1090 1164 1225 1229 Deorum
1242 1165 1369 1229 crudeli-

363 1285 456 1341 tatem
480 1278 527 1341 vel
549 1278 689 1343 victimae
712 1279 863 1345 hnmanae
886 1280 1079 1347 desiderium.
1112 1282 1190 1348 Vide
1213 1307 1290 1369 quac
1310 1285 1369 1349 dis·

365 1398 538 1481 putavimus
560 1397 593 1460 iu
616 1397 827 1463 dissertatione
849 1399 887 1463 de
910 1399 1035 1465 Pindari
1058 1401 1227 1486 Sapientia,
1252 1402 1326 1489 Gap.
1351 1404 1368 1467 I

363 1517 380 1599 d
404 1518 432 1579 l.
479 1514 744 1581 Consecrationem
775 1517 844 1581 ideo
873 1518 984 1582 factam
1007 1541 1088 1597 esse,
1105 1527 1150 1609 κων
1172 1544 1290 1587 cervam
1313 1545 1367 1608 pro

364 1658 396 1699 se
425 1636 511 1720 virgo
535 1636 616 1701 Deae
647 1637 792 1714 donaret,
828 1637 955 1701 fortasse
985 1648 1109 1723 propter
1136 1641 1367 1725 explicationem

363 1755 427 1821 ἀντὶ
450 1756 647 1821 statuendum
670 1780 734 1821 esse
757 1757 967 1836 crediderunt,
989 1781 1080 1843 quam
1095 1760 1125 1824 in
1142 1762 1289 1827 ἀντιθεῖσα
1305 1785 1369 1826 esse

363 1868 563 1962 putavissent.
609 1876 724 1941 Verum
747 1879 773 1940 si
797 1885 950 1962 praetcrea
971 1878 1055 1942 illam
1079 1879 1213 1944 fabulam
1237 1882 1290 1945 alii
1311 1881 1369 1945 for-

363 2004 443 2061 tasse
466 1996 578 2061 Poetae
600 1997 644 2060 ita
665 1997 874 2075 tradiderunt,
899 2021 917 2062 a
939 1998 1064 2063 Pindari
1083 2006 1201 2077 mente,
1218 2007 1254 2064 ut
1269 2023 1370 2065 monc-

364 2116 451 2193 bam,
483 2125 563 2181 certe
586 2088 684 2181 aliena
706 2117 775 2182 fuit.
821 2116 1030 2183 Conferendus
1053 2125 1154 2183 autem
1177 2121 1300 2185 omnino
1325 2129 1370 2184 est

364 2238 545 2325 EuripideS,
571 2237 662 2303 Herc.
687 2239 746 2302 fur.
772 2241 835 2303 375

673 2359 728 2424 τόν
751 2385 785 2425 τε
806 2360 1020 2440 χρασοιιάρανον

675 2480 775 2559 δόρκαν
797 2479 992 2545 ποικιλόνωτον

674 2599 844 2678 συλήτειραν
865 2600 1022 2676 ἀνρωστάν

674 2718 806 2792 κτείνας,
829 2716 975 2798 θηροφόνον
996 2716 1061 2781 θεάν

675 2838 816 2902 Οἰνωᾶτιν
837 2834 979 2912 cydara.

412 2960 463 3021 54.
498 2957 646 3038 Ὀρθωσίᾳ.
682 2954 802 3019 Nomen
835 2954 873 3018 ab
902 2953 1050 3018 Arcadiae
1073 2961 1177 3018 monte
1199 2954 1371 3017 derivatum

366 3050 503 3140 videtur:
532 3074 584 3138 alii
608 3073 645 3137 ab
668 3075 747 3154 όρθόω
772 3073 971 3138 derivandum
995 3081 1125 3158 putant,
1150 3073 1197 3137 vel
1221 3072 1303 3157 quod
1328 3096 1371 3136 sa·

365 3195 463 3259 lutem
485 3202 635 3280 praestet,
660 3193 708 3257 vel
731 3192 814 3276 quod
839 3193 990 3277 parientes
1010 3194 1115 3277 juvet,
1140 3192 1187 3256 vel
1208 3192 1291 3278 quod
1308 3214 1373 3276 par·

354 3324 418 3391 ¹tus
440 3322 546 3378 servet.
589 3312 669 3377 Sunt
691 3313 748 3376 hae
772 3312 909 3397 singulae
933 3312 1151 3397 explicationes
1175 3312 1206 3375 in
1230 3312 1371 3376 scholiis:

367 3432 502 3518 ejusdem
525 3431 608 3496 Deae
635 3431 753 3495 cultum
775 3439 806 3496 et
829 3432 860 3495 in
884 3430 973 3495 Elide
996 3439 1027 3495 ct
1050 3431 1181 3496 Athenis
1204 3431 1315 3508 luisse,
1340 3432 1372 3495 in

367 3552 475 3617 iisdem
496 3552 637 3616 traditur.
684 3551 785 3615 Etiam
808 3552 840 3614 in
864 3550 1012 3636 Argolide
1034 3551 1128 3614 fuisse
1152 3557 1282 3615 testatur
1297 3550 1373 3614 Pau·

368 3674 483 3749 sanias,
515 3671 552 3735 L.
576 3670 611 3734 Π
635 3670 669 3734 C.
696 3669 803 3733 XXIV
829 3672 865 3747 6,
898 3678 929 3733 et
951 3669 1092 3754 Byzantii
1115 3650 1309 3746 Herodotusss
1335 3667 1370 3733 L.

366 3790 413 3854 IV
438 3793 489 3856 87.
513 3790 630 3853 Montis
652 3811 763 3853 nomen
787 3811 805 3851 a
827 3788 1000 3852 scholiastis
1015 3788 1149 3852 traditur
1166 3788 1212 3852 vel
1228 3787 1373 3852 Orthium

368 3907 460 3972 fuisse
483 3907 532 3973 vel
555 3906 751 3971 Orthosiam:
777 3929 875 3991 neque
892 3908 957 3992 ejus
972 3908 1159 3971 mentionem
1175 3907 1248 3970 alibi
1264 3907 1372 3991 reperi.

369 4026 406 4090 ln
430 4026 565 4111 ejusdem
589 4034 691 4090 autem
714 4047 818 4090 cervae
840 4026 969 4089 historia
992 4025 1029 4089 ab
1053 4024 1241 4111 Apollodoro
1264 4047 1375 4089 memo-

368 4155 453 4211 ratur
476 4146 577 4222 Οἰνόντ
603 4143 633 4222 ἦν
656 4146 685 4210 δὲ
708 4149 724 4222 ἡ
748 4145 858 4227 ἔλαφος
882 4146 911 4209 ἒν
931 4145 1015 4219 Οἶνόιρ
1033 4144 1208 4226 χρυσόκερως
1224 4143 1374 4221 ’Λτὲροιδος

369 4266 440 4348 ἱερά.
464 4265 500 4329 L.
524 4265 559 4329 Π
582 4263 617 4328 G.
644 4267 672 4327 5.
719 4263 790 4343 Quo
820 4265 944 4328 nomine
975 4270 1056 4328 certe
1087 4264 1276 4349 significatur
1303 4263 1375 4327 urbs

371 4386 485 4469 Argiva
508 4384 615 4461 Οάνόη,
641 4383 678 4447 de
702 4405 763 4465 qua
783 4383 883 4446 Diana
907 4382 1053 4446 Oenoatis
1070 4382 1152 4446 diota
1169 4391 1229 4458 est,
1248 4389 1278 4445 et
1294 4381 1374 4465 apud

370 4502 548 4587 Euripidem
578 4501 732 4587 appellata
763 4524 798 4564 co
829 4501 913 4579 loco,
950 4524 1042 4588 quem
1073 4502 1163 4566 modo
1196 4499 1374 4564 attulimus:
