3767 5534
906 762 970 819 455

434 959 609 1024 Patroclum
641 960 784 1036 mittens,
818 960 921 1022 statim
953 967 1022 1043 post
1050 958 1155 1044 pulsos
1177 958 1324 1043 Trojanos
1348 958 1446 1021 redire

431 1079 536 1164 jubet:

566 1199 609 1273 μὴ
631 1196 700 1275 σύγ’
717 1183 838 1261 ¹circulor
861 1199 939 1273 ἐμεῖο
963 1198 1126 1261 λιλαίεσθαι
1148 1194 1313 1276 πολεμίζειν

564 1317 661 1395 Τρωσὶ
684 1315 954 1397 (praemortuum.

479 1435 552 1496 119.
588 1431 658 1506 Elur
682 1433 857 1512 εὑρησιεπὴς.
892 1432 995 1509 Dicit,
1017 1455 1049 1495 se
1064 1432 1097 1495 in
1111 1431 1257 1498 canendis
1273 1431 1321 1494 hia
1337 1431 1446 1507 rebus,

432 1573 511 1633 quae
533 1551 571 1614 ad
596 1550 731 1635 Opuntia
756 1552 897 1635 antiquas
921 1550 1027 1615 laudes
1044 1550 1242 1615 illustrandae
1261 1551 1446 1634 pertineant,

431 1691 467 1732 eo
499 1671 581 1733 enim
603 1670 695 1752 etiam
719 1670 869 1765 pertinuit
893 1669 1026 1733 Patrocli
1051 1670 1215 1746 memoria,
1237 1667 1366 1752 Opunte
1382 1668 1448 1732 nati

433 1797 527 1872 atque
551 1789 642 1852 etiam
666 1797 736 1872 post
759 1788 864 1873 fugam
887 1788 925 1851 ad
939 1787 1075 1852 Iolcum
1099 1786 1230 1871 Opuntii
1249 1786 1366 1863 habiti,
1383 1786 1448 1854 lon-

434 1907 503 1991 gius
532 1905 694 1991 proaedere
717 1928 823 1991 posse,
849 1928 905 1970 nac
929 1907 987 1971 sibi
1011 1907 1189 1970 defuturum
1214 1906 1261 1969 vel
1286 1905 1448 1972 consilium

435 2025 483 2087 vel
507 2025 569 2088 vim
593 2032 623 2088 ct
646 2024 810 2089 audentem
834 2026 987 2090 animum:
1013 2048 1083 2089 nam
1100 2026 1224 2089 omnino
1242 2024 1300 2089 hoc
1316 2024 1448 2088 carmine

431 2143 529 2228 ipsam
561 2141 716 2228 Opuntem
748 2145 874 2209 laudare
906 2143 1020 2220 voluit,
1052 2151 1088 2206 ut
1115 2145 1178 2227 jam
1209 2142 1287 2206 dixit
1319 2165 1351 2204 vs
1385 2144 1444 2220 23,

434 2261 619 2325 laudandam
643 2285 708 2325 essa
732 2263 843 2326 claram
868 2261 1026 2347 Opuntem
1051 2262 1179 2346 ejusque
1201 2260 1317 2323 filium:
1342 2282 1447 2328 vorum

428 2381 491 2464 jam
523 2379 653 2443 orationi
683 2380 757 2443 huic
787 2380 872 2443 frena
901 2379 1069 2443 inhibenda
1100 2402 1164 2443 esse
1197 2387 1300 2443 monet
1332 2387 1362 2441 et
1390 2378 1448 2444 filii

432 2498 539 2562 laudea
563 2498 705 2582 deinceps
730 2497 926 2563 decorandas.
962 2497 1022 2562 Pro
1042 2499 1216 2575 ἀναγεῖσθαι
1232 2497 1345 2581 aliquis
1362 2497 1448 2568 acho·

432 2615 521 2680 liaata
556 2616 706 2679 recentior
739 2615 814 2699 legit
849 2615 1027 2704 ἕναγεῖσθαι.
1074 2615 1238 2697 Πρόσφορος
1272 2614 1448 2687 directionis

432 2735 685 2818 significationem
719 2734 829 2812 habet,
866 2757 928 2817 qua
962 2756 1024 2798 uon
1056 2741 1201 2817 vagetur,
1234 2733 1287 2798 sod
1319 2732 1447 2797 vehatur

433 2854 518 2917 certo
546 2853 674 2916 consilio
706 2852 743 2915 ad
777 2875 828 2929 ca,
860 2874 940 2937 quae
972 2853 1045 2916 velit
1079 2854 1237 2937 attingere.
1286 2852 1448 2916 Musarum

431 2993 556 3055 currum
588 2972 681 3034 etiam
703 2978 850 3036 memorat
874 2970 930 3035 Iat.
955 2970 990 3035 Il
1015 2974 1046 3035 3.
1092 2971 1267 3036 Audentem
1291 2992 1360 3034 vcro
1385 2971 1448 3038 ani·

432 3112 535 3165 mum,
560 3064 667 3174 poetae
691 3111 763 3153 sane
787 3089 949 3165 decorum,
975 3088 1121 3173 sibiipsa
1149 3090 1240 3157 etiam
1264 3088 1373 3157 tribuit
1396 3086 1446 3151 Ol.

435 3206 520 3271 XIII
546 3210 597 3271 14.

480 3328 553 3390 123.
588 3324 728 3406 προξενίᾳ.
771 3326 920 3391 Proxenia
953 3332 1000 3390 cst
1028 3348 1143 3389 munus
1175 3324 1351 3409 publicum,
1385 3348 1447 3410 quo

433 3445 502 3527 quis
530 3445 564 3508 in
587 3467 644 3508 sna
667 3444 790 3508 civitate
812 3452 937 3509 tueatur
954 3445 1025 3528 «ejus
1043 3444 1181 3510 ,civitatis
1205 3466 1270 3520 ros,
1296 3445 1385 3528 cujua
1405 3444 1448 3510 ait

433 3584 602 3647 proxcnus,
626 3562 756 3625 maxime
780 3563 931 3639 remiis,
957 3563 1011 3645 qui
1036 3584 1071 3625 ex
1096 3562 1150 3625 illa
1162 3562 1289 3628 civitate
1308 3563 1445 3639 veniant,
1482 3603 1484 3608 =

434 3688 567 3764 praestat
591 3679 706 3743 officia:
731 3679 842 3743 deferri
866 3680 1047 3765 plerumque
1070 3687 1101 3743 et
1123 3679 1262 3743 mandari
1278 3679 1395 3746 solabar
1411 3679 1448 3745 ab

433 3798 488 3862 illa
519 3798 586 3883 ipra
617 3798 756 3876 civitate,
788 3797 881 3883 idque
895 3863 897 3867 ,
912 3800 1008 3883 magia
1040 3799 1164 3862 honoris
1194 3821 1284 3864 oauaa
1312 3822 1448 3883 prexano

439 3938 531 4000 quam
552 3916 592 3979 ad
616 3916 783 3980 utilitatem
807 3939 911 3994 suam,
937 3917 990 3981 aad
1014 3918 1089 3981 haec
1105 3917 1449 4000 oonsequabatur,oou-

358 4099 360 4104 ,
432 4035 595 4119 junctique
618 4034 680 4098 fere
704 4057 774 4098 cum
799 4056 833 4097 eo
854 4057 986 4099 munere
1010 4035 1102 4098 otiam
1125 4035 1177 4099 alii
1200 4035 1284 4099 luere
1302 4035 1447 4100 honoror:

435 4152 506 4216 tid.
537 4152 583 4217 M.
616 4152 657 4215 H.
689 4152 727 4217 ll.
760 4152 874 4232 Maior,
898 4152 946 4216 De
969 4152 1137 4230 Proxeuia,
1163 4153 1252 4217 Halia
1276 4152 1447 4232 Saxonum,

437 4273 533 4334 1843.
581 4270 622 4333 Et
653 4292 725 4333 vero
757 4272 821 4355 ejus
853 4270 901 4335 rel
929 4272 1063 4334 muneris
1087 4271 1135 4335 rel
1157 4271 1320 4355 dignitatis
1343 4281 1374 4336 et
1397 4272 1450 4336 ho-

433 4388 517 4453 noria
534 4388 697 4450 maximam
712 4388 805 4451 firiasc
825 4388 980 4452 caritatem
997 4397 1029 4452 at
1044 4389 1315 4466 necessitudinum,
1333 4390 1449 4473 pulcar-

436 4507 511 4569 rime
543 4504 626 4589 apud
657 4504 817 4569 Platonem
836 4506 981 4571 ridemur
997 4506 1195 4591 expositam,
1220 4507 1267 4574 De
1286 4506 1386 4592 regg.
1407 4508 1447 4576 L.

1272 4625 1328 4685 31*
