3767 5534
905 757 969 816 481

431 958 624 1037 Promethei,
650 956 820 1021 secundum
844 955 1012 1020 nonnullos
1036 954 1171 1039 Opuntis
1196 956 1227 1018 in
1244 955 1333 1019 Elide
1350 956 1444 1020 fluvii.

434 1076 530 1139 Affert
562 1076 599 1140 ad
634 1075 818 1139 sententiam
844 1095 930 1137 suam
956 1073 1193 1137 confirmandam
1217 1071 1390 1138 Boeckhius
1415 1075 1445 1138 in

433 1197 514 1260 notis
545 1196 658 1259 criticis
694 1215 764 1280 pag.
790 1196 853 1257 399
880 1194 969 1257 etiam
995 1192 1133 1256 scholion
1158 1193 1195 1256 ad
1220 1193 1322 1277 Apoll.
1347 1192 1447 1257 erod.

434 1314 480 1379 IV
508 1317 610 1380 1780:
636 1334 714 1397 quae
738 1322 841 1376 autem
864 1311 908 1376 ibi
932 1313 973 1375 sit
997 1312 1045 1375 vel
1068 1312 1148 1396 regis
1172 1310 1306 1396 Opuntis
1324 1312 1372 1376 vel
1388 1312 1450 1376 Eli·

434 1433 482 1497 dis
505 1433 553 1496 vel
576 1431 780 1516 Protogeniae
802 1430 936 1507 mentio,
963 1452 1011 1493 me
1035 1429 1160 1515 quidem
1185 1430 1276 1494 latet:
1307 1438 1351 1495 est
1369 1432 1450 1495 enim

435 1550 629 1636 hujusmodi:
662 1548 824 1615 ’0111111111
854 1550 882 1613 r'
915 1546 1030 1612 1111111
1059 1550 1115 1621 τὰς
1140 1548 1195 1612 ὑπὸ
1216 1555 1268 1614 τοῦ
1291 1548 1450 1622 Ὀποῦντός

436 1692 508 1734 ποτε
541 1667 768 1749 περιεχομένας·
801 1666 910 1737 Ὀποῦς
943 1666 973 1730 δὲ
1003 1667 1135 1744 ποταμὸς
1159 1668 1292 1747 Aeacidae
1315 1668 1331 1742 ἢ
1356 1668 1450 1739 πόλις.

437 1787 485 1852 Ab
511 1786 677 1851 Aristotele
700 1785 785 1850 illam
810 1783 980 1869 Cambysen
1005 1785 1189 1869 appellatam
1214 1786 1324 1864 fuisse,
1351 1796 1396 1851 est
1419 1788 1451 1851 in

438 1906 562 1983 eodem,
599 1904 682 1990 quod
717 1891 971 1980 memoravimus,
1009 1902 1125 1967 scholio
1161 1903 1199 1968 ad
1235 1904 1318 1969 hunc
1349 1905 1453 1969 locum

437 2024 581 2089 Pindari:
615 2032 646 2087 at
676 2045 884 2108 per-errorem
908 2022 1100 2099 Boeclrhius,
1126 2021 1244 2108 Explic.
1270 2047 1338 2109 pag.
1371 2027 1451 2102 191,

438 2151 555 2229 patrem
583 2144 647 2228 ejus
675 2165 776 2227 regem
805 2142 904 2206 Elidis
932 2141 1088 2246 Opuntem
1115 2143 1152 2206 ab
1177 2144 1341 2207 Aristotele
1366 2143 1453 2207 Cam·

439 2261 531 2346 hysen
569 2260 686 2325 dictum
721 2260 815 2324 fuisse
851 2260 942 2337 dicit,
980 2281 1054 2324 usus
1090 2260 1223 2346 ejusdem
1256 2260 1365 2325 scholii
1395 2269 1454 2325 tes·

438 2381 578 2445 timonio.

485 2500 537 2562 86.
572 2497 633 2563 aad
664 2502 725 2576 γᾶς
758 2501 887 2563 Ἐπειῶν.
925 2498 1071 2562 Traditur
1102 2498 1206 2583 aliqua
1229 2498 1453 2583 conjunctionis

438 2615 648 2702 Opuntiorum
680 2624 711 2680 et
741 2615 886 2680 Eleorum
917 2618 1064 2681 memoria
1096 2640 1114 2681 a
1144 2615 1308 2694 Strabone,
1341 2616 1378 2681 L.
1406 2615 1455 2680 IX

437 2712 467 2820 p.
500 2737 584 2811 425,
617 2734 698 2798 Alm.
725 2736 808 2796 651:
834 2742 864 2797 et
886 2743 1074 2797 memoratur
1098 2735 1190 2798 etiam
1212 2734 1286 2798 urbs
1310 2733 1397 2819 Opus
1422 2735 1455 2798 in

437 2852 546 2931 Elide,
571 2852 663 2916 Diod.
688 2851 748 2915 Sic.
773 2850 851 2914 XIV
879 2854 938 2928 11,
964 2851 1212 2936 1111111111.
1239 2855 1340 2936 Atque
1358 2853 1454 2937 ipsam

438 2971 638 3057 Protogeniae
655 2969 852 3033 Deucalionis
865 2969 946 3033 filiae
966 2971 1143 3055 progeniem
1158 2971 1191 3035 in
1207 2970 1297 3034 Elide
1314 2993 1456 3056 regnasse

437 3089 565 3154 tradunt
596 3088 764 3152 Pausanias
797 3086 834 3151 L.
868 3085 943 3150 10.
969 3086 1006 3165 I,
1032 3096 1062 3151 et
1086 3089 1294 3173 Apollodorus
1318 3088 1354 3152 L.
1379 3088 1397 3153 I
1420 3088 1455 3152 C.

438 3205 522 3270 VII:
547 3206 636 3270 Conf.
661 3206 762 3269 Schol.
789 3205 826 3269 ad
852 3205 956 3289 Apoll.
981 3204 1081 3269 Rhod.
1107 3205 1153 3269 IV
1179 3209 1230 3271 el.
1418 3211 1420 3214 ’

484 3329 535 3391 81.
572 3322 686 3397 ἕκαλος.
725 3325 791 3389 Deo
816 3325 947 3408 dignum
972 3326 1147 3409 epitheton,
1172 3326 1287 3390 habens
1306 3326 1458 3410 significa·

437 3444 554 3509 tionem
578 3443 686 3529 gaudii
710 3444 776 3507 sine
803 3445 850 3508 vi:
876 3445 954 3509 conf.
980 3444 1071 3508 Nem.
1096 3444 1179 3508 VIII
1204 3448 1255 3509 10.

484 3565 537 3626 99.
576 3561 710 3644 ὀρφανὸν.
748 3561 892 3628 Refertur
915 3565 954 3628 ad
978 3590 1044 3642 μιν,
1069 3587 1131 3628 non
1156 3564 1194 3628 ad
1218 3563 1339 3639 πότμον.

389 3705 393 3716 ·
485 3681 537 3742 96.
574 3678 716 3760 μάτρωος.
754 3679 883 3762 Mdrpar
912 3682 994 3767 apud
1019 3682 1188 3745 Homerum
1213 3689 1258 3745 est
1282 3682 1375 3745 frater
1398 3703 1459 3745 ma·

440 3796 513 3875 tris,
539 3797 597 3861 hoc
621 3819 693 3861 vero
718 3798 785 3862 loco
810 3807 841 3862 et
864 3801 985 3885 saepius
1009 3800 1091 3885 apud
1115 3799 1283 3864 Pindarum
1308 3822 1459 3864 111111111-

440 3919 565 3978 ternus:
594 3915 663 3979 vide
685 3915 819 3980 Dammii
832 3914 977 3983 ‘Lexicon
1001 3918 1034 3980 in
1057 3938 1138 3981 voce.

487 4034 540 4095 99.
578 4032 661 4097 πόλιν
693 4031 716 4095 δ’
748 4033 872 4098 ὤπασεν.
910 4034 1006 4098 Paulo
1031 4034 1118 4098 aliter
1141 4033 1342 4114 Eustathius,
1365 4036 1403 4099 ad
1419 4035 1457 4100 Il.

439 4149 474 4213 Π
499 4152 580 4243 531,
601 4148 753 4227 Locrum,
773 4158 840 4213 orta
855 4152 935 4216 inter
951 4153 1053 4237 ipsum
1072 4160 1101 4216 et
1119 4152 1276 4237 Opuntem
1292 4153 1457 4231 discordia,

442 4268 626 4331 concessisse
649 4268 696 4331 illi
720 4268 898 4353 imperium,
923 4270 1025 4355 ipsum
1050 4291 1120 4334 vero
1144 4270 1329 4335 Parnassum
1354 4296 1458 4336 versus

442 4386 609 4448 recessisse.
658 4384 722 4448 Cur
745 4386 898 4450 Pindarus
923 4388 1092 4452 discordiae
1116 4390 1302 4452 mentionem
1326 4399 1457 4475 praeter-

442 4502 576 4579 miserit,
602 4502 689 4566 facile
713 4503 906 4588 intelligitur.

1295 4630 1329 4682 31
