3767 5534
977 711 1042 816 3344·

508 913 633 977 eandem
665 914 756 977 etiam
780 912 866 987 Οἷννν
889 891 1027 976 siccatam
1050 913 1144 978 fuisse
1169 924 1315 978 memorat
1338 914 1513 1001 Stephanus

507 1029 703 1115 Byzantinus.
738 1030 805 1095 Nec
827 1033 900 1095 satis
924 1053 1033 1094 causae
1056 1054 1121 1095 esse
1145 1032 1299 1110 existimo,
1324 1056 1378 1098 cur
1401 1022 1515 1099 Ortho-

507 1150 569 1213 siae
592 1171 701 1216 nomen
724 1172 786 1214 non
806 1173 824 1213 a
842 1158 946 1215 monte
965 1157 1134 1235 repetatur,
1160 1151 1313 1236 quomodo
1334 1151 1513 1218 Oenoatidis

506 1290 618 1332 nomen
648 1269 686 1335 ab
718 1269 791 1333 urbe
822 1270 980 1353 repetitur.
1027 1268 1148 1349 Quodsi
1171 1269 1209 1334 ab
1231 1270 1286 1334 illa
1309 1271 1514 1355 explicatione

506 1386 722 1480 discedendum
753 1388 810 1465 sit,
842 1388 1011 1452 servatrieis
1040 1388 1293 1473 significationem
1322 1390 1514 1475 aptissimam

506 1508 693 1592 putaverim,
732 1506 825 1591 idque
863 1508 966 1591 ipsum
1004 1508 1048 1570 ita
1086 1506 1255 1572 Pindarum
1290 1508 1440 1585 voluisse,
1478 1516 1514 1571 ut

504 1626 640 1711 Taygeta
661 1648 716 1711 pro
740 1626 840 1690 salute
863 1634 988 1710 accepta
1010 1648 1129 1690 cervam
1152 1628 1381 1692 consecraverit.

551 1748 603 1811 54.
638 1746 767 1826 ἔνριιψεν
802 1745 887 1824 ἱεράν.
931 1744 1071 1809 Tradunt
1105 1746 1304 1823 scholiastae,
1339 1747 1371 1809 in
1407 1755 1514 1831 captae

496 1852 608 1929 ‘cervae
632 1863 746 1928 cervice
768 1864 892 1927 inventa
913 1863 1008 1927 fnisse
1031 1863 1105 1927 haec
1129 1863 1235 1928 verba:
1268 1864 1411 1942 Τιιΰνέτη
1435 1865 1515 1945 ἱεράν

504 1983 635 2061 άνέάιρκεν
657 1982 812 2061 Ἀρτέμιδι.
859 1981 998 2046 Fortasse
1025 1981 1063 2046 ad
1088 2004 1153 2047 eam
1176 1983 1405 2067 inscriptionem
1430 2004 1514 2068 spec·

505 2111 572 2168 tant
596 2104 686 2167 verba
707 2102 842 2167 Pindari.
867 2101 907 2165 llt
929 2101 1056 2185 γράφειν
1080 2102 1203 2185 quidem
1223 2104 1255 2166 in
1272 2102 1511 2167 consecrationis

504 2222 701 2307 inscriptione
724 2221 923 2307 significanda
946 2222 1086 2306 ponitur,
1118 2222 1203 2286 velut
1227 2222 1308 2307 apud
1331 2222 1514 2300 Platonem,

505 2343 552 2407 De
582 2342 656 2428 Leg.
681 2340 753 2405 XII
786 2343 849 2405 943
883 2341 907 2405 C
938 2343 978 2413 εἰς
1008 2342 1049 2407 νά
1067 2347 1133 2406 ’τῶν
1163 2348 1326 2420 πολεμικῶν
1355 2344 1421 2406 θεῶν
1451 2342 1515 2421 ἱερά

504 2463 667 2544 reddam
688 2464 850 2528 άνιιάεῖνιιιι
876 2470 905 2526 et
929 2464 992 2526 955
1018 2464 1045 2525 h
1069 2464 1226 2539 νικήσαντά
1245 2462 1371 2547 γράφειν
1387 2465 1416 2529 ἕν
1432 2465 1514 2544 ἱεροῖς

505 2578 544 2655 ola
567 2581 603 2647 ἂν
626 2582 721 2663 calip:
746 2589 777 2645 et
800 2582 967 2666 opponitur
989 2581 1076 2657 μηδὲν
1099 2567 1235 2659 άνάάνμιι
1249 2582 1316 2659 μηδ’
1332 2584 1513 2665 ἐπιγράφήν.

504 2700 617 2765 ‘lamen
641 2699 721 2764 idem
745 2699 870 2763 verbum
894 2700 985 2764 etiam
1010 2700 1189 2784 simpliciter
1211 2700 1384 2764 declarandi
1401 2701 1516 2786 signifi-

504 2820 655 2883 cationem
678 2817 786 2896 hahet,
811 2818 896 2881 velut
919 2817 1002 2903 apud
1028 2789 1229 2902 Aeschylum,
1254 2820 1362 2903 Agam.
1389 2821 1451 2882 801

680 2937 763 3017 κάρτ’
785 2937 959 3014 drancheos
983 2932 1056 3009 ἦσάν
1078 2937 1285 3016 γεγραμμένος

681 3058 737 3122 οὐδ’
759 3051 791 3121 εὖ
813 3057 959 3135 πριιπίδων
982 3055 1068 3122 ciana
1090 3057 1191 3134 νὲριινν.

504 3177 609 3241 Potest
638 3160 740 3261 igitur*
764 3175 863 3240 verbis
893 3175 1019 3239 Pindari
1050 3176 1108 3239 hoc
1138 3175 1207 3239 loco
1237 3175 1304 3260 ipsa
1327 3175 1515 3240 consecratio

504 3296 685 3381 significari,
714 3294 912 3380 inscriptione
936 3295 1090 3379 sejuncta:
1115 3300 1270 3358 ettamen
1294 3293 1320 3356 si
1342 3293 1516 3378 inscriptio·

504 3414 551 3478 nis
582 3415 664 3498 ejus,
693 3435 782 3497 quam
807 3412 988 3476 scholiastae
1011 3420 1197 3489 memorant,
1221 3412 1345 3495 cognita
1368 3411 1514 3485 Graeciae

505 3532 607 3597 fabola
629 3532 705 3609 fuit,
729 3531 761 3595 id
785 3532 887 3616 ipsum
911 3531 1031 3595 videtur
1055 3531 1183 3595 aPoeta
1205 3520 1374 3594 indicatum
1396 3551 1471 3594 esse.

552 3653 603 3715 56.
638 3649 739 3716 ὄπιθεν.
776 3649 844 3713 Ηοο
874 3650 918 3713 ita
940 3649 1176 3734 intelligendum
1190 3671 1281 3725 «esse,
1307 3656 1342 3711 ut
1366 3670 1419 3732 pe1·
1441 3648 1514 3733 Sep

506 3770 698 3834 temtrionem
720 3768 759 3833 ad
782 3767 980 3832 Occidentem
1005 3768 1209 3853 penetraverit
1231 3767 1397 3844 Hercules,
1422 3768 1444 3830 ii
1465 3789 1515 3831 ex·

506 3888 658 3964 istimant,
683 3888 736 3973 qui
753 3885 967 3971 Hyperboreos
982 3886 1013 3949 in
1030 3884 1197 3950 Occidente
1212 3885 1369 3970 ponendos
1385 3892 1513 3970 putant:

508 4008 559 4072 eui
576 4028 638 4091 ego
660 4006 827 4071 sententiae
849 4027 912 4069 non
935 4004 1099 4068 assentior:
1124 4026 1229 4069 verum
1251 4004 1305 4068 illa
1326 4004 1408 4081 loca,
1434 4025 1513 4089 quae

507 4124 707 4211 hyperborea,
733 4125 763 4189 id
787 4132 833 4188 est
856 4139 955 4208 supra¹
971 4123 1092 4188 boream
1116 4124 1195 4199 sint,
1224 4124 1261 4187 iis
1285 4123 1424 4187 existimo
1448 4145 1514 4186 esse

508 4253 585 4329 pone
600 4243 737 4319 boream,
755 4243 808 4327 qui
825 4264 860 4306 eo
876 4264 911 4305 ex
928 4241 1004 4305 locis
1022 4241 1101 4305 infra
1116 4241 1238 4305 boream
1254 4241 1361 4325 positis
1373 4241 1513 4306 veniunt.
1556 4301 1559 4305 .

553 4364 604 4425 58.
638 4367 694 4426 τῶν
729 4385 778 4427 νιν.
812 4359 924 4423 Earum
961 4359 1121 4437 arborum,
1157 4382 1235 4444 quae
1268 4367 1341 4423 tune
1376 4358 1511 4437 viderat,

507 4502 590 4544 nunc
620 4502 688 4544 eum
721 4478 906 4544 desiderium
937 4479 1034 4563 cepit:
1067 4485 1137 4562 apte
1160 4490 1190 4542 et
1213 4479 1359 4543 concinne
1383 4477 1421 4541 ad
1444 4500 1513 4564 pro·
