3767 5534
828 1073 904 1153 er.

503 1307 550 1368 De
572 1306 670 1369 divino
692 1308 1001 1370 mahummariam
1027 1306 1228 1371 moderamine.

400 1539 525 1604 Versati
541 1541 602 1605 iere
618 1541 719 1605 adhuc
735 1564 842 1607 sumus
859 1543 889 1605 in
906 1542 1021 1625 mythis
1037 1543 1190 1625 antiquis:
1207 1542 1240 1604 in
1256 1542 1369 1625 quibus

254 1669 257 1673 '
350 1657 530 1744 praeclarae
559 1660 648 1724 nobis
671 1660 798 1723 Pindari
821 1659 974 1752 derebus
998 1660 1110 1724 divinis
1134 1660 1234 1744 deque
1258 1660 1372 1723 virtute

350 1778 526 1843 sententiae
550 1780 762 1844 inmotuerunt.
798 1779 858 1843 Sed
882 1803 944 1844 non
968 1786 1090 1844 tanturn
1114 1801 1215 1843 rerum
1240 1785 1373 1842 vetusta·

350 1906 418 1960 tem
442 1896 481 1960 ad
502 1897 583 1962 Deos
599 1898 723 1976 retulit,
742 1921 847 1963 verum
862 1901 895 1963 in
912 1899 1125 1986 praesentibus
1142 1920 1266 1983 quoque
1281 1896 1372 1961 rebus

352 2015 458 2079 laudis
490 2037 540 2080 eos
572 2017 775 2102 fortunaeque
799 2017 951 2082 humanae
974 2016 1179 2082 moderatores
1203 2016 1289 2080 omni
1312 2037 1374 2078 car·

351 2136 439 2199 mine
470 2137 562 2199 cauit.
609 2133 723 2201 Omnes
755 2137 880 2201 virtutis
912 2137 1074 2221 laudisque
1102 2137 1168 2200 viae
1192 2134 1373 2199 mortalibus

351 2276 371 2316 a
396 2253 467 2317 Diis
490 2262 611 2339 apertae
635 2264 717 2319 sunt.
765 2256 839 2320 Fuit
862 2256 935 2320 olim
960 2279 977 2318 a
1002 2255 1141 2324 Minerva
1164 2255 1288 2319 inventa
1310 2275 1375 2317 mu·

352 2372 420 2435 sica
443 2379 475 2435 et
497 2373 679 2438 mortalibus
702 2374 831 2439 tradita:
848 2377 871 2460 1)
896 2375 949 2440 sed
973 2376 1074 2440 adhuc
1097 2375 1235 2439 Deorum
1258 2373 1374 2438 auxilio

351 2493 449 2576 viget.
498 2492 543 2556 Ex
575 2494 641 2557 Deo
671 2495 762 2559 homo
793 2518 912 2581 semper
943 2496 1080 2580 sapiente
1113 2503 1214 2559 mente
1237 2494 1335 2557 floret.
1349 2494 1374 2576 ἲ)

351 2610 380 2673 Ε
415 2610 485 2674 Diis
516 2633 621 2676 omnes
652 2614 776 2677 virtutis
808 2614 960 2677 humanae
991 2615 1074 2690 viae,
1106 2624 1136 2676 et
1168 2613 1319 2697 sapientes
1344 2620 1375 2675 et

351 2751 453 2793 manu
483 2730 577 2795 sortes
609 2739 640 2795 et
664 2730 770 2797 diserti
793 2739 876 2797 sunt.
890 2733 914 2817 8)
961 2733 1028 2795 Deo
1052 2739 1243 2796 monstrante
1267 2731 1376 2816 princi·

351 2848 463 2932 pium,
495 2847 533 2912 ad
565 2872 654 2914 omne
683 2873 762 2937 opus
785 2858 868 2915 recta
891 2861 937 2915 est
961 2851 1084 2916 laudem
1107 2850 1284 2914 inveniendi
1306 2851 1373 2927 via,

352 2966 490 3052 finisque
512 2969 657 3053 pulcrior.
670 2971 697 3056 4)

402 3084 491 3167 Quae
514 3088 638 3176 quidem
662 3089 799 3153 Deorum
822 3089 956 3175 benigna
979 3089 1093 3153 auxilia
1109 3112 1126 3152 a
1142 3095 1231 3174 poeta
1247 3087 1375 3151 laudau-

354 3206 467 3269 turin
491 3207 692 3272 certaminum
716 3208 845 3272 maxime
869 3208 1015 3271 victoriis.
1053 3205 1299 3271 Alcimedontem
1320 3205 1376 3270 Ju-

356 3323 441 3409 piter
468 3323 542 3390 fecit
573 3326 717 3391 victorem
745 3324 914 3411 Olympiae.
928 3329 953 3409 5)
991 3326 1118 3391 Hieroni
1142 3326 1174 3389 in
1198 3326 1285 3409 cquis
1306 3327 1376 3411 jun·

356 3443 468 3527 geudis
492 3444 605 3509 adsunt
627 3445 728 3510 Diana
751 3454 782 3511 et
803 3445 986 3510 Mercurius.
1001 3448 1027 3530 6)
1068 3445 1117 3508 Ad
1141 3445 1285 3529 Agesiam
1305 3465 1375 3507 vero

356 3562 584 3647 Syracusanum
608 3572 699 3649 polita
722 3567 765 3629 sic
788 3565 943 3649 loquitur:
969 3564 1024 3643 „Si
1041 3588 1145 3629 revera
1160 3565 1217 3627 sub
1233 3562 1374 3647 Cyllenes

356 3681 473 3746 finibus
496 3683 625 3747 materni
647 3684 695 3747 tui
719 3684 847 3770 majores
871 3684 1064 3761 habitantes,
1089 3683 1219 3767 Agesis,
1244 3682 1293 3767 pie
1310 3703 1374 3765 pre·

339 3799 448 3890 ¹cibus
470 3800 665 3886 victimisque
688 3802 822 3867 multum
845 3803 952 3867 multis
976 3802 1130 3866 donarunt
1145 3801 1280 3865 Deorum
1297 3823 1374 3864 nun·

357 3919 442 3983 cium
465 3919 672 3998 Mercurium,
697 3921 752 4004 qui
775 3921 940 3985 cemamina
963 3922 1043 4005 regit
1065 3920 1376 4002 distributionemque

357 4037 565 4123 praemiorum
588 4045 618 4102 et
642 4038 805 4103 Arcadiam
821 4040 951 4103 honorat
960 4088 969 4117 ,
986 4040 1029 4116 is,
1048 4062 1065 4102 0
1081 4038 1125 4103 fili
1141 4037 1286 4115 Sostrati,
1304 4059 1375 4101 oum

357 4154 543 4220 fulminante
573 4156 674 4256 Patre¹
694 4166 779 4221 tuam
808 4158 926 4242 perficit
950 4158 1104 4221 fortunam
1128 4156 1334 4242 prosperam.''
1348 4157 1374 4241 7)

394 4369 418 4431 1)
436 4370 479 4436 Py,
494 4370 558 4419 XII.
578 4371 616 4420 12.
696 4372 722 4432 2)
742 4371 779 4420 01.
796 4372 843 4420 XI.
863 4370 903 4419 10.
979 4371 1004 4432 3)
1022 4372 1063 4437 Py.
1082 4373 1104 4421 I.
1122 4370 1162 4423 79.
1238 4371 1375 4435 4)Fraprn.

360 4463 483 4528 Hyporch.
501 4464 565 4528 apud
581 4465 703 4530 Heynium
716 4466 750 4524 ,1,
768 4466 832 4530 apud
849 4464 999 4515 Bocchhium
1018 4469 1040 4518 t.
1135 4468 1159 4528 t)
1179 4467 1216 4518 Ol.
1239 4466 1313 4516 VIII.
1333 4465 1375 4515 20.

392 4560 418 4621 t)
435 4560 477 4625 Py.
494 4562 534 4610 II.
552 4562 591 4610 lo.
698 4561 724 4623 t)
744 4562 780 4611 Ol.
803 4562 844 4609 VI.
863 4560 919 4611 lua.

1233 4664 1249 4717 3
