3767 5534
943 711 1005 773 120

689 917 824 995 “Opnorcr
847 921 903 979 τῶν
924 914 1016 994 χέροος
1038 914 1109 977 ciuc-

735 1033 870 1099 πλένοντν
892 1032 942 1097 acl
965 1032 1138 1115 στεφάνοις,

852 1152 898 1219 Ἔ.
924 1152 956 1216 d.
1002 1163 1042 1244 K..
1059 1151 1095 1226 ν’.

694 1282 815 1344 Bostaris
838 1273 867 1336 ἐν
889 1272 981 1353 ὄρθοοῖς
1004 1270 1236 1348 ‘Panhormitanos'

690 1389 748 1457 Ὃν
771 1391 868 1471 πατὴρ
890 1391 955 1470 ἔχει
977 1388 1076 1471 Κρόνος
1098 1388 1166 1454 ἕτοι-

737 1533 792 1588 μον
814 1511 894 1589 αὐτῷ
916 1506 1064 1589 πάρεδρον,

468 1677 639 1692 —1

506 1756 563 1807 133.
589 1761 711 1822 στεφάνοις.
746 1754 785 1802 lta
802 1752 911 1817 Heynius
927 1752 1058 1801 secundum
1075 1753 1201 1817 plerosque
1218 1754 1322 1812 codices,
1345 1753 1416 1817 idque
1437 1770 1487 1801 ma-

473 1851 560 1901 uilesto
578 1854 661 1898 tuetur
678 1849 806 1897 scholiasta
822 1847 954 1907 recentior,
974 1848 1158 1913 intelligendum
1174 1864 1224 1898 esse
1241 1864 1340 1897 monens
1356 1854 1399 1905 τὰς
1416 1870 1486 1916 κεφα-

467 1948 530 2006 λάς,
546 1948 570 1993 ct
587 1943 715 1993 scholiasta
740 1946 822 2001 vetus,
840 1942 957 1991 scribens:
977 1941 1029 1995 κατ’
1043 1946 1164 2009 ἐναλλαγὴν
1179 1953 1285 2001 πτώσεως
1302 1943 1363 1995 εἶπεν
1377 1948 1427 1994 ἀντὶ
1445 1951 1487 1995 τοῦ

472 2045 551 2109 χερσὶν
567 2044 728 2092 ἀνατείνουσιν
742 2042 826 2109 ὅρμους
841 2044 879 2090 καὶ
896 2044 1026 2108 στεφάνους,
1059 2040 1122 2089 ldem
1141 2040 1291 2089 commendat
1303 2040 1430 2102 Kayserus.
1455 2039 1485 2087 ln

473 2136 526 2186 Pal.
544 2139 564 2186 A
581 2144 606 2185 et
621 2136 672 2185 Pal.
690 2136 710 2185 C
728 2140 764 2185 est
781 2142 907 2203 στεφάνους.
939 2136 978 2184 Sic
1000 2135 1096 2200 quidem
1120 2136 1219 2186 verbum
1241 2138 1371 2187 ἀναπλεκεεν
1387 2139 1411 2184 et
1428 2151 1486 2185 cnm

473 2242 546 2303 χέρας
570 2232 761 2299 conjungendum
787 2232 833 2281 erit
857 2231 1031 2295 significatione
1057 2232 1211 2292 redimieudi,
1237 2236 1261 2281 et
1287 2248 1342 2281 cum
1365 2237 1488 2299 στεφάνους

473 2329 647 2395 significatione
673 2328 791 2378 nectendi.
825 2327 908 2392 Neque
933 2327 958 2376 in
984 2327 1052 2377 libris
1073 2328 1133 2377 aliae
1157 2333 1214 2378 suut
1235 2328 1366 2392 scripturae
1390 2332 1488 2392 praeter

474 2426 517 2475 has
534 2424 599 2473 duas.
626 2422 784 2487 Conjecturac
802 2438 857 2471 vero
875 2423 933 2471 satis
951 2423 1048 2473 multae.
1073 2423 1184 2473 Pauwius
1200 2424 1276 2473 suasit
1293 2426 1402 2490 κεφαλὰς,
1420 2422 1488 2472 visus

475 2521 520 2570 sibi
540 2510 595 2584 ejus
619 2519 729 2569 lectionis
752 2519 879 2585 vestigium
896 2518 921 2567 iu
938 2518 1035 2567 scholiis
1053 2518 1172 2569 veteribus
1189 2520 1300 2584 reperire.
1335 2520 1489 2583 Receperunt

475 2621 572 2685 κεφαλὰς
588 2616 724 2666 Boeclrhius
741 2615 823 2680 etqui
840 2632 893 2665 eum
912 2616 987 2665 secuti
1005 2621 1069 2665 sunt.
1097 2617 1236 2666 Hermanno
1254 2616 1345 2681 placuit
1362 2622 1489 2683 στεφάνας,

476 2712 572 2762 nominc
597 2712 643 2761 hoc
666 2729 680 2761 a
703 2700 808 2762 Pindaro
832 2712 945 2777 appellari
970 2712 1116 2762 existimanti
1139 2716 1232 2778 partem
1255 2713 1340 2778 capitis
1363 2729 1428 2772 eam,
1446 2712 1489 2763 cni

475 2824 564 2858 corona
586 2808 760 2880 imponeretur:
778 2807 849 2872 idque
866 2808 957 2873 recepit
974 2808 1134 2858 hhlwardtus.
1169 2808 1241 2858 Certe
1256 2808 1337 2857 Julius
1354 2808 1441 2858 Pollux
1459 2807 1490 2861 Ii.

476 2904 503 2953 Π
524 2904 556 2953 39
580 2908 606 2955 τὸ
629 2904 653 2954 δὲ
669 2904 761 2969 μεταξὺ
776 2910 816 2954 τοῦ
826 2906 885 2955 ’ἰνίον
905 2908 943 2955 καὶ
960 2908 1002 2955 τοῦ
1016 2910 1151 2973 βρέγματος
1169 2911 1278 2971 στεφάνην
1293 2907 1392 2956 καλοῦσι.
1425 2904 1489 2954 Kar·

476 2999 567 3049 stenius
584 2998 609 3047 in
627 2998 756 3063 specimine
774 2998 900 3048 Pindarico
918 3000 1095 3049 commendavit
1112 3006 1248 3069 κροτάφους,
1265 3015 1404 3066 comparans
1421 3001 1488 3049 Aua·

476 3098 612 3152 creontem,
635 3094 680 3144 Od.
701 3094 734 3144 42
751 3099 776 3143 ct
793 3096 816 3144 6.
850 3096 973 3160 Scriptura
990 3112 1030 3154 ea,
1054 3112 1125 3160 quam
1142 3112 1186 3145 uos
1204 3096 1338 3160 sequimur,
1356 3098 1392 3144 est
1412 3094 1487 3144 etiam

476 3189 539 3256 apud
564 3189 719 3254 Gregorium,
746 3190 802 3240 dial.
827 3191 885 3241 Dor.
911 3191 952 3241 28.
977 3191 1125 3261 Hartungius
1147 3207 1191 3255 pro
1214 3198 1286 3261 χέρας
1303 3173 1490 3253 decoujectnra

477 3285 552 3335 edidit
568 3292 637 3354 κάρα.

512 3380 568 3434 137.
594 3386 616 3431 ἐν
631 3381 657 3430 in
674 3380 814 3445 quibusdam
832 3382 952 3431 codicibus
968 3381 1178 3446 praetermittitur.

515 3479 567 3528 [38.
593 3485 681 3547 Κρόνος.
715 3478 743 3526 lu
766 3478 907 3542 quibusdam
930 3478 1065 3537 codicibus,
1088 3477 1113 3526 i'u
1137 3478 1223 3542 quibus
1248 3478 1300 3529 Pal.
1323 3479 1357 3537 Ο,
1383 3485 1418 3528 est
1443 3495 1490 3544 pro

477 3575 523 3624 hoc
548 3575 643 3623 nomine
666 3584 723 3631 Γᾶς,
746 3578 771 3622 et
792 3574 817 3622 iu
840 3573 924 3622 iisdem
946 3590 981 3622 ve.
1008 3574 1216 3638 Ιοοοπατυρτο
1234 3576 1373 3643 ὑπέρτατον,
1391 3579 1491 3639 etpost

478 3672 568 3737 ἐχοίσας
591 3669 694 3733 positum
721 3678 783 3727 παῖς.
816 3672 987 3734 Agnoscuutur
1011 3685 1038 3718 ea
1060 3669 1085 3719 iu
1108 3669 1227 3719 veteribus
1245 3670 1356 3729 scholiis,
1373 3674 1445 3735 atque
1462 3671 1489 3720 iu

478 3765 601 3814 lemmate·
613 3770 650 3815 cst
670 3737 749 3814 etiam·
766 3776 815 3825 Γῆς.
849 3766 947 3830 Didymi
964 3767 1062 3815 affertur
1079 3766 1218 3830 explicatio,
1236 3766 1341 3817 Crounm
1359 3767 1488 3832 significari

478 3860 647 3921 existimantis,
664 3862 751 3911 Terrae
767 3862 857 3920 tilium,
874 3863 954 3911 Rheae
971 3863 1091 3913 maritum.
1117 3863 1270 3913 Aristarchus
1287 3880 1342 3913 vero
1359 3865 1388 3914 ad
1399 3864 1487 3914 Jorem

480 3957 563 4008 retulit
588 3961 612 4006 ct
637 3958 731 4021 scripsit
756 3967 832 4017 πόσιος
857 3975 900 4024 pro
925 3966 998 4017 πόσις.
1033 3960 1143 4008 Paunius
1166 3976 1193 4009 er
1216 3971 1259 4025 γᾶς
1282 3961 1382 4025 conjecit
1405 3970 1489 4027 palpas.

479 4054 602 4117 Kayserus
620 4053 736 4118 conjecit:
754 4058 777 4104 3ο
792 4075 819 4118 γε
835 4064 889 4112 παῖς
905 4061 955 4122 ἔχει
972 4064 1028 4114 Γᾶς,
1046 4055 1121 4118 ejecto
1139 4062 1225 4124 πατὴρ,

515 4149 571 4197 138.
598 4154 693 4216 ἕτοιμον.
729 4151 765 4199 ltu
783 4150 827 4200 hoc
845 4151 938 4214 quidem
950 4149 1003 4199 loco
1015 4150 1069 4200 libri
1081 4155 1123 4199 aut
1135 4167 1229 4209 omnes,
1241 4155 1283 4199 aut
1294 4155 1389 4215 praeter
1401 4166 1490 4210 uuum,

481 4244 636 4302 Vaticanum.
654 4245 722 4310 cujus
739 4246 879 4310 scripturam
897 4263 944 4295 nou
962 4246 1019 4295 satis
1036 4251 1102 4296 certo
1119 4246 1229 4310 cognovi.
1263 4246 1397 4294 Schmidius
1414 4245 1491 4295 edidit

480 4341 584 4405 tenipus,
602 4341 673 4405 idque
690 4357 760 4389 causa
777 4342 856 4391 addita
873 4342 1046 4391 commendavit
1063 4341 1205 4390 Boeckhius.
1238 4341 1288 4389 Nec
1311 4340 1378 4389 valde
1394 4356 1488 4405 pugno,

482 4434 500 4484 si
518 4436 570 4501 quis
588 4436 612 4486 id
628 4441 697 4501 putet
714 4436 806 4486 melius.
841 4438 879 4487 01.
897 4438 916 4486 l.
935 4438 991 4487 lll.
1009 4438 1096 4486 hubent
1112 4437 1208 4501 quidem
1220 4436 1288 4495 libri,
1300 4441 1414 4500 quantum
1426 4436 1488 4497 acio,

482 4532 584 4605 troipas„
612 4532 682 4590 (loni,
700 4533 732 4583 ll.
749 4532 776 4585 L.
794 4533 898 4596 Ahreua,
916 4533 945 4582 de
963 4533 1024 4585 Dial.
1041 4533 1099 4582 Dor.
1117 4536 1128 4598 5
1146 4534 1172 4581 3.
1192 4532 1232 4586 12.
