3767 5534
914 696 953 758 77

468 892 566 958 monn?
606 894 674 959 Imo
705 915 776 959 varo
807 893 971 957 contemsit
1002 891 1216 976 loquacitatem
1244 913 1365 969 corum,
1390 891 1445 976 qui

466 1032 536 1093 quun
558 1013 652 1077 multa
681 1012 885 1098 accepissent,
918 1019 1021 1075 tamen
1049 1032 1111 1074 nen
1142 1016 1283 1093 saperent
1305 1032 1362 1074 nec
1384 1031 1447 1074 mo-

464 1126 518 1191 dun
536 1138 629 1195 tenere
653 1131 775 1194 scirent.
824 1128 977 1213 Cognovit
999 1129 1065 1213 ipse
1088 1149 1208 1191 omnem
1232 1126 1391 1191 historiam
1415 1134 1446 1191 et

461 1248 605 1330 mythorum
636 1257 835 1313 vetustatem:
868 1244 1093 1313 Eleusiniorum
1124 1270 1277 1311 sacrorum
1300 1248 1447 1311 initiatio·

459 1385 512 1427 nen
534 1369 606 1432 tanti
637 1368 726 1445 fecit,
759 1376 796 1431 nt
825 1367 949 1431 beatum
980 1366 1167 1451 praedicaret
1198 1388 1285 1443 eum,
1318 1367 1372 1450 qui
1396 1366 1444 1429 his

459 1481 512 1545 visis
530 1485 622 1554 abiret
644 1487 677 1549 in
700 1486 833 1564 inseror,
859 1508 955 1570 quum
975 1487 1168 1570 cognovisset
1184 1507 1279 1549 novae
1295 1485 1446 1570 principia

456 1600 531 1667 vitae:
548 1606 570 1689 ¹)
592 1606 769 1692 complexus
793 1614 873 1669 certe
897 1629 952 1669 sua
974 1606 1114 1670 doctrina
1129 1612 1193 1683 est,
1211 1603 1361 1690 quidquid
1379 1610 1444 1667 erat

454 1722 556 1803 cognitu
585 1723 724 1809 dignum.
760 1725 819 1788 Ast
841 1725 874 1788 in
897 1724 953 1788 illo
977 1724 1116 1788 doctrina
1140 1724 1201 1786 vim
1223 1723 1376 1807 promovit
1398 1722 1444 1785 in·

451 1837 529 1904 sitam
574 1840 712 1906 Naturae
735 1842 845 1907 tribuit
867 1844 934 1928 ipse
958 1841 1142 1927 plurimum:
1165 1840 1276 1905 natnrt
1298 1840 1359 1903 fuit
1382 1839 1445 1903 veri

450 1954 612 2042 intelligens.
630 1960 655 2043 2)
692 1958 824 2024 Caecum
854 1982 906 2025 cor
936 1960 1029 2025 habet
1053 1960 1163 2044 vulgus
1186 1958 1363 2023 mortalium
1386 1978 1443 2021 neo

447 2076 587 2140 vennam
616 2077 781 2162 intelligit,
799 2079 824 2162 3)
856 2086 887 2141 et
916 2088 1018 2142 tamen
1052 2100 1158 2141 sumus
1182 2078 1304 2161 cognati
1328 2076 1406 2141 Diis.
1419 2078 1446 2160 4)
1514 2099 1518 2105 ¹

444 2190 551 2258 Scilicet
581 2216 616 2257 ea
647 2197 788 2279 cognatio
816 2196 849 2260 in
876 2196 982 2260 multis
1006 2202 1037 2260 et
1060 2196 1137 2281 proh
1161 2195 1264 2259 dolorl
1291 2194 1444 2279 plerisque

441 2308 605 2376 hominibus
636 2312 728 2377 latet:
761 2315 793 2377 in
824 2315 929 2398 paucis
961 2321 1087 2399 apparet
1118 2320 1149 2377 et
1175 2318 1278 2398 aperta
1305 2320 1368 2377 est:
1393 2312 1443 2390 hi,

438 2448 540 2513 magno
564 2430 689 2513 ingenio
714 2438 745 2494 et
767 2440 894 2510 natura,
918 2432 1059 2495 feruntur
1074 2453 1184 2515 magno
1201 2430 1305 2494 studio
1320 2429 1447 2493 meliora

436 2545 566 2625 dicendi,
591 2570 648 2612 neo
671 2548 840 2634 quidquam
863 2556 989 2626 emant,
1014 2548 1106 2613 modo
1122 2549 1195 2612 huie
1211 2547 1314 2612 studio
1331 2547 1445 2612 obtem·

434 2672 554 2748 petent:
578 2689 641 2730 non
665 2675 796 2751 possunt
819 2668 959 2732 occulere
981 2689 1096 2731 morem
1111 2669 1248 2731 insitum.
1266 2670 1291 2752 5)
1326 2666 1373 2730 Ex
1389 2666 1446 2729 hoc

433 2782 490 2847 fnit
511 2807 621 2869 genere
643 2785 812 2865 PindamS,
829 2794 987 2871 praestans
1004 2788 1117 2850 virtute
1134 2794 1164 2849 et
1179 2786 1313 2871 ingenio.
1337 2784 1447 2849 Exem-

433 2901 516 2985 plum
538 2904 657 2967 exstitit
679 2905 745 2989 ipse
767 2905 852 2968 illius
876 2906 1064 2981 sententiae,
1087 2927 1179 2989 quam
1194 2905 1331 2988 aperuit,
1350 2904 1445 2967 homi·

432 3019 520 3084 nibus
543 3043 609 3085 esse
633 3044 702 3085 eum
724 3022 792 3086 Diis
808 3024 1021 3107 cognationem
1038 3029 1068 3087 et
1084 3022 1325 3087 similitudinem.
1350 3020 1442 3101 Quod

433 3139 547 3202 utinam
579 3139 743 3224 aliquando
775 3142 878 3205 cuncti
906 3142 1050 3205 mortales
1081 3141 1275 3225 intelligant,
1301 3147 1332 3204 et
1354 3163 1442 3225 posse

434 3253 523 3318 alium
548 3262 700 3340 praestare
724 3256 790 3335 alii,
815 3257 867 3321 sed
892 3265 994 3323 tamen
1011 3258 1145 3343 ejusdem
1161 3280 1216 3322 nos
1233 3280 1297 3321 esse
1313 3258 1442 3341 generis.

896 3495 973 3579 aa.

650 3728 834 3809 Comparatio
857 3729 986 3794 Pindari
1009 3753 1072 3795 cam
1095 3730 1228 3795 Homero.

475 3959 666 4026 Conantibus
685 3965 840 4049 propriam
855 3964 980 4030 Pindari
996 3969 1162 4052 sapientiae
1178 3969 1327 4032 rationem
1343 3975 1442 4031 osten·

431 4076 501 4143 dere
516 4081 616 4143 visum
632 4081 720 4146 nobis
736 4090 783 4172 est
797 4084 942 4150 adhibere
959 4088 1216 4171 comparationem
1232 4086 1370 4151 Homeri.
1396 4086 1443 4150 De

466 4379 490 4442 1)
510 4380 605 4445 Fragor.
622 4382 701 4447 Hayn.
718 4386 771 4436 Ine.
790 4385 837 4447 96,
855 4387 963 4439 Boeolrh.
983 4389 1066 4439 Peren.
1085 4390 1108 4440 Β.
1208 4390 1233 4452 2)
1251 4389 1323 4440 Conf.
1336 4390 1443 4455 papea.

466 4474 489 4535 ³)
506 4477 573 4527 nem.
596 4478 653 4528 νη.
673 4477 713 4530 aa.
810 4483 838 4544 4)
855 4485 920 4533 nea.
942 4486 982 4534 m.
1001 4486 1024 4534 1.
1207 4487 1231 4548 a)
1251 4485 1288 4535 οι.
1305 4486 1385 4536 sarr.
1403 4484 1443 4535 re.
