3767 5534
987 727 1050 790 554

1016 929 1138 1009 τύρεοτν
1161 930 1214 1006 μὲν

671 1050 796 1122 Τεῦκρος
819 1046 889 1121 παρ’
912 1048 981 1121 ἡμῖν
1003 1046 1080 1120 τήνδ’
1103 1048 1267 1124 ἐπιστήμην
1290 1047 1382 1127 ἔχων,

671 1161 729 1237 ἐγώ
752 1159 788 1237 θ’,
811 1158 840 1232 ὃς
863 1158 944 1237 οἶμαι
967 1169 1018 1228 σοῦ
1041 1163 1138 1227 κύκνον
1160 1164 1237 1228 οὐδὲν
1259 1162 1296 1228 ἂν

671 1278 779 1344 τούτου
801 1278 948 1359 κρατύνειν
971 1280 1040 1357 μήδ’
1063 1282 1200 1346 ἐτνύύνενν
1222 1282 1299 1362 χερί.

516 1395 557 1458 Et
580 1396 684 1481 aliquo
707 1396 798 1461 modo
822 1397 926 1482 Apoll.
951 1398 1010 1462 Rh.
1035 1399 1109 1483 Arg.
1133 1397 1168 1462 Π
1191 1402 1256 1463 333

580 1501 582 1503 V
672 1511 704 1580 εὖ
726 1518 920 1588 καρτύναντες
943 1517 1006 1587 ἑαῖς
1030 1519 1067 1580 ἐνὶ
1091 1517 1192 1598 χερσὶν
1214 1517 1333 1596 ε’ρετραύ.

567 1634 637 1698 137.
672 1633 924 1711 ’carralem
950 1633 1121 1700 Scholiasta
1141 1643 1243 1700 vetus:
1264 1634 1463 1711 Ὀλνρανύύδαν
1479 1657 1532 1697 κα·

517 1757 635 1816 λοῦνται
662 1754 743 1817 κατα
773 1754 935 1833 Φρατρίαν,
965 1758 1001 1826 ὥς
1030 1753 1063 1818 τὸ
1093 1754 1230 1818 οὶνέκαύεν
1258 1752 1335 1823 ὄντες
1365 1752 1425 1816 aab
1449 1752 1533 1817 Ὀλο-

516 1870 619 1945 raiae
642 1871 718 1941 τινὸς
742 1873 877 1952 οὶρχοιίου.

565 1990 637 2054 137.
673 1990 826 2070 ἐπίκουρος.
859 1991 960 2055 Aliter
983 1989 1210 2076 quodammodo
1234 1988 1334 2053 Musis
1358 1995 1451 2073 atque
1467 1986 1531 2051 Oli·

518 2106 679 2191 gaethidis.
712 2106 800 2172 Conf.
835 2108 873 2173 ad
904 2107 955 2172 Ol.
980 2108 1028 2173 IX
1055 2111 1127 2172 124.
1173 2108 1263 2173 Ἑκύν
1286 2114 1317 2171 et
1340 2106 1379 2170 ad
1401 2105 1478 2183 ἔβαν
1501 2114 1532 2169 et

518 2223 556 2287 ad
580 2226 722 2304 ἐπίκουρος
748 2226 935 2310 adjungitur.
962 2226 1050 2290 Gonf.
1076 2229 1117 2289 69
1141 2224 1218 2297 ἴδιος.

566 2344 638 2406 138.
673 2343 785 2420 Ἰσθμοῖ
803 2344 845 2409 τού
867 2348 895 2409 τ’
917 2347 946 2409 ἐν
969 2343 1082 2426 Νεμέα.
1125 2342 1283 2407 Sententia
1306 2341 1432 2426 quidem
1447 2340 1531 2404 haud

519 2459 639 2524 dffioilis
669 2460 827 2525 intellectu
852 2469 912 2539 est,
937 2484 969 2525 se
993 2462 1095 2526 venire
1117 2461 1291 2525 ministrum
1315 2460 1477 2524 Musarum
1500 2467 1530 2523 et

518 2577 687 2663 adjutorem
712 2578 934 2663 Oligaethidis,
960 2580 1065 2644 laudes
1088 2600 1194 2643 eorum
1217 2579 1250 2643 iu
1272 2577 1393 2642 Isthmo
1418 2584 1449 2641 et
1469 2575 1530 2641 Ne·

518 2719 601 2761 meae
625 2705 793 2783 reportatas
817 2698 1058 2764 celebraturum:
1085 2697 1138 2761 sed
1162 2698 1260 2764 oratio
1284 2719 1356 2760 sane
1379 2717 1527 2782 perquam

518 2816 649 2901 abrupta
671 2826 726 2882 est.

569 2936 639 2999 140,
674 2934 792 3016 ἔξορκος.
839 2940 909 3003 Alio
939 2940 1095 3025 exemplo,
1121 2946 1271 3024 quantum
1295 2938 1375 3013 scio,
1401 2936 1459 3001 hoc
1483 2957 1531 2999 vo·

403 3132 407 3140 ‚
518 3052 660 3123 eubulum
683 3068 781 3125 caret:
807 3065 837 3126 et
861 3057 956 3124 schol.
982 3066 1041 3123 vet.
1065 3058 1138 3128 ἰδίους
1158 3057 1216 3139 ἔφη
1237 3055 1355 3134 ἔξορκος.
1381 3053 1531 3137 Argutiua

518 3180 551 3243 in
574 3179 670 3246 altero
692 3180 808 3244 scholio
833 3186 932 3243 vetere
956 3185 1003 3241 est
1026 3176 1189 3261 explicatio
1213 3174 1358 3252 ἐξαίρετος
1377 3168 1467 3248 ὅρκος.
1484 3170 1530 3233 De

518 3298 669 3362 sententia
692 3297 738 3361 Cf.
763 3296 813 3361 Ol.
837 3297 872 3360 Il
899 3298 978 3372 166,
1004 3293 1051 3357 VI
1074 3297 1136 3370 34,
1160 3291 1262 3356 xlc.

565 3419 639 3480 141.
674 3414 843 3491 ἓξακοντύκν
874 3414 1087 3496 ἀμφοτέρωθεν.
1134 3411 1175 3475 Et
1205 3411 1238 3474 in
1269 3408 1389 3474 Isthmo
1413 3414 1445 3471 et
1468 3403 1530 3468 Ne-

400 3549 403 3557 “
517 3557 612 3599 meae.
658 3534 717 3599 sed
745 3535 836 3598 nimis
868 3532 1024 3597 subtiliter
1056 3529 1222 3593 scholiasta
1253 3535 1341 3591 vetus
1376 3532 1531 3607 utrasque

519 3654 660 3718 victorias
683 3660 842 3737 computat
864 3651 960 3715 fuisse
982 3669 1109 3712 numero
1133 3646 1270 3730 triginta.
1295 3642 1451 3707 Credibile
1467 3662 1533 3705 esso

480 3807 482 3809 ·
518 3772 654 3849 videtur,
680 3794 697 3834 a
720 3770 815 3834 Poeta
839 3792 1003 3835 numerum
1026 3766 1194 3831 rotundum
1217 3764 1354 3849 positum
1379 3782 1454 3824 esse.

567 3894 639 3955 143.
674 3889 734 3965 βοοὶ
764 3889 894 3969 κάρυκος.
940 3888 969 3949 Α
1000 3882 1184 3969 quibusdam
1216 3881 1275 3944 hoc
1306 3879 1438 3944 hahetur
1466 3875 1536 3940 sub-

515 4012 631 4094 jectum
655 4009 738 4073 verbi
761 4008 931 4079 ἕτέσσετοα,
965 4010 996 4066 et
1017 4001 1126 4081 ἔξορκος
1149 4022 1204 4084 pro
1228 3998 1397 4083 adjectivo,
1422 4002 1454 4060 ct
1477 3994 1536 4058 hoc

519 4126 610 4190 modo
645 4125 813 4208 exphcant:
851 4120 1091 4206 adstipulabitur
1125 4117 1201 4181 mihi
1235 4137 1306 4178 vera
1337 4117 1443 4197 jurata
1473 4132 1532 4173 vox

520 4242 678 4327 praeconis
707 4242 842 4325 sexagies
872 4241 1030 4321 utrimque
1062 4235 1184 4299 audita:
1218 4232 1333 4316 scripto
1356 4230 1395 4293 de
1419 4230 1537 4313 conjec-

520 4368 590 4422 tura
620 4359 653 4432 δή
685 4380 739 4442 pro
769 4359 837 4438 ροὶρ.
885 4355 1015 4432 Melius,
1038 4335 1081 4417 ¹ut
1105 4351 1213 4428 credo,
1238 4348 1405 4414 scholiasta
1427 4353 1535 4410 vetus:

521 4478 614 4542 λείπει
636 4476 670 4541 τὸ
692 4475 876 4557 Ἀνεκήρυξεν
899 4474 1016 4545 αὐτούς.
1064 4470 1258 4555 Adjectivum
1281 4467 1473 4543 ἁδύγλωσσος
1499 4461 1538 4529 ad
