3767 5534
817 694 878 761 127

518 899 616 978 Πισσοὶ
637 900 760 982 φρονέων
783 899 851 973 Διὸς
873 897 948 965 cluss
971 870 1103 980 πανδόκςο
1308 902 1348 962 30

514 1018 621 1085 ”Atesi
644 1019 814 1100 nesapium
838 1019 982 1101 Φύτενμοι

522 1139 605 1208 Emis
627 1139 779 1220 ἀνθρώποις
803 1135 949 1220 στέφανόν
970 1135 998 1201 τ’
1017 1139 1134 1219 vipereis.

517 1257 593 1334 ’Ἤδη
615 1258 676 1340 κᾶν
699 1259 795 1339 αὐτῷ,

335 1547 412 1596 docet
435 1546 557 1610 Heyuius,
580 1548 699 1610 Kayserns
715 1549 794 1595 sutem
811 1545 876 1605 silet,
894 1548 931 1594 est
947 1548 1017 1609 λόγω,
1034 1548 1058 1594 ct
1074 1549 1195 1609 praeterea
1213 1545 1236 1594 in
1255 1545 1355 1595 nonnul·

333 1642 377 1692 lis.
416 1642 444 1689 lu
462 1641 552 1690 scholio
569 1646 650 1690 vetere
666 1641 696 1691 sd
712 1643 785 1692 πιστὰ
802 1646 896 1710 φρσνέοιν
915 1641 1028 1691 scribitur
1047 1644 1135 1710 φιλικῶς
1152 1640 1356 1707 bramburiensi

336 1740 425 1789 πείθων
440 1740 505 1805 λόγῳ.
539 1738 626 1787 Verum
643 1737 699 1786 iude
716 1753 764 1787 non
781 1741 895 1802 sppsret,
918 1736 1071 1786 scholiastam
1087 1736 1112 1785 in
1131 1736 1193 1786 libro
1210 1753 1253 1787 suo
1271 1737 1356 1803 legisse

339 1838 413 1898 λογον,
432 1849 515 1882 verum
536 1833 663 1898 explicasse
686 1833 792 1893 videtur,
819 1833 996 1899 pemuasionem
1014 1833 1100 1883 iactam
1117 1849 1168 1882 esse
1184 1833 1291 1883 oratione
1308 1834 1358 1883 sine

339 1929 379 1977 vi:
407 1928 527 1994 quomodo
553 1928 625 1978 etism
649 1934 686 1977 est
710 1929 735 1977 in
758 1929 834 1978 altero
857 1928 962 1988 scholio,
986 1933 1060 1981 πειθοῖ
1082 1932 1120 1981 καλ
1144 1933 1170 1980 οὐ
1191 1932 1250 1997 βίᾳ,
1270 1929 1304 1979 διδ
1321 1932 1357 1980 καλ

340 2026 533 2083 ἔπεισεν-αὖτώς.
567 2026 600 2075 ut
617 2026 641 2076 in
659 2025 749 2075 scholio
765 2026 911 2076 recentiore:
934 2029 1009 2092 ὅστις,
1029 2032 1093 2091 ἤγουν
1110 2029 1123 2077 δ
1138 2026 1266 2096 Ἡρακλῆς,
1285 2033 1357 2078 πιστὰ

341 2142 362 2169 κ.
380 2143 404 2171 τ.
422 2126 457 2178 λ,
480 2120 605 2170 manifesto
627 2121 689 2180 ὅστις
712 2126 749 2171 est
765 2122 891 2186 explicatio
909 2122 1057 2187 pronominis
1074 2127 1120 2187 ὅγε.
1154 2119 1354 2173 Boeckhins'non

341 2217 470 2266 ferendum
486 2231 537 2266 esse
551 2216 644 2281 judicat
659 2217 752 2267 histum
769 2221 896 2288 θεράποντα
912 2218 959 2283 ὅγε.

375 2313 417 2362 30.
443 2316 510 2364 αἴτει.
545 2313 612 2362 Libri
630 2314 668 2363 vel
684 2314 742 2373 hoc,
760 2314 798 2363 sel
816 2314 884 2365 αδτεῖῖ
917 2313 969 2363 Pel.
987 2312 1006 2361 C
1024 2318 1083 2371 ires,
1102 2316 1129 2362 ut
1146 2314 1214 2361 notat
1228 2312 1354 2375 Kayserus.

339 2408 496 2468 Eustathius‚
519 2409 556 2459 od.
578 2409 607 2460 Il.
631 2410 668 2458 lll
688 2409 918 2459 sessanum
936 2409 1000 2469 320,
1023 2413 1048 2458 et
1066 2407 1194 2471 Gregorius
1215 2406 1354 2456 Corinthius

342 2504 372 2553 de
390 2504 449 2553 dial.
465 2505 524 2553 Dor.
542 2508 552 2566 ς
570 2506 660 2565 xxxl,
677 2508 811 2555 memorent
828 2510 904 2563 αἴτει,
923 2510 948 2555 et
965 2505 1054 2554 hahent
1065 2520 1108 2568 pro
1120 2503 1202 2552 dativo
1214 2501 1357 2551 substantivi

340 2600 418 2657 αἴσας,
446 2601 509 2663 qnod
534 2600 656 2665 explicant
679 2608 787 2667 τέμενος,
814 2602 957 2666 ἐνδιαίτημα.
991 2600 1099 2665 Gregorii
1124 2599 1229 2648 codicem
1256 2597 1356 2662 Regium

342 2696 433 2746 habere
457 2701 525 2755 ἅλεος
547 2702 571 2747 et
595 2702 660 2750 ἄλσει
680 2703 780 2748 annotat
797 2698 915 2748 Kocnius:
934 2702 1079 2762 quopropter
1096 2696 1228 2753 existimet,
1245 2695 1269 2742 in
1288 2710 1357 2742 versu

342 2798 461 2858 sequente
483 2794 634 2843 scribendum
657 2810 707 2844 esse
728 2798 794 2847 ἄλσει
817 2810 860 2859 pro
885 2797 958 2846 ἄλσει.
991 2793 1080 2842 Verum
1105 2797 1170 2843 ἅλτιι
1194 2808 1241 2841 uon
1264 2792 1357 2839 sorets

342 2889 496 2939 nominativo
519 2894 598 2949 ἄλσος,
622 2905 704 2940 verum
726 2896 798 2949 ἀλεις.
831 2890 876 2939 Est
899 2891 993 2955 quidem
1018 2888 1057 2939 01.
1075 2889 1096 2937 x
1114 2890 1144 2937 55
1162 2892 1214 2957 περὶ
1233 2888 1256 2938 δὲ
1274 2889 1358 2946 πάξαις

334 2984 430 3044 1Ἄλτιν,
454 3001 537 3035 verum
560 2985 647 3035 ibidem
668 2986 698 3034 53
717 2991 796 3049 ζάθεον
812 2989 893 3044 ἄλσος,
911 2989 936 3034 et
953 2984 993 3035 Ol.
1010 2984 1072 3033 VIII
1097 2984 1128 3032 12
1152 2989 1224 3042 Πίσας
1247 2985 1358 3052 εὔδενδρον

339 3081 378 3131 ἐπ’
397 3083 476 3147 Δλρεῷ
492 3084 560 3139 ἄλσος
603 3081 631 3129 ln
654 3080 751 3130 scholiis
773 3081 884 3131 omnibus
903 3082 1021 3145 scriptura
1039 3084 1100 3132 αἵεει
1117 3080 1220 3147 πανδόκῳ
1237 3082 1313 3137 ἄλσει,
1330 3076 1357 3128 'et

340 3176 456 3241 occupati
473 3181 533 3225 sunt
549 3176 699 3235 scholiastae,
724 3181 773 3226 tam
790 3176 815 3224 in
835 3178 906 3225 verbo
924 3181 985 3229 αἴτει
1002 3192 1073 3240 qnam
1089 3175 1115 3224 in
1133 3174 1280 3224 substantivo
1293 3177 1358 3225 ἄλσει

337 3271 492 3337 explicando.
526 3271 678 3321 Ahlwsrdtns
700 3271 776 3321 edidit
798 3271 936 3330 Διδς”λλτει
955 3272 1055 3340 πανδόκῳ
1073 3273 1144 3323 ἄλσει.
1178 3270 1210 3319 ut
1227 3273 1291 3321 ἄλσιν
1308 3270 1358 3333 qni·

340 3367 399 3417 dem
422 3366 482 3416 dicit
502 3382 553 3415 esse
576 3366 602 3415 in
622 3368 681 3417 Mss.
705 3366 882 3432 Neapolitanis:
901 3371 926 3416 et
942 3366 1011 3416 effert
1029 3382 1056 3415 ex
1073 3367 1155 3430 Etym.
1172 3366 1260 3430 Magno
1277 3368 1357 3425 olleo,

338 3466 387 3520 τὴν
405 3465 505 3521 αὔξησιν.
538 3462 583 3511 ilat
599 3462 645 3512 hoc
661 3462 687 3511 in
704 3478 733 3511 eo
750 3462 811 3512 libro
828 3463 853 3511 in
871 3478 928 3512 vocs
946 3467 1021 3523 ἀλωή,
1044 3463 1126 3527 ibique
1142 3467 1288 3511 memoratur
1306 3477 1357 3510 ver-

340 3559 403 3607 hum
421 3560 498 3609 σλλδοιε
516 3561 541 3607 et
557 3558 667 3611 ἀλδαίνειν
683 3558 819 3623 explicetur
835 3561 919 3619 αὔξειν.
952 3560 985 3610 nt
1002 3560 1135 3623 Hesychius
1152 3559 1356 3615 hebetatorum,

338 3655 434 3719 αὔξειν,
459 3658 510 3719 ἀπὸ,
528 3666 569 3713 τῆς
591 3658 691 3720 eliseos,
715 3658 804 3708 δὲστιν
828 3658 950 3715 αὐξήσεως.
983 3656 1014 3705 Et
1036 3659 1122 3714 ἄλσεα,
1138 3663 1204 3707 τόποι
1221 3659 1277 3723 πρὸς
1294 3658 1359 3705 ἄλσιν

338 3754 381 3800 καὶ
398 3752 490 3808 οολξησιν
506 3762 550 3801 τῶν
565 3760 638 3817 φυσῶν
652 3752 714 3809 ὄντες
729 3753 870 3810 ἐπιτήδειοι..

379 3845 421 3895 31.
447 3854 545 3915 σκιαρόν.
578 3847 677 3912 legitur
694 3847 765 3897 etiam
784 3849 876 3917 σκιερόν.

375 3941 417 3991 32.
443 3948 538 4011 ἀρετᾶν.
571 3942 679 4008 Heynius
696 3950 794 4014 ἀρετᾶς,
813 3944 967 3993 Ahlwardtns
983 3948 1085 4012 δρεταῖς.
1118 3942 1184 3991 Libri
1201 3941 1307 3991 uariant:
1321 3945 1356 3990 est

343 4036 420 4085 etiam
437 4036 462 4085 in
479 4036 559 4101 aliquo
576 4044 671 4106 ἀρετῶν.
704 4040 733 4088 ln
751 4038 848 4088 scholiis
864 4044 915 4089 tam
932 4037 1059 4103 singularis
1071 4053 1142 4101 quom
1153 4036 1252 4101 pluralis
1264 4035 1356 4086 numeri

344 4135 463 4196 apparent
479 4132 657 4196 explicationes.

377 4226 419 4277 3³.
444 4229 514 4295 κολεῷ.
548 4230 578 4277 Δ.
594 4228 705 4289 Becker,
721 4228 748 4277 in
765 4229 906 4295 Philologo‚
924 4227 989 4278 Anni
1010 4226 1058 4286 IV,
1075 4226 1197 4275 Fasciculo
1215 4225 1265 4285 lIl,
1284 4226 1358 4275 Goet-

343 4320 426 4385 tingae
444 4322 521 4382 1849,
545 4339 569 4387 p.
585 4324 649 4373 488:
676 4324 759 4382 „Luna
775 4324 875 4373 Herculi
891 4325 1031 4391 ἀνεεφλιγειν
1047 4338 1095 4371 non
1112 4321 1192 4386 potnit
1209 4321 1253 4369 nisi
1271 4324 1296 4369 et
1312 4320 1356 4385 ipsi

344 4417 448 4466 ardenti.
481 4417 561 4483 Quare
584 4435 627 4484 pro
650 4423 713 4485 αὐτῷ
729 4419 864 4483 scripserim
882 4424 956 4484 αιἐρᾷ,
974 4435 1007 4470 sc.
1023 4418 1098 4483 ignis,
1116 4433 1162 4481 quo
1181 4433 1237 4465 usus
1254 4416 1357 4481 primum

345 4511 489 4561 sacrificium
512 4513 538 4562 in
559 4514 674 4564 altaribus
689 4516 745 4564 Jovi
763 4516 853 4566 obtulit
870 4515 1010 4567 Hercules.”
1043 4514 1157 4578 Argutius
1175 4512 1269 4561 videtur
1286 4528 1356 4577 quam

1010 4686 1024 4718 0
