3767 5534
905 722 968 783 381

435 933 552 1010 septem
582 923 663 1008 rogis
694 926 795 985 essent
826 889 1010 984 consumtai
1035 920 1191 983 conferens
1215 918 1307 1003 Hom.¹
1331 918 1370 982 Π.
1394 916 1442 981 VI

435 1045 497 1107 331

522 1160 593 1225 ἀλλ’
617 1158 691 1242 θινιι,
715 1161 757 1234 μὴ
779 1158 868 1238 τοθχοι
892 1156 969 1223 ἄστυ
993 1159 1079 1238 τορὸς
1103 1157 1183 1231 δηίοιο
1206 1156 1334 1236 θέρντοιι·

434 1300 532 1362 neque
556 1279 635 1343 enim
659 1277 726 1361 rogi
749 1298 874 1361 corpora
897 1284 1097 1351 consumunt,
1123 1275 1175 1339 sed
1198 1274 1278 1359 ignis
1302 1296 1391 1358 rogos
1411 1281 1441 1337 et

433 1419 560 1482 corpora
594 1397 755 1460 consumit.
790 1395 903 1460 Tamen
927 1394 1108 1460 scholiastae
1138 1394 1247 1458 veteris
1278 1393 1439 1479 explicatio

433 1538 495 1580 non
519 1515 650 1581 absurda
672 1523 735 1591 est,
760 1520 796 1578 ut
818 1514 856 1578 ad
880 1537 912 1578 vs
937 1517 979 1577 66
1004 1513 1227 1578 annotabimus.
1244 1513 1265 1597 ¹)

480 1638 531 1697 25.
571 1636 599 1698 ἕν
633 1634 759 1712 Gallicae.
798 1633 897 1720 Prope
931 1632 1068 1710 Thebas,
1111 1634 1143 1697 in
1178 1654 1250 1716 agro
1284 1631 1439 1696 Thebano.

434 1753 579 1817 Similiter
609 1754 684 1817 dicit
713 1752 905 1831 Herodotus,
934 1753 1040 1816 Persas
1065 1776 1082 1816 a
1106 1752 1229 1817 Graecis
1254 1751 1349 1815 victos
1376 1773 1440 1815 esse

433 1874 463 1937 ἔν
485 1879 655 1951 Σοιλοιμῖνιε
680 1870 745 1935 VII
770 1874 844 1935 166.

479 1993 530 2055 26.
565 1991 663 2056 τοθθω.
699 1990 798 2055 Triste
822 1990 1004 2054 desiderium
1028 1998 1131 2054 notat:
1157 1989 1243 2054 affert
1259 1988 1440 2053 Karstenins

433 2109 589 2175 Gallinam
612 2110 797 2196 Ephesium,
824 2113 881 2189 16,
907 2111 1004 2175 virum
1028 2110 1185 2175 imbellem
1208 2118 1362 2173 mortuum
1378 2130 1441 2171 non

433 2250 497 2292 esse
521 2228 660 2307 ποθεινὸν,
684 2228 736 2292 sed

523 2348 585 2428 λοιῷ
609 2348 668 2427 γὰρ
691 2347 843 2422 σθμτωντι
865 2349 948 2421 τθθος
971 2350 1188 2429 κροιτερθφρονις
1210 2347 1306 2427 ἀνδρὸς

609 2467 783 2540 θνήσκοντος.

433 2582 521 2647 (loni.
545 2582 686 2669 Xenoph.
710 2586 809 2649 Aneb.
833 2584 869 2649 L.
894 2585 946 2649 HI
970 2586 1004 2650 O.
1029 2584 1046 2648 I
1069 2588 1109 2648 3:
1134 2588 1164 2649 οὐ
1180 2582 1441 2661 tantundemst

432 2703 487 2767 θεον
512 2705 566 2767 ὑπὸ
589 2705 683 2779 λθσνς
706 2705 756 2769 κιοὶ
776 2704 860 2769 τθθοο
883 2705 1026 2786 carpatur
1045 2703 1147 2783 νονθων
1163 2709 1305 2780 νονοιωιὶιν
1321 2701 1439 2766 τιιιθων.

432 2821 535 2885 Etiam
565 2822 674 2886 Aesch.
705 2823 788 2887 Pera.
815 2826 896 2901 512,
923 2826 996 2888 542.
1045 2822 1165 2902 Quodsi
1188 2830 1290 2886 autem
1313 2793 1463 2884 fortasse,

433 2941 619 3006 τελεσθέντων
642 2952 723 3006 recte
747 2965 764 3005 a
788 2942 949 3007 scholiasta
973 2957 1073 3007 vetere
1092 2941 1275 3027 explicatum
1293 2952 1352 3004 est:
1369 2963 1437 3004 nam

433 3066 542 3139 τελεῖν,
567 3062 722 3145 perficere,
747 3064 790 3125 ita
814 3084 848 3126 eo
872 3061 939 3125 loco
964 3062 1147 3146 significaret
1163 3083 1282 3145 parare,
1300 3059 1440 3123 ordinare
1477 3122 1479 3127 .

434 3189 464 3243 et
486 3180 553 3242 loco
576 3203 631 3243 suo
656 3182 856 3245 constituere:
882 3180 913 3244 id
938 3182 963 3244 si
987 3181 1030 3244 ita
1050 3189 1112 3257 est,
1130 3181 1313 3265 significaret
1330 3179 1440 3243 Adras-

433 3307 483 3361 tus
518 3299 694 3383 hujusmodi
726 3300 902 3385 Amphiarai
934 3300 1134 3376 desiderium,
1166 3307 1202 3363 nt
1231 3321 1288 3363 nec
1318 3307 1439 3363 mortno

434 3417 553 3483 debitos
584 3418 714 3483 honores
745 3420 914 3505 persolvere
946 3429 1057 3504 posset.
1105 3418 1211 3483 sumta
1242 3427 1344 3483 autem
1367 3419 1440 3483 haec

435 3560 499 3601 esse
522 3536 601 3602 dixit
624 3538 819 3622 Asclepiades
843 3561 859 3601 e
882 3538 1037 3603 Thebaide
1060 3536 1190 3622 Cyclica.

481 3659 532 3721 25.
568 3659 728 3739 θφθοιλμὸν.
764 3656 860 3742 Cyrus
890 3680 967 3742 puer
997 3657 1079 3743 apud
1109 3655 1300 3720 Herodotum
1330 3654 1348 3719 I
1376 3658 1439 3719 114

436 3776 537 3860 pueris
560 3798 687 3840 munera
709 3776 911 3854 distribuens,
938 3783 1044 3861 utpote
1068 3798 1137 3853 rex,
1162 3797 1256 3838 unum
1277 3774 1368 3859 jussit
1388 3776 1440 3855 θΦ-

435 3894 546 3970 θοιλμὸν
569 3894 706 3972 βοισιλέος
730 3892 810 3959 εἷνοιι.
843 3894 930 3959 Idem
955 3895 1134 3960 vocabulum
1158 3892 1208 3957 Ol.
1232 3891 1266 3956 II
1293 3894 1331 3955 18
1356 3892 1441 3976 poni·

469 4140 494 4201 1)
510 4140 540 4189 In
563 4140 630 4189 Neue
653 4141 736 4191 Jahrb.
755 4144 771 4190 f.
788 4142 877 4191 Philol.
895 4142 943 4190 und
962 4140 1124 4205 Paedagogili,
1142 4140 1210 4188 Baud
1228 4138 1259 4190 73
1277 4141 1300 4187 et
1318 4136 1363 4195 74,
1381 4136 1440 4185 Heit

436 4235 481 4293 12,
504 4252 528 4299 p.
551 4235 695 4296 tas-795,
722 4238 816 4301 scripsit
839 4237 952 4286 Wilhelm
969 4237 1160 4301 Furtwaengler:
1177 4252 1218 4284 zur
1235 4234 1316 4283 Kritik
1333 4233 1381 4282 und
1398 4232 1441 4281 Er·

434 4330 537 4395 llarung
554 4332 595 4381 des
612 4332 740 4381 Pindarus:
767 4349 810 4396 pro
828 4337 975 4385 τελεσθέντων
990 4332 1116 4397 legendum
1133 4335 1203 4396 putat
1220 4334 1384 4382 πελασθθντωνι
1402 4344 1440 4391 ge·

436 4426 506 4475 uitivi
529 4443 584 4476 cum
608 4429 680 4478 verbo
704 4432 809 4493 πελάζειν
831 4430 905 4493 positi
928 4430 997 4478 affert
1018 4427 1124 4492 exempla
1147 4428 1219 4491 Soph.
1238 4426 1300 4475 Phil.
1319 4424 1396 4483 1327,
1414 4428 1438 4473 et

436 4521 474 4585 ij.
493 4520 548 4573 coo.
681 4505 686 4521 ’
