3767 5534
918 722 982 780 420

447 950 532 991 rum:
557 926 634 991 nihil
658 924 807 1011 ejusmodi
830 932 932 989 ortum
956 946 973 987 a
996 923 1188 1012 Tlepolemo:
1207 933 1333 1011 apparet
1347 925 1406 988 hoo
1421 945 1460 989 ex

446 1048 597 1125 Aristide,
622 1048 676 1131 qui
699 1045 836 1109 Rhodios
859 1045 1015 1130 appellans
1039 1045 1086 1109 his
1103 1047 1200 1111 verbis
1218 1047 1335 1110 utitur:
1352 1045 1387 1112 σθ
1404 1050 1459 1123 μὲν

443 1169 568 1247 θρχνῖον
598 1166 664 1230 ε’σσὲ
691 1171 808 1244 Δωριεῖς
832 1166 866 1228 ἔκ
887 1165 1116 1246 Πελοποννήσου,
1140 1164 1219 1242 μόνον
1243 1164 1272 1228 δὲ
1294 1167 1333 1238 εἰς
1357 1171 1458 1229 τοῦτον

441 1286 490 1351 σθν
511 1287 611 1366 χρόνον
631 1287 775 1361 Ἓλληνες
798 1275 845 1348 θεοὶ
865 1284 993 1365 παντὸς,
1012 1283 1213 1364 Ἡρονκλεθθοονς
1228 1284 1256 1348 δὲ
1268 1284 1318 1348 ael
1331 1283 1459 1358 Ἀσκλη-

439 1405 558 1477 σεοθθοοες
588 1406 774 1485 οἰοχννέτοονς
805 1403 853 1468 aul
887 1403 1044 1480 βασιλεῦσι
1074 1403 1221 1483 κέχρησθε.
1257 1403 1307 1467 Ita
1330 1404 1456 1488 quidem

439 1523 618 1588 Muellerus.
665 1523 731 1607 Ego
763 1544 833 1586 vero
865 1520 1004 1606 adjiciam
1036 1522 1084 1585 his
1113 1544 1162 1597 ea,
1186 1544 1264 1605 quae
1285 1522 1454 1599 Aristides,

438 1643 526 1726 cujus
547 1642 723 1706 testimonio
741 1641 840 1705 utitur
856 1639 1024 1704 Muellerus
1042 1648 1077 1703 ut
1092 1639 1303 1725 Tlepolemum
1319 1641 1454 1726 rejiciat,

437 1783 527 1845 porro
559 1762 623 1846 ipse
655 1760 740 1824 affert
771 1767 807 1823 ut
838 1781 928 1822 suum
959 1760 1024 1843 ipse
1052 1760 1261 1823 testimonium
1285 1760 1453 1824 confirmet.

437 1877 614 1963 „Cogitate,
638 1878 758 1962 inquit,
783 1883 916 1961 quantae
940 1876 1041 1942 laudis
1065 1878 1278 1943 excitationem
1300 1878 1386 1943 vobis
1402 1879 1455 1942 ha·

436 1997 529 2062 beant
559 2021 611 2075 ea,
644 2019 722 2082 quae
753 2019 770 2059 a
801 1995 904 2059 Poetis
929 1995 967 2059 de
991 1995 1076 2059 vobis
1100 1995 1294 2060 dictasunt:
1320 2018 1453 2081 quorum

435 2138 491 2198 ego
515 2116 685 2199 praeteribo
709 2114 899 2178 narrationes
916 2122 947 2177 et
962 2114 1090 2178 Homeri
1105 2121 1226 2178 tantum
1242 2115 1452 2179 testimonium

435 2233 695 2312 commemorabo,
721 2233 805 2318 quod
831 2241 875 2297 est
899 2233 1093 2317 hujusmodi:

546 2349 575 2416 οἵ
592 2352 683 2417 Ῥθθον
706 2352 910 2434 ἀμφενέμοντο
933 2351 980 2415 δνσὶ
1003 2351 1095 2431 σρίχοο
1117 2352 1305 2429 κοσμηθέντες

544 2470 644 2535 Λίνδον
667 2469 797 2545 Ἰηλυσόν
819 2495 853 2535 σε
876 2469 926 2533 aa}
950 2470 1120 2550 ripatorium
1142 2469 1292 2550 Κθμενρον.

856 2591 887 2649 et
910 2607 1000 2670 porro

544 2705 651 2785 σμχθοὶ
675 2704 704 2767 δὲ
727 2702 830 2785 ᾤκηθεν
852 2704 1066 2785 κοοτοοφνλοοδθν
1091 2704 1138 2779 ἠδὲ
1160 2704 1282 2787 Φθλνθεν

545 2824 577 2885 ἐκ
601 2822 684 2899 Διὸς,
709 2818 957 2885 ebretramno}
980 2821 1160 2901 θνθμθσοοσνν
1183 2822 1314 2887 θνοθσσεο.

433 2937 591 3023 Cogitate,
619 2939 745 3003 Poetam
771 2961 875 3003 omnes
899 2940 962 3003 iere
986 2939 1091 3003 laudes
1116 2940 1240 3004 Graecis
1263 2939 1450 3005 tribuentem

432 3078 566 3120 summas
590 3058 729 3121 omnium
753 3057 875 3122 dedisse
899 3057 1017 3121 vobis.'’
1063 3057 1148 3122 Haeo
1164 3057 1333 3136 Aristides,
1349 3058 1449 3122 Rhod.

431 3173 519 3259 Hp.
545 3178 628 3253 396,
654 3178 728 3240 397.
776 3175 818 3239 Et
841 3183 915 3240 sunt
941 3175 964 3240 ii
988 3184 1093 3240 versus
1117 3175 1244 3240 Homeri
1265 3200 1301 3240 ex
1316 3176 1386 3261 ipsa
1400 3175 1455 3240 illa

432 3294 498 3378 ejus
514 3293 552 3356 de
568 3292 745 3377 Tlepolemo
758 3294 936 3357 narratione
950 3293 1107 3372 desumta,
1122 3315 1214 3377 quam
1226 3293 1327 3358 attuli.
1352 3292 1453 3357 Etiam

433 3410 493 3475 alia
516 3410 639 3475 afferam
664 3412 702 3475 ad
725 3434 759 3475 vs
786 3414 837 3475 63.
877 3410 959 3495 Ergo
976 3435 1027 3490 ea,
1046 3434 1124 3495 quae
1139 3411 1269 3475 affirmat
1285 3410 1454 3490 Aristides,

434 3529 563 3593 testibus
591 3552 665 3593 usus
690 3529 794 3594 Poetis
822 3528 949 3615 reliquis
974 3538 1005 3595 et
1029 3530 1182 3607 Homero,
1209 3552 1244 3594 ea
1266 3531 1334 3614 ipsa
1356 3528 1455 3594 Muel-

435 3644 498 3708 lero
523 3669 577 3731 pro
601 3655 782 3731 argumento
807 3656 896 3726 sunt,
920 3655 958 3713 ut
982 3648 1127 3713 Aristidis
1151 3656 1258 3712 utatur
1277 3648 1453 3712 testimonio

435 3761 474 3826 ad
491 3766 680 3829 narrationes
697 3766 863 3831 Poetarum
879 3766 1067 3850 reliquorum
1087 3774 1117 3829 et
1133 3765 1260 3829 Homeri
1275 3763 1452 3829 refutandas

435 3888 466 3943 et
480 3881 669 3965 rejiciendas.
686 3882 767 3947 Vide
782 3884 860 3947 Karl
876 3883 1011 3948 Ottfried
1027 3883 1175 3960 Mueller,
1190 3883 1371 3966 Aeginetica
1381 3904 1450 3966 pag.

435 4000 477 4062 42
502 4007 533 4062 et
556 3999 684 4078 Dorier,
710 4002 805 4067 Abth.
830 4003 847 4065 Ι
870 4026 899 4088 p.
928 4005 989 4067 103
1016 4025 1100 4087 seqq.
1136 4000 1279 4065 Ceterum
1296 3999 1451 4064 Diodorus

434 4114 556 4180 Siculus
572 4116 609 4181 L.
624 4117 653 4180 V
670 4118 695 4182 0
709 4123 749 4183 59
764 4121 854 4183 etiam
868 4120 945 4184 duas
958 4121 1093 4184 colonias
1105 4118 1248 4183 Rhodum
1261 4118 1381 4182 venisse
1392 4139 1452 4180 me·

435 4242 546 4310 morat,
570 4236 771 4319 posteriorem
794 4236 872 4300 duee
890 4235 1256 4319 Althaemene,'priorem
1272 4233 1451 4319 Tlepolemi.

481 4352 534 4413 40.
569 4354 728 4432 εὐρυσθενεῖ
747 4353 845 4436 γέννᾳ.
892 4353 939 4418 Cf.
965 4354 1034 4438 Pyt.
1061 4353 1126 4417 VH
1150 4356 1169 4417 3
1194 4352 1452 4430 Ἀλκμοονεὶῖννεθ·

435 4468 561 4544 pactam
580 4471 677 4553 νενέμ
