3767 5534
914 762 978 825 373

442 967 482 1027 25
513 976 544 1029 et
574 964 672 1029 mnlta
702 964 778 1028 loca.
825 963 899 1027 Loci
930 963 1081 1027 sententia
1107 984 1178 1046 ergo
1202 961 1275 1026 haec
1298 969 1359 1024 est:
1384 982 1446 1043 quo

439 1085 600 1169 praeconio
631 1092 747 1147 careret
777 1082 829 1147 ille
858 1082 903 1145 vir
926 1104 1025 1165 neque
1049 1081 1080 1144 id
1104 1082 1328 1145 nancisceretur
1350 1080 1382 1144 in
1405 1079 1446 1143 ci·

438 1204 519 1268 vium
545 1226 606 1268 non
630 1202 803 1266 invidorum
827 1201 969 1266 cantibus
989 1200 1156 1285 jucundis?
1180 1201 1283 1284 Atque
1297 1200 1341 1263 ita
1356 1199 1446 1264 inter·

438 1324 641 1409 pretationem
663 1321 805 1387 Latinam
829 1329 993 1384 correctam
1017 1320 1117 1384 velim.

485 1444 535 1506 12.
570 1440 640 1506 ἴστω
663 1441 748 1520 ἔχων.
784 1439 930 1504 Similiter
949 1439 1057 1504 Aesch.
1078 1441 1186 1523 Agam.
1208 1440 1287 1515 680,
1303 1439 1335 1502 in
1348 1437 1446 1502 Heus·
1507 1457 1510 1462 ·

438 1560 481 1625 dii
504 1560 637 1624 editione
662 1560 743 1637 631,
764 1558 817 1623 ἴσθι
836 1560 949 1633 τοῖληθη
968 1556 1325 1633 κλώονι1303,Ηοοοι1.
1345 1559 1444 1636 1210,

437 1678 490 1744 ἴσθι
505 1680 633 1756 antipae
655 1674 745 1743 οὖσαι
773 1680 875 1755 1670,
900 1676 941 1740 Η.
970 1679 1053 1743 1578
1077 1674 1130 1742 ἴσθι
1152 1700 1200 1753 μοι
1221 1676 1313 1741 δώσων
1324 1677 1443 1742 οἴπθιναι

438 1796 579 1882 Xenoph.
604 1797 702 1862 Anah.
726 1797 763 1861 L.
788 1796 823 1861 Π
846 1796 881 1861 O.
905 1797 922 1861 I
948 1800 987 1860 13
1011 1796 1064 1862 ἴσθι
1088 1798 1184 1874 μέντοι
1206 1795 1379 1870 οἴνίησοςών.
1402 1796 1444 1861 nt

438 1923 593 2001 praeterea
616 1916 808 2000 saepissime:

483 2037 534 2099 13.
569 2034 719 2111 δαιμθνιον.
754 2034 840 2099 Inest
862 2035 894 2098 in
918 2034 976 2097 hoc
1000 2034 1146 2099 vocabulo
1171 2034 1296 2099 eximiae
1316 2056 1351 2098 ac
1371 2034 1445 2098 divi·

435 2154 519 2218 nitus
543 2152 632 2217 datae
655 2153 857 2237 praestantiae
879 2153 1079 2237 significatio:
1106 2153 1164 2217 hoc
1181 2152 1304 2236 quidem
1321 2151 1388 2217 loco
1404 2153 1442 2217 ad

436 2271 514 2337 illud
527 2242 656 2355 A'gesiae
679 2271 771 2336 decus
788 2272 961 2351 referenda,
975 2271 1213 2356 quodproximis
1233 2271 1330 2336 verbis
1349 2271 1443 2335 Poeta

437 2389 593 2475 exposuit:
626 2412 662 2454 eo
694 2390 773 2454 enim
805 2392 936 2475 pertinet
960 2390 1145 2475 comparatio
1169 2389 1255 2475 pedis
1280 2396 1310 2454 et
1333 2390 1444 2454 calcea
1528 2428 1529 2431 =

436 2508 542 2572 menti.
567 2508 616 2571 Ol.
640 2506 688 2571 IX
713 2510 777 2571 164
800 2507 873 2574 τόνδ’
895 2509 983 2586 οἴνέρα
1007 2509 1156 2585 δαιμονίως
1176 2509 1313 2586 γεγώςοεν
1324 2508 1443 2589 εὔχειρα

438 2626 601 2704 δεξιόγυιον.
624 2625 714 2691 Nem.
739 2626 755 2690 I
781 2630 820 2691 12
844 2625 934 2692 αεῖνον
961 2628 1013 2692 σὺν
1035 2627 1131 2707 ἀνδρὸς
1145 2628 1301 2705 δαιμονίοις
1314 2630 1441 2707 οἴοεταῑς.

483 2747 622 2811 14-17.
659 2746 795 2811 ἀκίνδυνοι
826 2785 871 2796 -
901 2749 1019 2829 ποναθῇ.
1054 2745 1200 2831 Spectant
1223 2747 1260 2811 ad
1284 2748 1443 2813 difficulta-

435 2871 497 2928 tem
526 2864 690 2949 peragendi
724 2866 896 2930 certaminis
931 2866 1115 2950 laudemque
1146 2867 1273 2960 peracti.
1310 2866 1357 2931 Of.
1391 2866 1440 2931 Ol.

436 2981 474 3046 V.
499 2985 553 3046 34.

482 3102 534 3165 13.
569 3101 693 3180 ε’νδίιια.
729 3102 779 3166 01.
804 3102 839 3166 H
862 3106 922 3167 3οε
947 3104 1012 3187 δίκα
1036 3102 1085 3166 Ol.
1110 3103 1163 3167 ΙΠ
1189 3106 1260 3169 174.

385 3279 390 3300 ,
482 3222 532 3282 19.
568 3220 627 3283 atad
657 3221 797 3297 γλώσσας
816 3220 975 3303 φθέγξατ’.
1011 3222 1126 3287 Herod.
1150 3222 1167 3285 I
1193 3224 1253 3286 133
1278 3222 1442 3308 Harpagus

434 3360 518 3401 servo
549 3336 683 3423 leporem
710 3338 763 3403 dat
785 3340 999 3424 perferendum
1023 3340 1061 3405 ad
1084 3339 1216 3426 Cyrum,
1241 3342 1440 3419 ἐντειλάμενός

433 3457 457 3520 οἱ
480 3456 539 3521 aiat
564 3457 716 3533 γλώσσης,
741 3456 854 3542 Cyrum
877 3466 1016 3543 oportere
1035 3460 1135 3544 ipsum
1157 3467 1187 3524 et
1206 3461 1270 3525 sine
1281 3467 1357 3526 teste
1370 3484 1439 3525 eum

434 3573 621 3638 discindere:
646 3575 699 3640 ubi
722 3576 753 3639 id
776 3576 820 3640 ita
837 3576 978 3642 consulto
992 3600 1167 3662 expressum
1179 3587 1240 3656 est,
1253 3602 1314 3644 non
1328 3581 1439 3665 scripto

433 3693 485 3756 sed
508 3714 560 3756 ore
582 3693 760 3758 mandatum
785 3695 918 3773 dedisse,
942 3718 981 3760 ne
1003 3697 1080 3760 forte
1100 3698 1315 3782 comprehendi
1327 3708 1438 3783 posset.

432 3811 579 3875 Similiter
608 3811 705 3877 Thuc.
738 3812 802 3877 VII
829 3817 866 3877 10
899 3815 1005 3879 nuncii
1028 3838 1046 3878 a
1068 3814 1159 3880 Nicia
1182 3839 1277 3903 quum
1301 3819 1438 3883 Athenas

432 3939 653 4017 pervenerunt,
685 3931 740 3996 ἴσα
770 3958 804 3997 τε
833 3935 893 3998 αἰιδ
923 3935 1059 4011 γλώσσης
1089 3933 1178 4015 εἴρητο
1201 3940 1318 4019 αὐτοῖς,
1343 3934 1438 4003 aiace:

431 4048 666 4133 distinguuntur
697 4072 732 4113 ea
762 4029 800 4114 alr
830 4051 910 4129 illis,
942 4074 1020 4136 quae
1051 4052 1158 4117 Niciae
1190 4055 1318 4140 epistola
1348 4057 1439 4120 simul

432 4168 525 4231 allata
559 4168 803 4232 continebantur.
851 4170 918 4234 Hoc
953 4180 1053 4236 tamen
1088 4171 1213 4237 Pindari
1244 4174 1311 4238 loco
1341 4177 1437 4261 magis

433 4287 517 4372 epica
548 4287 679 4370 quadam
711 4288 899 4353 abundantia
929 4289 1045 4354 dictum
1069 4290 1168 4355 oredo.
1214 4292 1359 4357 Similiter
1382 4294 1435 4379 Py.

433 4402 486 4469 HI
518 4408 537 4467 2
570 4406 712 4487 ἡμετέρας
743 4408 803 4471 aiod
833 4408 973 4484 γλώσσας
992 4409 1077 4474 κοινδν
1100 4408 1238 4486 εὔξασθαι
1262 4410 1337 4484 ἔσος.
1386 4412 1436 4477 Ol.

435 4523 469 4587 Π
496 4527 534 4587 10
559 4525 735 4602 γεγωνητέον
758 4526 815 4621 οόιί.
850 4526 888 4590 In
910 4527 1159 4613 interpretatione
1182 4528 1293 4593 Latina
1315 4531 1435 4616 scripsi:
