3767 5534
1022 741 1085 801 oio

549 938 718 1003 ἐπινικίοισιν
741 938 850 1009 οίοιδαῖς
856 988 871 1023 ,1
890 939 938 1003 vel
961 917 1141 1018 καλλίνικος,
1165 948 1201 1006 ut
1217 941 1291 1007 ibid.
1310 944 1351 1005 26
1368 941 1454 1020 ὕμνον
1468 946 1561 1011 κελοί-

549 1056 616 1128 Buca
638 1056 818 1137 καλλίνικον,
843 1056 890 1119 vel
914 1057 1165 1136 Ὀλυμπιονίκας,
1189 1067 1225 1123 ut
1248 1059 1299 1125 Ol.
1324 1060 1377 1125 III
1402 1065 1422 1124 4
1447 1067 1563 1141 Ὀλυμ·

436 1256 450 1268 θ
549 1175 676 1238 τιονίκαν
707 1171 801 1250 ὕμνον.
851 1173 940 1239 Certe
972 1198 1007 1240 ea
1036 1176 1119 1255 laus,
1153 1199 1231 1260 quae
1254 1200 1272 1241 a
1296 1179 1423 1242 victoria
1447 1202 1561 1244 nomen

547 1292 667 1356 babeat.

593 1414 645 1473 96.
681 1410 911 1488 κελαδησόμεθα.
948 1412 1017 1477 Hoc
1034 1435 1095 1477 uno
1107 1413 1192 1492 loco,
1206 1422 1356 1499 quantum
1368 1417 1445 1494 scio,
1458 1417 1561 1480 media

545 1529 638 1613 hujus
670 1529 752 1594 verbi
783 1529 880 1593 forma
910 1532 1073 1616 reperitur,
1107 1540 1239 1597 ceterum
1264 1535 1380 1612 activa,
1406 1542 1442 1598 ut
1466 1531 1567 1600 Nem(

545 1647 591 1711 IV
616 1650 674 1725 26,
699 1646 749 1712 Ol.
773 1647 808 1711 Π
832 1651 863 1713 3.

590 1768 642 1830 96.
678 1766 801 1847 βροντὰν
824 1766 874 1831 καί
897 1766 996 1844 βέλος.
1033 1766 1172 1833 Oanandi
1194 1772 1349 1859 materiem
1368 1769 1463 1835 Poeta
1479 1769 1557 1834 dixit

545 1908 609 1950 esse
635 1885 755 1949 laudem
788 1885 950 1950 victoriae:
974 1908 1058 1951 nunc
1081 1888 1109 1951 ei
1132 1890 1270 1953 materiai
1293 1888 1417 1954 addit-ur
1439 1889 1554 1953 fulmen

543 2005 722 2090 tonitruque
751 2004 853 2068 Jovis:
887 2005 982 2069 altera
1011 2008 1173 2091 copulatur
1205 2030 1275 2073 cum
1306 2008 1417 2073 altera:
1451 2008 1558 2073 ιιίίιννιι

542 2124 675 2204 κεραυνὸν
699 2131 745 2186 est
769 2124 942 2208 appositum
968 2124 1109 2190 vocabuli
1131 2125 1229 2203 βέλος.
1265 2130 1316 2193 Ἐν
1331 2126 1442 2191 ίίιιαντι
1459 2126 1557 2207 κροίτει

543 2241 671 2320 αραρίτα
696 2241 727 2304 in
753 2240 904 2305 veteribus
929 2242 1053 2306 scholiis
1070 2243 1108 2306 ad
1123 2243 1209 2307 Jovis
1225 2246 1394 2329 potentiam
1411 2244 1554 2307 refertur:

542 2359 659 2423 fulmen
691 2360 756 2443 ejus
788 2360 942 2445 potentiae
975 2360 1112 2425 sufficere
1143 2370 1174 2426 et
1202 2362 1239 2426 ad
1263 2384 1368 2427 omnes
1392 2384 1467 2425 usus
1491 2384 1554 2425 ease

542 2486 647 2564 aptum
672 2486 703 2542 et
726 2479 917 2543 conveniens.
959 2479 1102 2563 Heynius
1127 2481 1291 2565 significari
1314 2488 1404 2566 putat
1426 2481 1478 2545 σὺν
1501 2504 1553 2555 με·

541 2599 635 2678 νίττιρ
652 2597 759 2678 κριίτει,
772 2605 923 2677 κρατερῶς.
948 2597 1061 2662 Adhuc
1074 2599 1150 2663 mibi
1163 2599 1285 2664 videtur
1296 2598 1395 2675 aliter,
1408 2606 1439 2662 et
1450 2599 1553 2680 κροίτος

541 2714 601 2779 dici
624 2715 662 2778 de
678 2716 818 2792 victoria,
836 2714 990 2799 quomodo
1006 2715 1056 2780 Ol.
1074 2716 1091 2780 Ι
1107 2719 1164 2795 34,
1181 2716 1331 2797 κριίτνοαν
1347 2716 1397 2780 Ol.
1415 2715 1464 2780 IX
1479 2719 1552 2796 126,

538 2834 697 2913 κρατέοντα
728 2833 757 2896 Χ
793 2836 865 2898 121.
912 2832 1019 2914 Quum
1050 2844 1152 2900 autem
1183 2836 1278 2900 Poeta
1309 2836 1407 2914 dicat,
1437 2836 1553 2900 fulmen

540 2975 604 3017 esse
626 2954 710 3016 omni
734 2954 877 3017 victoriae
901 2961 1109 3039 opportunum
1124 2962 1157 3017 et
1174 2976 1359 3039 congruum,
1376 2963 1551 3033 teneamus,

539 3072 655 3137 fulmen
686 3071 723 3136 ab
756 3094 791 3137 eo
824 3073 958 3157 positum
992 3089 1064 3136 esse
1079 3073 1111 3136 in
1136 3072 1266 3137 canendi
1288 3074 1432 3137 materie:
1458 3073 1553 3157 igitur
1585 3130 1590 3138 .

539 3192 729 3276 significatur
762 3213 798 3254 ea
832 3191 1075 3274 convenientia,¹
1099 3213 1160 3276 qua
1195 3214 1339 3275 magnum
1370 3191 1488 3255 fulmen
1519 3192 1549 3255 in

540 3311 647 3394 quavis
671 3310 797 3373 victoria
820 3332 927 3373 canore
951 3308 1067 3373 deccat.

584 3429 808 3494 Commemorat
832 3437 932 3492 autem
954 3427 1145 3505 Boeokhius,
1163 3426 1332 3491 secuudum
1348 3426 1548 3505 Eclrhelium,

538 3549 585 3614 De
608 3548 752 3613 Nummis
776 3546 941 3624 Veterum,
966 3546 1053 3611 Tum.
1078 3546 1094 3609 I
1120 3570 1148 3631 p.
1177 3548 1257 3623 175,
1281 3545 1314 3609 in
1337 3547 1473 3609 nummis
1493 3545 1550 3608 Lo·

537 3689 657 3731 crorum
691 3665 965 3751 Epizephyriorum
1001 3664 1117 3729 fulmen
1148 3665 1387 3749 repraesentari:
1420 3672 1451 3727 et
1482 3664 1549 3727 ideo

538 3784 661 3869 quidem
685 3807 703 3847 a
724 3783 858 3848 Pindaro
881 3805 965 3847 nunc
988 3784 1104 3847 fulmen
1121 3783 1240 3847 laudari
1256 3782 1434 3859 arbitratur,
1453 3804 1548 3865 quum

538 3903 674 3966 fulminis
712 3901 880 3965 reverentia
918 3900 1069 3985 quaedam
1104 3900 1268 3985 singularis
1303 3898 1409 3963 Locris
1444 3899 1547 3963 fuerit.

538 4021 652 4085 Verum
688 4021 807 4107 poetica
841 4020 979 4084 oratione
1010 4028 1041 4083 et
1071 4004 1222 4084 sententia
1252 4019 1393 4083 existimo
1425 4017 1549 4103 proprla

536 4138 621 4203 Jovis
652 4141 778 4225 ejusque
808 4138 927 4223 imperii
959 4138 1092 4223 insignia
1123 4137 1258 4214 laudari,
1291 4158 1387 4221 quum
1411 4136 1550 4202 licuisset

534 4258 615 4323 nudo
639 4259 741 4343 ipsum
763 4256 872 4321 Jovem
899 4256 1010 4320 dicere.
1051 4255 1131 4320 Nam
1155 4278 1259 4320 revera
1281 4255 1389 4321 Jovem
1412 4258 1446 4319 in
1467 4255 1549 4319 omni

535 4379 662 4442 victoria
681 4399 788 4442 cancre
805 4374 980 4461 oportebat,
998 4374 1159 4459 Olympiae
1177 4375 1439 4458 certaminumque
1455 4373 1551 4437 (lomi-

538 4519 622 4562 num.
647 4495 685 4561 In
703 4495 761 4559 boo
773 4496 840 4579 ipso
853 4493 986 4557 carmine
994 4514 1031 4557 vs
1044 4495 1085 4557 29
1098 4492 1212 4572 θέμιτες
1225 4494 1293 4566 Διὸς
1306 4492 1433 4557 Poetam
1445 4493 1551 4557 incita·
