<?xml version="1.0" encoding="UTF-8"?>
<!DOCTYPE html PUBLIC "-//W3C//DTD XHTML 1.0 Transitional//EN"
    "http://www.w3.org/TR/xhtml1/DTD/xhtml1-transitional.dtd">
<html xmlns="http://www.w3.org/1999/xhtml" xml:lang="en" lang="en">
 <head>
  <title>
</title>
<meta http-equiv="Content-Type" content="text/html;charset=utf-8" />
  <meta name='ocr-system' content='tesseract 3.04.00' />
  <meta name='ocr-capabilities' content='ocr_page ocr_carea ocr_par ocr_line ocrx_word'/>
</head>
<body>
  <div class='ocr_page' id='page_1' title='image "./pindaricarminao00pindgoog_0540.png"; bbox 0 0 3767 5534; ppageno 0'>
   <div class='ocr_carea' id='block_1_1' title="bbox 907 700 972 761">
    <p class='ocr_par' dir='ltr' id='par_1_1' title="bbox 907 700 972 761">
     <span class='ocr_line' id='line_1_1' title="bbox 907 700 972 761; baseline 0 0"><span class='ocrx_word' id='word_1_1' title='bbox 907 700 972 761; x_wconf 71' lang='lat'><strong>459</strong></span> 
     </span>
    </p>
   </div>
   <div class='ocr_carea' id='block_1_2' title="bbox 438 895 1449 1228">
    <p class='ocr_par' dir='ltr' id='par_1_2' title="bbox 438 895 1449 1228">
     <span class='ocr_line' id='line_1_2' title="bbox 439 895 1449 993; baseline -0.015 -21"><span class='ocrx_word' id='word_1_2' title='bbox 439 908 503 993; x_wconf 81' lang='lat' dir='ltr'><strong>ejus</strong></span> <span class='ocrx_word' id='word_1_3' title='bbox 532 904 680 969; x_wconf 70' lang='lat' dir='ltr'>felicitas:</span> <span class='ocrx_word' id='word_1_4' title='bbox 712 923 813 986; x_wconf 87' lang='lat' dir='ltr'><strong>neque</strong></span> <span class='ocrx_word' id='word_1_5' title='bbox 838 899 923 974; x_wconf 70' lang='lat' dir='ltr'><strong>⁴enim</strong></span> <span class='ocrx_word' id='word_1_6' title='bbox 957 897 1077 981; x_wconf 77' lang='lat' dir='ltr'>antiqui</span> <span class='ocrx_word' id='word_1_7' title='bbox 1107 918 1157 960; x_wconf 88' lang='lat' dir='ltr'><strong>eas</strong></span> <span class='ocrx_word' id='word_1_8' title='bbox 1181 895 1305 973; x_wconf 86' lang='lat' dir='ltr'><strong>laudes,</strong></span> <span class='ocrx_word' id='word_1_9' title='bbox 1331 917 1449 978; x_wconf 90' lang='lat' dir='ltr'><strong>quasa</strong></span> 
     </span>
     <span class='ocr_line' id='line_1_3' title="bbox 438 1013 1449 1107; baseline -0.013 -18"><span class='ocrx_word' id='word_1_10' title='bbox 438 1024 505 1089; x_wconf 82' lang='lat' dir='ltr'><strong>Diis</strong></span> <span class='ocrx_word' id='word_1_11' title='bbox 536 1029 731 1107; x_wconf 86' lang='lat' dir='ltr'><strong>acceperant,</strong></span> <span class='ocrx_word' id='word_1_12' title='bbox 762 1018 988 1105; x_wconf 73' lang='lat' dir='ltr'><strong>postponebant</strong></span> <span class='ocrx_word' id='word_1_13' title='bbox 1013 1017 1070 1093; x_wconf 83' lang='lat' dir='ltr'><strong>iis,</strong></span> <span class='ocrx_word' id='word_1_14' title='bbox 1096 1038 1172 1101; x_wconf 89' lang='lat' dir='ltr'><strong>quas</strong></span> <span class='ocrx_word' id='word_1_15' title='bbox 1196 1036 1252 1078; x_wconf 88' lang='lat' dir='ltr'><strong>sua</strong></span> <span class='ocrx_word' id='word_1_16' title='bbox 1274 1013 1334 1099; x_wconf 90' lang='lat' dir='ltr'><strong>ipsi</strong></span> <span class='ocrx_word' id='word_1_17' title='bbox 1357 1035 1449 1097; x_wconf 82' lang='lat' dir='ltr'><strong>opera</strong></span> 
     </span>
     <span class='ocr_line' id='line_1_4' title="bbox 438 1130 1447 1228; baseline -0.014 -20"><span class='ocrx_word' id='word_1_18' title='bbox 438 1142 667 1228; x_wconf 76' lang='lat' dir='ltr'><strong>quaesiverant:</strong></span> <span class='ocrx_word' id='word_1_19' title='bbox 708 1136 967 1225; x_wconf 87' lang='lat' dir='ltr'><strong>quemadmodum</strong></span> <span class='ocrx_word' id='word_1_20' title='bbox 1006 1134 1088 1219; x_wconf 92' lang='lat' dir='ltr'><strong>apud</strong></span> <span class='ocrx_word' id='word_1_21' title='bbox 1129 1133 1215 1219; x_wconf 88' lang='lat' dir='ltr'><strong>pium</strong></span> <span class='ocrx_word' id='word_1_22' title='bbox 1254 1130 1447 1196; x_wconf 88' lang='lat' dir='ltr'><strong>Herodotum</strong></span> 
     </span>
    </p>
   </div>
   <div class='ocr_carea' id='block_1_3' title="bbox 437 1253 1449 1817">
    <p class='ocr_par' dir='ltr' id='par_1_3' title="bbox 437 1253 1449 1817">
     <span class='ocr_line' id='line_1_5' title="bbox 437 1253 1448 1341; baseline -0.012 -16"><span class='ocrx_word' id='word_1_23' title='bbox 437 1260 657 1327; x_wconf 77' lang='lat' dir='ltr'><strong>Themistoclea</strong></span> <span class='ocrx_word' id='word_1_24' title='bbox 681 1258 719 1323; x_wconf 90' lang='lat' dir='ltr'><strong>de</strong></span> <span class='ocrx_word' id='word_1_25' title='bbox 742 1256 843 1322; x_wconf 83' lang='lat' dir='ltr'><strong>Xerxe</strong></span> <span class='ocrx_word' id='word_1_26' title='bbox 866 1255 974 1341; x_wconf 80' lang='lat' dir='ltr'><strong>pulso:</strong></span> <span class='ocrx_word' id='word_1_27' title='bbox 998 1254 1069 1319; x_wconf 71' lang='grc' dir='ltr'><strong>τάδε</strong></span> <span class='ocrx_word' id='word_1_28' title='bbox 1091 1253 1151 1332; x_wconf 70' lang='grc' dir='ltr'><strong>γὰρ</strong></span> <span class='ocrx_word' id='word_1_29' title='bbox 1173 1255 1224 1318; x_wconf 79' lang='grc' dir='ltr'><strong>οὐκ</strong></span> <span class='ocrx_word' id='word_1_30' title='bbox 1247 1254 1331 1328; x_wconf 78' lang='grc' dir='ltr'><em>ἡμεῖς</em></span> <span class='ocrx_word' id='word_1_31' title='bbox 1347 1273 1448 1330; x_wconf 72' lang='grc' dir='ltr'><strong><em>κατερ-</em></strong></span> 
     </span>
     <span class='ocr_line' id='line_1_6' title="bbox 437 1369 1447 1458; baseline -0.014 -12"><span class='ocrx_word' id='word_1_32' title='bbox 437 1380 602 1458; x_wconf 59' lang='grc' dir='ltr'><strong>γασάμεθα</strong></span> <span class='ocrx_word' id='word_1_33' title='bbox 628 1379 713 1443; x_wconf 67' lang='grc' dir='ltr'><strong>ἀλλὰ</strong></span> <span class='ocrx_word' id='word_1_34' title='bbox 742 1377 798 1442; x_wconf 75' lang='lat' dir='ltr'><strong>trel</strong></span> <span class='ocrx_word' id='word_1_35' title='bbox 818 1400 853 1440; x_wconf 78' lang='grc' dir='ltr'><strong>τε</strong></span> <span class='ocrx_word' id='word_1_36' title='bbox 876 1374 923 1440; x_wconf 73' lang='lat' dir='ltr'><strong>acl</strong></span> <span class='ocrx_word' id='word_1_37' title='bbox 948 1372 1049 1454; x_wconf 72' lang='grc' dir='ltr'><em>ἥρωες,</em></span> <span class='ocrx_word' id='word_1_38' title='bbox 1078 1371 1156 1436; x_wconf 90' lang='lat' dir='ltr'>VIII</span> <span class='ocrx_word' id='word_1_39' title='bbox 1185 1373 1256 1435; x_wconf 86' lang='lat'>109.</span> <span class='ocrx_word' id='word_1_40' title='bbox 1303 1369 1353 1434; x_wconf 83' lang='lat' dir='ltr'><strong>Sic</strong></span> <span class='ocrx_word' id='word_1_41' title='bbox 1377 1390 1447 1433; x_wconf 87' lang='lat' dir='ltr'><strong>vero</strong></span> 
     </span>
     <span class='ocr_line' id='line_1_7' title="bbox 437 1488 1448 1582; baseline -0.013 -17"><span class='ocrx_word' id='word_1_42' title='bbox 437 1500 567 1565; x_wconf 80' lang='lat' dir='ltr'><strong>maxime</strong></span> <span class='ocrx_word' id='word_1_43' title='bbox 593 1497 765 1574; x_wconf 82' lang='lat' dir='ltr'>Homerus,</span> <span class='ocrx_word' id='word_1_44' title='bbox 790 1494 872 1582; x_wconf 89' lang='lat' dir='ltr'><strong>apud</strong></span> <span class='ocrx_word' id='word_1_45' title='bbox 894 1516 988 1580; x_wconf 87' lang='lat' dir='ltr'><strong>quem</strong></span> <span class='ocrx_word' id='word_1_46' title='bbox 1010 1515 1111 1578; x_wconf 86' lang='lat' dir='ltr'><strong>neque</strong></span> <span class='ocrx_word' id='word_1_47' title='bbox 1135 1491 1250 1556; x_wconf 90' lang='lat' dir='ltr'><strong>Hector</strong></span> <span class='ocrx_word' id='word_1_48' title='bbox 1273 1488 1448 1554; x_wconf 76' lang='lat' dir='ltr'><strong>Patroclum</strong></span> 
     </span>
     <span class='ocr_line' id='line_1_8' title="bbox 437 1607 1449 1703; baseline -0.012 -21"><span class='ocrx_word' id='word_1_49' title='bbox 437 1640 538 1703; x_wconf 91' lang='lat' dir='ltr'><strong>neque</strong></span> <span class='ocrx_word' id='word_1_50' title='bbox 561 1616 726 1681; x_wconf 76' lang='lat' dir='ltr'>Hectorem</span> <span class='ocrx_word' id='word_1_51' title='bbox 748 1612 886 1679; x_wconf 84' lang='lat' dir='ltr'><strong>Achilles</strong></span> <span class='ocrx_word' id='word_1_52' title='bbox 909 1613 975 1677; x_wconf 90' lang='lat' dir='ltr'><strong>sine</strong></span> <span class='ocrx_word' id='word_1_53' title='bbox 998 1610 1150 1696; x_wconf 77' lang='lat' dir='ltr'><strong>praesenti</strong></span> <span class='ocrx_word' id='word_1_54' title='bbox 1173 1609 1309 1673; x_wconf 87' lang='lat' dir='ltr'><strong>Deorum</strong></span> <span class='ocrx_word' id='word_1_55' title='bbox 1334 1607 1449 1672; x_wconf 83' lang='lat' dir='ltr'><strong>auxilio</strong></span> 
     </span>
     <span class='ocr_line' id='line_1_9' title="bbox 437 1728 1449 1817; baseline -0.012 -15"><span class='ocrx_word' id='word_1_56' title='bbox 437 1737 575 1802; x_wconf 83' lang='lat' dir='ltr'><strong>vincunt</strong></span> <span class='ocrx_word' id='word_1_57' title='bbox 622 1733 725 1815; x_wconf 79' lang='lat' dir='ltr'><strong>Quam</strong></span> <span class='ocrx_word' id='word_1_58' title='bbox 746 1732 941 1817; x_wconf 77' lang='lat' dir='ltr'><strong>antiquitatis</strong></span> <span class='ocrx_word' id='word_1_59' title='bbox 966 1730 1147 1795; x_wconf 88' lang='lat' dir='ltr'><strong>sententiam</strong></span> <span class='ocrx_word' id='word_1_60' title='bbox 1172 1728 1377 1813; x_wconf 78' lang='lat' dir='ltr'><strong>pulcherrime</strong></span> <span class='ocrx_word' id='word_1_61' title='bbox 1400 1750 1449 1791; x_wconf 88' lang='lat' dir='ltr'><strong>ex·</strong></span> 
     </span>
    </p>
   </div>
   <div class='ocr_carea' id='block_1_4' title="bbox 436 1845 1390 1939">
    <p class='ocr_par' dir='ltr' id='par_1_4' title="bbox 436 1845 1390 1939">
     <span class='ocr_line' id='line_1_10' title="bbox 436 1845 1390 1939; baseline -0.01 -21"><span class='ocrx_word' id='word_1_62' title='bbox 436 1854 549 1939; x_wconf 81' lang='lat' dir='ltr'><strong>pressit</strong></span> <span class='ocrx_word' id='word_1_63' title='bbox 570 1851 739 1917; x_wconf 82' lang='lat' dir='ltr'><strong>Schillarus</strong></span> <span class='ocrx_word' id='word_1_64' title='bbox 761 1850 795 1915; x_wconf 87' lang='lat' dir='ltr'><strong>in</strong></span> <span class='ocrx_word' id='word_1_65' title='bbox 818 1848 962 1915; x_wconf 84' lang='lat' dir='ltr'><strong>Poemate</strong></span> <span class='ocrx_word' id='word_1_66' title='bbox 986 1847 1048 1913; x_wconf 88' lang='lat' dir='ltr'><strong>Das</strong></span> <span class='ocrx_word' id='word_1_67' title='bbox 1073 1846 1192 1913; x_wconf 80' lang='lat' dir='ltr'><strong>Gliick:</strong></span> <span class='ocrx_word' id='word_1_68' title='bbox 1219 1845 1303 1911; x_wconf 83' lang='lat' dir='ltr'><strong>velot</strong></span> <span class='ocrx_word' id='word_1_69' title='bbox 1326 1846 1390 1909; x_wconf 90' lang='lat' dir='ltr'><strong>his:</strong></span> 
     </span>
    </p>
   </div>
   <div class='ocr_carea' id='block_1_5' title="bbox 436 2011 1449 2363">
    <p class='ocr_par' dir='ltr' id='par_1_5' title="bbox 436 2011 1449 2363">
     <span class='ocr_line' id='line_1_11' title="bbox 436 2011 1188 2078; baseline -0.001 -14"><span class='ocrx_word' id='word_1_70' title='bbox 436 2011 481 2065; x_wconf 74' lang='lat' dir='ltr'><strong>lin</strong></span> <span class='ocrx_word' id='word_1_71' title='bbox 499 2014 628 2065; x_wconf 57' lang='lat' dir='ltr'><strong>“haberer</strong></span> <span class='ocrx_word' id='word_1_72' title='bbox 646 2014 720 2074; x_wconf 72' lang='lat' dir='ltr'><strong>Iacca,</strong></span> <span class='ocrx_word' id='word_1_73' title='bbox 737 2015 777 2064; x_wconf 87' lang='lat' dir='ltr'><strong>eiu</strong></span> <span class='ocrx_word' id='word_1_74' title='bbox 796 2014 937 2078; x_wconf 74' lang='lat' dir='ltr'><strong>gtttliehas,</strong></span> <span class='ocrx_word' id='word_1_75' title='bbox 956 2014 988 2064; x_wconf 85' lang='lat' dir='ltr'><strong>ist</strong></span> <span class='ocrx_word' id='word_1_76' title='bbox 1005 2013 1055 2064; x_wconf 88' lang='lat' dir='ltr'><strong>ilrm</strong></span> <span class='ocrx_word' id='word_1_77' title='bbox 1072 2013 1188 2077; x_wconf 68' lang='lat' dir='ltr'><strong>geddeo,</strong></span> 
     </span>
     <span class='ocr_line' id='line_1_12' title="bbox 470 2110 1406 2176; baseline -0.002 -16"><span class='ocrx_word' id='word_1_78' title='bbox 470 2110 613 2160; x_wconf 74' lang='lat' dir='ltr'><strong>Sabou-ror</strong></span> <span class='ocrx_word' id='word_1_79' title='bbox 627 2111 671 2161; x_wconf 82' lang='lat' dir='ltr'><strong>dar</strong></span> <span class='ocrx_word' id='word_1_80' title='bbox 686 2111 801 2175; x_wconf 55' lang='lat' dir='ltr'><strong>uanus·</strong></span> <span class='ocrx_word' id='word_1_81' title='bbox 818 2111 910 2176; x_wconf 76' lang='lat' dir='ltr'><strong>Bcg‘mr</strong></span> <span class='ocrx_word' id='word_1_82' title='bbox 929 2111 983 2161; x_wconf 78' lang='lat' dir='ltr'><strong>sind</strong></span> <span class='ocrx_word' id='word_1_83' title='bbox 1000 2111 1049 2161; x_wconf 82' lang='lat' dir='ltr'><strong>itm</strong></span> <span class='ocrx_word' id='word_1_84' title='bbox 1067 2110 1106 2160; x_wconf 85' lang='lat' dir='ltr'><strong>die</strong></span> <span class='ocrx_word' id='word_1_85' title='bbox 1123 2110 1218 2160; x_wconf 63' lang='lat' dir='ltr'><strong>stilae</strong></span> <span class='ocrx_word' id='word_1_86' title='bbox 1236 2110 1356 2159; x_wconf 77' lang='lat' dir='ltr'><strong>belrrinrt.</strong></span> <span class='ocrx_word' id='word_1_87' title='bbox 1375 2134 1406 2147; x_wconf 83' lang='lat'>-</span> 
     </span>
     <span class='ocr_line' id='line_1_13' title="bbox 436 2202 1449 2270; baseline -0.002 -16"><span class='ocrx_word' id='word_1_88' title='bbox 436 2206 514 2259; x_wconf 75' lang='lat' dir='ltr'><strong>zoroe</strong></span> <span class='ocrx_word' id='word_1_89' title='bbox 522 2206 575 2255; x_wconf 85' lang='lat' dir='ltr'><strong>dom</strong></span> <span class='ocrx_word' id='word_1_90' title='bbox 585 2205 741 2257; x_wconf 75' lang='lat' dir='ltr'><strong>Gldckliclrea</strong></span> <span class='ocrx_word' id='word_1_91' title='bbox 751 2206 878 2266; x_wconf 83' lang='lat' dir='ltr'><strong>nicht,das</strong></span> <span class='ocrx_word' id='word_1_92' title='bbox 889 2208 934 2257; x_wconf 88' lang='lat' dir='ltr'><strong>deu</strong></span> <span class='ocrx_word' id='word_1_93' title='bbox 943 2202 1047 2257; x_wconf 82' lang='lat' dir='ltr'><strong>leichten</strong></span> <span class='ocrx_word' id='word_1_94' title='bbox 1057 2207 1113 2270; x_wconf 75' lang='lat' dir='ltr'><strong>Sieg</strong></span> <span class='ocrx_word' id='word_1_95' title='bbox 1121 2206 1171 2256; x_wconf 88' lang='lat' dir='ltr'><strong>ihm</strong></span> <span class='ocrx_word' id='word_1_96' title='bbox 1181 2206 1218 2254; x_wconf 91' lang='lat' dir='ltr'><strong>die</strong></span> <span class='ocrx_word' id='word_1_97' title='bbox 1228 2206 1312 2255; x_wconf 79' lang='lat' dir='ltr'><strong>Gttter</strong></span> <span class='ocrx_word' id='word_1_98' title='bbox 1320 2204 1449 2254; x_wconf 81' lang='lat' dir='ltr'><strong>schenken.</strong></span> 
     </span>
     <span class='ocr_line' id='line_1_14' title="bbox 1077 2300 1383 2363; baseline -0.013 -12"><span class='ocrx_word' id='word_1_99' title='bbox 1077 2300 1203 2359; x_wconf 61' lang='lat' dir='ltr'><strong>comite,</strong></span> <span class='ocrx_word' id='word_1_100' title='bbox 1226 2300 1267 2349; x_wconf 77' lang='lat' dir='ltr'><strong>rt.</strong></span> <span class='ocrx_word' id='word_1_101' title='bbox 1285 2300 1303 2347; x_wconf 97' lang='lat' dir='ltr'>I</span> <span class='ocrx_word' id='word_1_102' title='bbox 1313 2315 1340 2363; x_wconf 81' lang='lat' dir='ltr'><strong>p.</strong></span> <span class='ocrx_word' id='word_1_103' title='bbox 1359 2301 1383 2349; x_wconf 83' lang='grc'><strong>9.</strong></span> 
     </span>
    </p>
   </div>
   <div class='ocr_carea' id='block_1_6' title="bbox 437 2443 1450 2651">
    <p class='ocr_par' dir='ltr' id='par_1_6' title="bbox 437 2443 1450 2651">
     <span class='ocr_line' id='line_1_15' title="bbox 484 2443 1450 2527; baseline -0.002 -20"><span class='ocrx_word' id='word_1_104' title='bbox 484 2446 537 2508; x_wconf 84' lang='grc'><strong>90.</strong></span> <span class='ocrx_word' id='word_1_105' title='bbox 572 2446 601 2509; x_wconf 85' lang='grc' dir='ltr'><strong>ἕν</strong></span> <span class='ocrx_word' id='word_1_106' title='bbox 622 2444 756 2525; x_wconf 65' lang='grc' dir='ltr'><strong><em>τέτρννννν</em></strong></span> <span class='ocrx_word' id='word_1_107' title='bbox 778 2444 1013 2523; x_wconf 65' lang='lat' dir='ltr'><strong>calimulen.</strong></span> <span class='ocrx_word' id='word_1_108' title='bbox 1047 2445 1162 2511; x_wconf 66' lang='lat' dir='ltr'><strong>nauco</strong></span> <span class='ocrx_word' id='word_1_109' title='bbox 1181 2450 1255 2521; x_wconf 62' lang='lat' dir='ltr'><strong>pota</strong></span> <span class='ocrx_word' id='word_1_110' title='bbox 1271 2466 1306 2507; x_wconf 85' lang='lat' dir='ltr'><strong>ex</strong></span> <span class='ocrx_word' id='word_1_111' title='bbox 1323 2443 1450 2527; x_wconf 85' lang='lat' dir='ltr'><strong>antiqua</strong></span> 
     </span>
     <span class='ocr_line' id='line_1_16' title="bbox 437 2562 1449 2651; baseline -0.003 -21"><span class='ocrx_word' id='word_1_112' title='bbox 437 2565 585 2630; x_wconf 83' lang='lat' dir='ltr'><strong>sermonis</strong></span> <span class='ocrx_word' id='word_1_113' title='bbox 600 2566 719 2631; x_wconf 89' lang='lat' dir='ltr'><strong>ratione</strong></span> <span class='ocrx_word' id='word_1_114' title='bbox 734 2565 895 2644; x_wconf 87' lang='lat' dir='ltr'><strong>dicuntur,</strong></span> <span class='ocrx_word' id='word_1_115' title='bbox 913 2564 1171 2651; x_wconf 84' lang='lat' dir='ltr'><strong>quemadmodum</strong></span> <span class='ocrx_word' id='word_1_116' title='bbox 1184 2563 1267 2649; x_wconf 89' lang='lat' dir='ltr'><strong>apud</strong></span> <span class='ocrx_word' id='word_1_117' title='bbox 1281 2562 1449 2627; x_wconf 86' lang='lat' dir='ltr'><strong>Homerum</strong></span> 
     </span>
    </p>
   </div>
   <div class='ocr_carea' id='block_1_7' title="bbox 435 2682 1547 2770">
    <p class='ocr_par' dir='ltr' id='par_1_7' title="bbox 435 2682 1547 2770">
     <span class='ocr_line' id='line_1_17' title="bbox 435 2682 1547 2770; baseline -0.004 -21"><span class='ocrx_word' id='word_1_118' title='bbox 435 2684 528 2749; x_wconf 83' lang='lat' dir='ltr'><strong>initio</strong></span> <span class='ocrx_word' id='word_1_119' title='bbox 551 2683 659 2748; x_wconf 83' lang='lat' dir='ltr'><strong>Iliadis</strong></span> <span class='ocrx_word' id='word_1_120' title='bbox 682 2686 765 2750; x_wconf 74' lang='grc' dir='ltr'><em>αὐτοί</em></span> <span class='ocrx_word' id='word_1_121' title='bbox 786 2684 902 2749; x_wconf 91' lang='lat' dir='ltr'><strong>dicitur</strong></span> <span class='ocrx_word' id='word_1_122' title='bbox 917 2684 956 2749; x_wconf 87' lang='lat' dir='ltr'><strong>de</strong></span> <span class='ocrx_word' id='word_1_123' title='bbox 972 2684 1149 2770; x_wconf 75' lang='lat' dir='ltr'><strong>corporibus</strong></span> <span class='ocrx_word' id='word_1_124' title='bbox 1167 2690 1198 2747; x_wconf 91' lang='lat' dir='ltr'><strong>ct</strong></span> <span class='ocrx_word' id='word_1_125' title='bbox 1212 2682 1448 2767; x_wconf 79' lang='lat' dir='ltr'><strong>distinguuntur</strong></span> <span class='ocrx_word' id='word_1_126' title='bbox 1546 2717 1547 2720; x_wconf 16' lang='grc' dir='ltr'><strong><em>ν</em></strong></span> 
     </span>
    </p>
   </div>
   <div class='ocr_carea' id='block_1_8' title="bbox 433 2800 1450 4555">
    <p class='ocr_par' dir='ltr' id='par_1_8' title="bbox 433 2800 1450 4555">
     <span class='ocr_line' id='line_1_18' title="bbox 434 2800 1449 2889; baseline 0 -22"><span class='ocrx_word' id='word_1_127' title='bbox 434 2800 473 2867; x_wconf 87' lang='lat' dir='ltr'><strong>ab</strong></span> <span class='ocrx_word' id='word_1_128' title='bbox 495 2801 559 2867; x_wconf 87' lang='lat' dir='ltr'><strong>illis</strong></span> <span class='ocrx_word' id='word_1_129' title='bbox 581 2806 682 2883; x_wconf 70' lang='grc' dir='ltr'><em>ψυχαὶ</em></span> <span class='ocrx_word' id='word_1_130' title='bbox 705 2805 815 2884; x_wconf 73' lang='grc' dir='ltr'><strong><em>ἡρώων,</em></strong></span> <span class='ocrx_word' id='word_1_131' title='bbox 840 2812 871 2868; x_wconf 88' lang='lat' dir='ltr'><strong>et</strong></span> <span class='ocrx_word' id='word_1_132' title='bbox 894 2803 978 2889; x_wconf 88' lang='lat' dir='ltr'><strong>apud</strong></span> <span class='ocrx_word' id='word_1_133' title='bbox 994 2803 1186 2869; x_wconf 90' lang='lat' dir='ltr'><strong>Herodotum</strong></span> <span class='ocrx_word' id='word_1_134' title='bbox 1202 2803 1346 2882; x_wconf 70' lang='grc' dir='ltr'><strong>ἀνθρώπου</strong></span> <span class='ocrx_word' id='word_1_135' title='bbox 1361 2808 1449 2879; x_wconf 75' lang='grc' dir='ltr'><strong>σῶμα</strong></span> 
     </span>
     <span class='ocr_line' id='line_1_19' title="bbox 433 2920 1448 2989; baseline 0.004 -5"><span class='ocrx_word' id='word_1_136' title='bbox 433 2920 479 2985; x_wconf 89' lang='lat' dir='ltr'><strong>ita</strong></span> <span class='ocrx_word' id='word_1_137' title='bbox 508 2920 623 2985; x_wconf 86' lang='lat' dir='ltr'><strong>dicitur</strong></span> <span class='ocrx_word' id='word_1_138' title='bbox 652 2928 689 2984; x_wconf 90' lang='lat' dir='ltr'><strong>nt</strong></span> <span class='ocrx_word' id='word_1_139' title='bbox 715 2943 771 2985; x_wconf 89' lang='lat' dir='ltr'><strong>nos</strong></span> <span class='ocrx_word' id='word_1_140' title='bbox 794 2923 978 2987; x_wconf 87' lang='lat' dir='ltr'><strong>recentiores</strong></span> <span class='ocrx_word' id='word_1_141' title='bbox 1001 2922 1199 2987; x_wconf 86' lang='lat' dir='ltr'><strong>individuum</strong></span> <span class='ocrx_word' id='word_1_142' title='bbox 1223 2922 1377 2988; x_wconf 87' lang='lat' dir='ltr'><strong>hominem</strong></span> <span class='ocrx_word' id='word_1_143' title='bbox 1400 2922 1448 2989; x_wconf 90' lang='lat' dir='ltr'><strong>vel</strong></span> 
     </span>
     <span class='ocr_line' id='line_1_20' title="bbox 433 3039 1447 3127; baseline 0.005 -25"><span class='ocrx_word' id='word_1_144' title='bbox 433 3061 594 3123; x_wconf 88' lang='lat' dir='ltr'><strong>personam</strong></span> <span class='ocrx_word' id='word_1_145' title='bbox 607 3039 707 3104; x_wconf 88' lang='lat' dir='ltr'><strong>dicere</strong></span> <span class='ocrx_word' id='word_1_146' title='bbox 720 3040 863 3119; x_wconf 88' lang='lat' dir='ltr'><strong>solemus,</strong></span> <span class='ocrx_word' id='word_1_147' title='bbox 876 3041 903 3105; x_wconf 93' lang='grc' dir='ltr'><strong>Ι.</strong></span> <span class='ocrx_word' id='word_1_148' title='bbox 917 3044 974 3106; x_wconf 77' lang='lat'><strong>32:</strong></span> <span class='ocrx_word' id='word_1_149' title='bbox 992 3042 1133 3108; x_wconf 88' lang='lat' dir='ltr'><strong>similiter</strong></span> <span class='ocrx_word' id='word_1_150' title='bbox 1144 3043 1237 3127; x_wconf 84' lang='lat' dir='ltr'><strong>Soph.</strong></span> <span class='ocrx_word' id='word_1_151' title='bbox 1251 3042 1447 3108; x_wconf 70' lang='lat' dir='ltr'><strong>Oenunta</strong></span> 
     </span>
     <span class='ocr_line' id='line_1_21' title="bbox 434 3158 1449 3245; baseline 0.006 -24"><span class='ocrx_word' id='word_1_152' title='bbox 434 3158 541 3235; x_wconf 65' lang='grc' dir='ltr'><strong>τούμὸν</strong></span> <span class='ocrx_word' id='word_1_153' title='bbox 571 3164 677 3237; x_wconf 60' lang='lat' dir='ltr'><strong>repo:</strong></span> <span class='ocrx_word' id='word_1_154' title='bbox 709 3158 817 3244; x_wconf 80' lang='lat' dir='ltr'><strong>Eurip.</strong></span> <span class='ocrx_word' id='word_1_155' title='bbox 849 3160 952 3245; x_wconf 80' lang='lat' dir='ltr'><strong>Iphig.</strong></span> <span class='ocrx_word' id='word_1_156' title='bbox 985 3161 1058 3225; x_wconf 85' lang='lat' dir='ltr'><strong>Aul.</strong></span> <span class='ocrx_word' id='word_1_157' title='bbox 1091 3164 1154 3228; x_wconf 70' lang='lat'><strong>407</strong></span> <span class='ocrx_word' id='word_1_158' title='bbox 1185 3165 1449 3244; x_wconf 70' lang='grc' dir='ltr'><em>Κλυταιμνήστρας</em></span> 
     </span>
     <span class='ocr_line' id='line_1_22' title="bbox 437 3274 1450 3363; baseline 0.011 -26"><span class='ocrx_word' id='word_1_159' title='bbox 437 3274 544 3353; x_wconf 58' lang='grc' dir='ltr'><strong>δέμνια</strong></span> <span class='ocrx_word' id='word_1_160' title='bbox 576 3274 630 3340; x_wconf 88' lang='lat' dir='ltr'><strong>Or.</strong></span> <span class='ocrx_word' id='word_1_161' title='bbox 667 3279 727 3342; x_wconf 78' lang='lat' dir='ltr'><strong>lot</strong></span> <span class='ocrx_word' id='word_1_162' title='bbox 760 3278 908 3358; x_wconf 69' lang='grc' dir='ltr'><strong>Ἑρμιόνης</strong></span> <span class='ocrx_word' id='word_1_163' title='bbox 941 3278 1052 3356; x_wconf 55' lang='lat' dir='ltr'><strong>tepor:</strong></span> <span class='ocrx_word' id='word_1_164' title='bbox 1084 3280 1237 3345; x_wconf 86' lang='lat' dir='ltr'><strong>Heraclid.</strong></span> <span class='ocrx_word' id='word_1_165' title='bbox 1271 3282 1312 3344; x_wconf 79' lang='lat'><strong>89</strong></span> <span class='ocrx_word' id='word_1_166' title='bbox 1336 3283 1367 3346; x_wconf 78' lang='grc' dir='ltr'><strong>οὐ</strong></span> <span class='ocrx_word' id='word_1_167' title='bbox 1390 3284 1450 3363; x_wconf 73' lang='grc' dir='ltr'><strong>γὰρ</strong></span> 
     </span>
     <span class='ocr_line' id='line_1_23' title="bbox 436 3394 1447 3477; baseline 0.006 -19"><span class='ocrx_word' id='word_1_168' title='bbox 436 3394 512 3471; x_wconf 80' lang='grc' dir='ltr'><strong><em>σῶμ’</em></strong></span> <span class='ocrx_word' id='word_1_169' title='bbox 535 3396 694 3474; x_wconf 67' lang='grc' dir='ltr'><strong><em>ἀκήρυκτον</em></strong></span> <span class='ocrx_word' id='word_1_170' title='bbox 716 3395 798 3461; x_wconf 67' lang='lat' dir='ltr'><strong>vdie:</strong></span> <span class='ocrx_word' id='word_1_171' title='bbox 815 3395 891 3462; x_wconf 87' lang='lat' dir='ltr'><strong>Hoc.</strong></span> <span class='ocrx_word' id='word_1_172' title='bbox 913 3400 997 3463; x_wconf 75' lang='lat'>1027</span> <span class='ocrx_word' id='word_1_173' title='bbox 1015 3399 1124 3464; x_wconf 69' lang='lat' dir='ltr'><strong>caldor</strong></span> <span class='ocrx_word' id='word_1_174' title='bbox 1140 3423 1173 3464; x_wconf 82' lang='grc' dir='ltr'><strong>τε</strong></span> <span class='ocrx_word' id='word_1_175' title='bbox 1189 3402 1290 3465; x_wconf 77' lang='grc' dir='ltr'><strong><em>δισσῶν</em></strong></span> <span class='ocrx_word' id='word_1_176' title='bbox 1304 3401 1447 3477; x_wconf 67' lang='grc' dir='ltr'><strong>σώματων</strong></span> 
     </span>
     <span class='ocr_line' id='line_1_24' title="bbox 437 3491 1449 3599; baseline 0.012 -25"><span class='ocrx_word' id='word_1_177' title='bbox 437 3510 580 3597; x_wconf 86' lang='lat' dir='ltr'><strong>Xenoph.</strong></span> <span class='ocrx_word' id='word_1_178' title='bbox 613 3514 712 3578; x_wconf 84' lang='lat' dir='ltr'><strong>Anab.</strong></span> <span class='ocrx_word' id='word_1_179' title='bbox 744 3513 780 3578; x_wconf 79' lang='lat' dir='ltr'><strong>L.</strong></span> <span class='ocrx_word' id='word_1_180' title='bbox 813 3515 860 3579; x_wconf 86' lang='lat' dir='ltr'><strong>IV</strong></span> <span class='ocrx_word' id='word_1_181' title='bbox 887 3515 923 3579; x_wconf 87' lang='lat' dir='ltr'><strong>G.</strong></span> <span class='ocrx_word' id='word_1_182' title='bbox 948 3515 995 3580; x_wconf 83' lang='lat' dir='ltr'><strong>VI</strong></span> <span class='ocrx_word' id='word_1_183' title='bbox 1021 3491 1072 3581; x_wconf 50' lang='lat'><strong>10&#39;</strong></span> <span class='ocrx_word' id='word_1_184' title='bbox 1086 3521 1122 3590; x_wconf 76' lang='grc' dir='ltr'><strong>ὡς</strong></span> <span class='ocrx_word' id='word_1_185' title='bbox 1145 3518 1297 3599; x_wconf 64' lang='grc' dir='ltr'><strong>ἐλάχιστα</strong></span> <span class='ocrx_word' id='word_1_186' title='bbox 1321 3520 1449 3598; x_wconf 68' lang='grc' dir='ltr'><em>σώματα</em></span> 
     </span>
     <span class='ocr_line' id='line_1_25' title="bbox 435 3629 1448 3725; baseline 0.01 -31"><span class='ocrx_word' id='word_1_187' title='bbox 435 3629 540 3708; x_wconf 60' lang='lat' dir='ltr'><strong>cindato</strong></span> <span class='ocrx_word' id='word_1_188' title='bbox 562 3631 776 3709; x_wconf 60' lang='lat' dir='ltr'><strong>bretiniacum.</strong></span> <span class='ocrx_word' id='word_1_189' title='bbox 812 3634 852 3697; x_wconf 80' lang='lat' dir='ltr'><strong>Et</strong></span> <span class='ocrx_word' id='word_1_190' title='bbox 875 3633 966 3699; x_wconf 84' lang='lat' dir='ltr'><strong>Ovid.</strong></span> <span class='ocrx_word' id='word_1_191' title='bbox 991 3635 1073 3700; x_wconf 81' lang='lat' dir='ltr'><strong>Fast.</strong></span> <span class='ocrx_word' id='word_1_192' title='bbox 1097 3635 1145 3699; x_wconf 84' lang='lat' dir='ltr'><strong>IV</strong></span> <span class='ocrx_word' id='word_1_193' title='bbox 1171 3639 1253 3715; x_wconf 85' lang='grc'><strong>553,</strong></span> <span class='ocrx_word' id='word_1_194' title='bbox 1279 3641 1342 3703; x_wconf 84' lang='grc'><strong>556</strong></span> <span class='ocrx_word' id='word_1_195' title='bbox 1359 3642 1448 3725; x_wconf 90' lang='lat' dir='ltr'><strong>pueri</strong></span> 
     </span>
     <span class='ocr_line' id='line_1_26' title="bbox 436 3750 1448 3844; baseline 0.012 -33"><span class='ocrx_word' id='word_1_196' title='bbox 436 3769 545 3832; x_wconf 87' lang='lat' dir='ltr'><strong>corpus</strong></span> <span class='ocrx_word' id='word_1_197' title='bbox 580 3750 699 3815; x_wconf 87' lang='lat' dir='ltr'><strong>vivente</strong></span> <span class='ocrx_word' id='word_1_198' title='bbox 730 3752 835 3816; x_wconf 81' lang='lat' dir='ltr'><strong>favilla</strong></span> <span class='ocrx_word' id='word_1_199' title='bbox 866 3753 989 3832; x_wconf 88' lang='lat' dir='ltr'><strong>obruit,</strong></span> <span class='ocrx_word' id='word_1_200' title='bbox 1012 3791 1057 3803; x_wconf 83' lang='lat'><strong>-</strong></span> <span class='ocrx_word' id='word_1_201' title='bbox 1080 3755 1275 3841; x_wconf 84' lang='lat' dir='ltr'><strong>membraque</strong></span> <span class='ocrx_word' id='word_1_202' title='bbox 1306 3759 1346 3823; x_wconf 86' lang='lat' dir='ltr'><strong>ab</strong></span> <span class='ocrx_word' id='word_1_203' title='bbox 1377 3760 1448 3844; x_wconf 75' lang='lat' dir='ltr'><strong>igue</strong></span> 
     </span>
     <span class='ocr_line' id='line_1_27' title="bbox 435 3865 1446 3963; baseline 0.017 -37"><span class='ocrx_word' id='word_1_204' title='bbox 435 3865 531 3949; x_wconf 88' lang='lat' dir='ltr'><strong>rapit:</strong></span> <span class='ocrx_word' id='word_1_205' title='bbox 557 3866 666 3932; x_wconf 87' lang='lat' dir='ltr'><strong>Horat.</strong></span> <span class='ocrx_word' id='word_1_206' title='bbox 689 3868 726 3933; x_wconf 89' lang='lat' dir='ltr'><strong>L.</strong></span> <span class='ocrx_word' id='word_1_207' title='bbox 750 3869 767 3933; x_wconf 94' lang='lat' dir='ltr'>I</span> <span class='ocrx_word' id='word_1_208' title='bbox 783 3869 842 3934; x_wconf 89' lang='lat' dir='ltr'><strong>Od.</strong></span> <span class='ocrx_word' id='word_1_209' title='bbox 861 3870 984 3935; x_wconf 86' lang='lat' dir='ltr'>XXXV</span> <span class='ocrx_word' id='word_1_210' title='bbox 1001 3874 1019 3935; x_wconf 83' lang='lat'><strong>3</strong></span> <span class='ocrx_word' id='word_1_211' title='bbox 1036 3874 1163 3938; x_wconf 88' lang='lat' dir='ltr'><strong>mortale</strong></span> <span class='ocrx_word' id='word_1_212' title='bbox 1179 3896 1300 3960; x_wconf 91' lang='lat' dir='ltr'><strong>corpus.</strong></span> <span class='ocrx_word' id='word_1_213' title='bbox 1336 3876 1446 3963; x_wconf 89' lang='lat' dir='ltr'><strong>Neque</strong></span> 
     </span>
     <span class='ocr_line' id='line_1_28' title="bbox 435 3982 1442 4076; baseline 0.015 -30"><span class='ocrx_word' id='word_1_214' title='bbox 435 3982 532 4067; x_wconf 76' lang='lat' dir='ltr'><strong>igitur</strong></span> <span class='ocrx_word' id='word_1_215' title='bbox 554 3984 686 4050; x_wconf 87' lang='lat' dir='ltr'><strong>absurda</strong></span> <span class='ocrx_word' id='word_1_216' title='bbox 709 3990 860 4053; x_wconf 90' lang='lat' dir='ltr'><strong>sententia</strong></span> <span class='ocrx_word' id='word_1_217' title='bbox 883 3990 992 4055; x_wconf 84' lang='lat' dir='ltr'><strong>fuisset</strong></span> <span class='ocrx_word' id='word_1_218' title='bbox 1016 3992 1048 4056; x_wconf 92' lang='lat' dir='ltr'><strong>in</strong></span> <span class='ocrx_word' id='word_1_219' title='bbox 1073 3993 1255 4076; x_wconf 86' lang='lat' dir='ltr'><strong>glossemate</strong></span> <span class='ocrx_word' id='word_1_220' title='bbox 1279 3994 1330 4059; x_wconf 94' lang='lat' dir='ltr'><strong>Ol.</strong></span> <span class='ocrx_word' id='word_1_221' title='bbox 1356 3996 1442 4062; x_wconf 80' lang='lat' dir='ltr'><strong>X89</strong></span> 
     </span>
     <span class='ocr_line' id='line_1_29' title="bbox 435 4102 1445 4192; baseline 0.016 -27"><span class='ocrx_word' id='word_1_222' title='bbox 435 4102 511 4179; x_wconf 66' lang='grc' dir='ltr'><strong>σᾶμ’</strong></span> <span class='ocrx_word' id='word_1_223' title='bbox 532 4104 717 4185; x_wconf 54' lang='lat' dir='ltr'><strong>‘Antiatium</strong></span> <span class='ocrx_word' id='word_1_224' title='bbox 741 4112 845 4184; x_wconf 74' lang='grc' dir='ltr'><strong><em>σῶμωε</em></strong></span> <span class='ocrx_word' id='word_1_225' title='bbox 870 4110 952 4192; x_wconf 91' lang='lat' dir='ltr'><strong>quod</strong></span> <span class='ocrx_word' id='word_1_226' title='bbox 976 4113 1210 4177; x_wconf 87' lang='lat' dir='ltr'><strong>memoravimus</strong></span> <span class='ocrx_word' id='word_1_227' title='bbox 1233 4114 1265 4177; x_wconf 88' lang='lat' dir='ltr'><strong>in</strong></span> <span class='ocrx_word' id='word_1_228' title='bbox 1289 4116 1371 4179; x_wconf 88' lang='lat' dir='ltr'><strong>notis</strong></span> <span class='ocrx_word' id='word_1_229' title='bbox 1390 4119 1445 4181; x_wconf 90' lang='lat' dir='ltr'><strong>cri·</strong></span> 
     </span>
     <span class='ocr_line' id='line_1_30' title="bbox 434 4219 1446 4316; baseline 0.017 -34"><span class='ocrx_word' id='word_1_230' title='bbox 434 4219 503 4284; x_wconf 91' lang='lat' dir='ltr'><strong>ticis</strong></span> <span class='ocrx_word' id='word_1_231' title='bbox 526 4219 565 4284; x_wconf 91' lang='lat' dir='ltr'><strong>ad</strong></span> <span class='ocrx_word' id='word_1_232' title='bbox 589 4244 660 4287; x_wconf 90' lang='lat' dir='ltr'><strong>eum</strong></span> <span class='ocrx_word' id='word_1_233' title='bbox 682 4223 801 4289; x_wconf 88' lang='lat' dir='ltr'><strong>locum:</strong></span> <span class='ocrx_word' id='word_1_234' title='bbox 827 4248 924 4312; x_wconf 89' lang='lat' dir='ltr'><strong>eoque</strong></span> <span class='ocrx_word' id='word_1_235' title='bbox 948 4229 1038 4294; x_wconf 89' lang='lat' dir='ltr'><strong>etiam</strong></span> <span class='ocrx_word' id='word_1_236' title='bbox 1063 4230 1213 4314; x_wconf 88' lang='lat' dir='ltr'><strong>pertinere</strong></span> <span class='ocrx_word' id='word_1_237' title='bbox 1237 4234 1338 4316; x_wconf 90' lang='lat' dir='ltr'><strong>potuit</strong></span> <span class='ocrx_word' id='word_1_238' title='bbox 1361 4235 1446 4299; x_wconf 91' lang='lat' dir='ltr'><strong>scho-</strong></span> 
     </span>
     <span class='ocr_line' id='line_1_31' title="bbox 434 4336 1445 4430; baseline 0.019 -31"><span class='ocrx_word' id='word_1_239' title='bbox 434 4336 498 4401; x_wconf 89' lang='lat' dir='ltr'><strong>lion</strong></span> <span class='ocrx_word' id='word_1_240' title='bbox 521 4346 627 4417; x_wconf 90' lang='lat' dir='ltr'><strong>vetus,</strong></span> <span class='ocrx_word' id='word_1_241' title='bbox 652 4342 702 4405; x_wconf 74' lang='grc' dir='ltr'><strong>ἑνὶν</strong></span> <span class='ocrx_word' id='word_1_242' title='bbox 725 4343 754 4405; x_wconf 70' lang='grc' dir='ltr'><strong>δὲ</strong></span> <span class='ocrx_word' id='word_1_243' title='bbox 777 4344 932 4425; x_wconf 64' lang='grc' dir='ltr'><strong>γράφηται</strong></span> <span class='ocrx_word' id='word_1_244' title='bbox 954 4348 1239 4430; x_wconf 70' lang='grc' dir='ltr'><strong><em>Σᾶμ’·’Λλνρ’ῥνθίον,</em></strong></span> <span class='ocrx_word' id='word_1_245' title='bbox 1258 4350 1340 4416; x_wconf 73' lang='grc' dir='ltr'><strong><em>ἔσται</em></strong></span> <span class='ocrx_word' id='word_1_246' title='bbox 1357 4354 1445 4426; x_wconf 70' lang='grc' dir='ltr'>αὐτὸς</span> 
     </span>
     <span class='ocr_line' id='line_1_32' title="bbox 434 4455 1445 4555; baseline 0.017 -37"><span class='ocrx_word' id='word_1_247' title='bbox 434 4455 448 4518; x_wconf 84' lang='lat' dir='ltr'><strong>o‘</strong></span> <span class='ocrx_word' id='word_1_248' title='bbox 479 4456 659 4537; x_wconf 57' lang='lat' dir='ltr'><strong>melidono,</strong></span> <span class='ocrx_word' id='word_1_249' title='bbox 692 4460 742 4523; x_wconf 91' lang='lat' dir='ltr'><strong>cui</strong></span> <span class='ocrx_word' id='word_1_250' title='bbox 773 4467 876 4529; x_wconf 86' lang='lat' dir='ltr'><strong>tamen</strong></span> <span class='ocrx_word' id='word_1_251' title='bbox 900 4464 961 4530; x_wconf 87' lang='lat' dir='ltr'><strong>alia</strong></span> <span class='ocrx_word' id='word_1_252' title='bbox 983 4466 1119 4531; x_wconf 81' lang='lat' dir='ltr'><strong>admixta</strong></span> <span class='ocrx_word' id='word_1_253' title='bbox 1141 4478 1231 4547; x_wconf 91' lang='lat' dir='ltr'><strong>sunt,</strong></span> <span class='ocrx_word' id='word_1_254' title='bbox 1257 4492 1293 4533; x_wconf 84' lang='lat' dir='ltr'><strong>ex</strong></span> <span class='ocrx_word' id='word_1_255' title='bbox 1316 4471 1445 4555; x_wconf 84' lang='lat' dir='ltr'><strong>explica-</strong></span> 
     </span>
    </p>
   </div>
   <div class='ocr_carea' id='block_1_9' title="bbox 0 0 1888 5534">
    <p class='ocr_par' dir='ltr' id='par_1_9' title="bbox 0 0 1888 5534">
     <span class='ocr_line' id='line_1_33' title="bbox 0 0 1888 5534; baseline 0 1"><span class='ocrx_word' id='word_1_256' title='bbox 0 0 1888 5534; x_wconf 95' lang='lat' dir='ltr'><strong> </strong></span> 
     </span>
    </p>
   </div>
  </div>
 </body>
</html>
