3767 5534
918 672 990 764 ac'

432 906 513 989 apud
537 905 721 983 Pindaruni,
746 906 778 969 in
803 906 906 990 primis
930 907 1154 971 inconstantiae
1178 931 1281 971 rerum
1297 908 1446 972 humana·

431 1048 500 1088 rum
531 1025 783 1102 existimatorem,
810 1025 895 1089 Jovis
918 1026 1070 1089 incusatio
1094 1038 1155 1105 est,
1179 1026 1266 1091 nulla
1289 1026 1445 1113 depressio

431 1144 541 1223 animi,
566 1144 618 1207 sed
643 1146 784 1209 excitatio
808 1146 930 1210 virtutis
948 1169 1065 1231 semper
1080 1147 1276 1234 optimaeque
1293 1169 1446 1212 commen·

432 1264 516 1328 datio
539 1264 649 1329 laudis.
686 1267 788 1349 Atque
804 1265 862 1329 hoc
878 1266 1038 1349 profiteor,
1056 1288 1118 1330 uno
1134 1274 1256 1331 tantum
1272 1266 1339 1331 loco
1355 1290 1445 1347 eum,

430 1385 569 1469 quamvis
592 1384 796 1448 consolantem
822 1398 852 1447 et
868 1384 1068 1463 excitantem,
1086 1385 1280 1471 aliquantum
1297 1386 1442 1452 accedere

432 1504 470 1568 ad
501 1503 650 1589 ejusmodi
681 1504 853 1600 tristitiam,
882 1527 961 1589 quae
985 1504 1123 1569 videatur
1146 1504 1361 1591 Theognidea,
1387 1506 1445 1571 ubi

432 1632 664 1701 commemorat,
697 1624 758 1687 duo
788 1624 868 1687 mala
891 1624 980 1709 juxta
1003 1647 1099 1689 unum
1123 1625 1236 1690 honum
1261 1626 1445 1690 mortalibus

432 1744 565 1808 tribuere
596 1744 693 1807 Deos:
719 1743 772 1809 sed
795 1744 869 1807 haee
894 1743 960 1827 ipsa
983 1745 1135 1808 sententia
1159 1744 1337 1810 videmusne
1360 1744 1447 1809 unde

434 1864 495 1928 sit?
534 1862 655 1927 Scilicet
679 1885 740 1927 non
764 1885 831 1927 erun
854 1864 919 1949 ipse
936 1863 1076 1947 profert,
1097 1863 1210 1949 repetit
1225 1886 1289 1928 eam
1307 1863 1447 1942 aliunde,

435 2006 529 2069 quum
552 1982 650 2046 dicat:

726 2098 875 2178 μανθάνων
901 2096 982 2164 cleda
1005 2100 1151 2181 προτέρων·

413 2223 539 2290 ,novuti
569 2223 701 2285 discendo
728 2245 747 2283 a
763 2220 931 2302 prioritas:
957 2242 1029 2304 ergo
1053 2221 1126 2284 haec
1150 2222 1215 2305 ipsa
1240 2221 1357 2285 tristior
1383 2245 1450 2285 sen-

405 2409 408 2414 ,
434 2343 547 2420 tentia,
572 2341 691 2417 debita,
715 2339 775 2403 nisi
798 2338 904 2416 fallor,
930 2340 1096 2424 sapientiae
1120 2341 1147 2405 ei
1171 2342 1345 2426 gnomicae,
1367 2364 1448 2425 quae

434 2463 514 2526 vitae
544 2484 590 2524 res
622 2469 651 2524 et
680 2459 871 2523 incommoda
895 2459 1171 2545 complectebatur,
1198 2483 1215 2523 a
1237 2460 1373 2524 Pindaro
1398 2460 1450 2524 ad·

435 2581 534 2646 hibita
556 2588 602 2645 est
624 2579 662 2642 ad
685 2578 819 2643 meliora.
837 2579 859 2662 ¹)

479 2699 683 2764 Procedamus
715 2720 767 2776 eo,
800 2705 835 2761 ut
866 2698 958 2761 etiam
990 2696 1181 2762 Herodotum
1215 2721 1285 2762 cum
1317 2698 1450 2763 Pindaro

434 2842 652 2905 comparemus.
699 2816 761 2897 Qui
796 2824 911 2901 quanto
941 2816 1033 2880 fuerit
1064 2816 1230 2901 indagandi
1264 2817 1386 2895 studio,
1420 2827 1450 2881 et

435 2941 501 3025 ejus
531 2947 645 3043 quapta
676 2938 716 3000 sit
746 2937 965 3001 sententiarum
996 2936 1180 3021 optimarum
1209 2935 1350 3013 ubertaS,
1375 2935 1451 2999 alias

436 3058 648 3143 exposuimus:
673 3078 756 3120 nunc
780 3078 866 3134 vero,
891 3062 928 3119 ut
951 3056 991 3120 sit
1015 3062 1045 3119 et
1069 3055 1247 3139 simplicitas
1270 3053 1450 3139 disputandi

436 3186 467 3242 et
489 3177 635 3254 brevitas
659 3183 845 3261 repetamus,
867 3174 942 3260 quid
962 3174 1000 3239 de
1015 3173 1152 3239 Deorum
1167 3174 1282 3239 invidia
1298 3174 1451 3239 existima·

437 3299 526 3376 verit,
551 3304 582 3362 et
604 3319 675 3360 curn
697 3294 829 3359 Pindaro
853 3295 1052 3359 conferamus.
1091 3292 1208 3379 Nempe
1231 3281 1314 3380 apud
1330 3302 1448 3379 patrem

435 3417 579 3482 historiae
602 3423 647 3480 est
670 3416 703 3480 τὸ
726 3417 795 3480 θεῖον
817 3420 879 3479 πᾶν
902 3414 1032 3495 φθονερόν
1055 3438 1089 3478 τε
1109 3413 1159 3477 καὶ
1176 3412 1358 3495 ταραχῶδες·
1375 3412 1451 3478 dioi-

437 3562 505 3602 aam
535 3559 639 3601 acmen
669 3558 749 3599 amare
779 3534 907 3599 incidam
935 3557 970 3597 ac
992 3532 1153 3597 turbidam:
1168 3532 1191 3616 2)
1216 3540 1247 3596 et
1269 3532 1359 3596 alibi:
1384 3534 1397 3597 ὁ
1421 3532 1451 3596 δὲ

437 3658 514 3740 θεὸς,
538 3657 649 3734 γλυκὺν
672 3654 783 3733 νεύσας
805 3654 854 3719 τὸν
874 3655 978 3738 alaim,
998 3652 1129 3734 φθονερὸς
1148 3653 1176 3716 ἐν
1193 3652 1272 3732 αὐτῷ
1289 3652 1452 3730 εὑρίσκεται

375 3822 380 3828 -
438 3777 497 3841 ἐών·
522 3780 607 3852 dcco,
633 3798 719 3861 quarm
741 3774 821 3838 nobie
845 3773 921 3836 citae
939 3772 1112 3836 simultatem
1127 3774 1302 3853 portandam
1322 3771 1451 3848 aaa,

439 3898 554 3961 invidas
587 3897 619 3958 a'a
652 3917 687 3958 ea
720 3894 872 3975 reparatur.
890 3890 914 3975 ³)
965 3890 1044 3955 Nam
1079 3890 1276 3955 historiarum
1311 3889 1452 3953 omnium

439 4016 556 4080 ratione
591 4022 748 4100 perspecta
782 4011 959 4075 Herodotus
994 4010 1032 4074 ad
1064 4007 1307 4096 perspiciendam
1343 4008 1453 4071 acriter
1514 4067 1517 4074 .

440 4158 542 4200 rerum
572 4134 777 4198 humanarum
806 4131 1041 4196 inconstantiam
1074 4129 1225 4195 adductus
1253 4136 1315 4191 est:
1342 4149 1454 4213 easque

440 4253 623 4329 sentent-im,
656 4273 784 4336 quarum
815 4250 940 4314 alteram
973 4248 1054 4334 apud
1086 4271 1155 4313 eum
1186 4247 1299 4325 Solon,
1328 4245 1454 4309 alteram

435 4437 629 4451 β

475 4533 498 4593 r)
516 4532 557 4598 ry.
576 4532 625 4581 m.
644 4530 699 4580 na.
717 4530 786 4579 conf.
801 4545 870 4593 pap.
886 4528 931 4585 ae,
951 4524 990 4579 57.
1043 4526 1068 4587 a)
1087 4525 1113 4574 r.
1131 4526 1152 4572 r.
1171 4523 1211 4573 aa.
1262 4522 1285 4583 a)
1303 4522 1330 4571 n
1344 4520 1455 4572 arrae.
