3767 5534
1029 726 1093 785 506

548 919 693 986 efficitur:
719 932 785 989 tum
809 948 879 989 vero
903 949 938 990 ea
959 927 1059 1011 gloria
1081 926 1120 989 ad
1142 926 1243 1009 ipsum
1268 947 1392 1010 quoque
1415 925 1564 989 victorem

550 1039 731 1122 pertinebit:
756 1042 788 1106 id
811 1044 896 1129 quod
920 1044 1110 1128 significatur
1132 1043 1225 1107 verbo
1249 1042 1359 1106 medio.

597 1160 648 1222 75.
684 1159 757 1240 ἔργῳ
779 1161 914 1227 καθελών.
947 1162 1056 1242 ’Ἔργον
1080 1169 1126 1225 est
1148 1162 1246 1246 ipsius
1269 1160 1356 1225 labor
1377 1159 1565 1224 certaminis.

551 1272 639 1341 (loni.
664 1287 768 1344 annot.
794 1281 832 1344 ad
856 1280 905 1345 Ol.
931 1281 996 1345 VII
1022 1285 1094 1346 154.
1131 1282 1282 1360 Κιιθιιιρεῖν
1305 1302 1323 1343 a
1343 1279 1510 1344 scholiasta
1528 1276 1566 1341 de

549 1396 709 1481 profligato
733 1398 904 1463 adversario
928 1422 962 1463 ao
978 1399 1149 1485 perdomita
1163 1400 1228 1484 ejus
1245 1398 1427 1483 gloriatione
1444 1397 1564 1462 dictum

550 1536 614 1577 esse
638 1524 781 1600 putatur,
804 1525 839 1581 ut
853 1519 1043 1583 monuimus:
1063 1526 1092 1582 et
1109 1540 1198 1601 saepe
1213 1516 1365 1602 ejusmodi
1381 1514 1564 1601 significatio

549 1639 610 1710 est,
629 1634 713 1699 velut
728 1635 843 1701 Herod.
860 1637 876 1701 I
895 1640 934 1703 71
953 1644 1066 1716 Κροῖσος
1082 1638 1208 1708 danicae
1226 1637 1410 1715 καταιρήσειν
1426 1634 1516 1716 Κῦρόν
1532 1658 1564 1702 τε

551 1751 601 1816 aa}
617 1756 668 1828 τὴν
684 1755 812 1834 Περσέων
828 1756 959 1834 δύναμιν.
985 1756 1102 1822 Verum
1118 1757 1156 1821 de
1169 1756 1307 1821 confecto
1319 1755 1387 1840 ipso
1400 1754 1564 1820 certamine

553 1882 584 1936 et
607 1873 645 1937 de
668 1883 822 1959 reportata
845 1877 989 1940 victoriae
1013 1877 1110 1962 gloria
1126 1876 1244 1941 dictum
1260 1897 1324 1939 esse
1339 1874 1472 1938 videtur.
1508 1873 1562 1957 Py.

551 1991 580 2049 V
605 1994 646 2055 26
670 2003 701 2057 et
724 1994 808 2079 Tyrt.
834 1994 951 2059 11136
977 2003 1023 2059 est
1045 1992 1132 2075 εὖχος
1157 1994 1241 2059 ἑλεῖν.
1276 1992 1370 2077 Soph
1395 1990 1473 2056 Oed.
1498 1991 1563 2055 001.

553 2112 637 2173 1148
668 2112 749 2190 ἀγὼν
778 2114 831 2189 μὲν
862 2110 943 2185 οὗτος
972 2112 1061 2195 ᾑρέθη.
1110 2111 1203 2197 Apud
1227 2109 1422 2176 Herodotum
1445 2108 1561 2174 Xerxes

551 2230 708 2295 Artabano
738 2231 777 2295 de
810 2233 928 2317 magnis
952 2234 1101 2317 majorum
1125 2253 1251 2295 suornm
1274 2229 1364 2294 rebus
1387 2228 1483 2313 gestis
1493 2276 1503 2305 ,
1527 2226 1562 2292 L.

552 2347 616 2412 VII
641 2353 696 2412 50:
721 2351 847 2427 μεγάλιι
870 2351 930 2430 γὰρ
950 2353 1119 2432 πρήγματι
1138 2348 1296 2426 μεγάλοισι
1313 2346 1460 2412 κινδύνοισι
1476 2346 1564 2412 ἐθέλει

551 2468 762 2545 excaecatae.
809 2468 851 2531 Et
882 2469 919 2533 de
951 2469 1024 2554 ipsis
1057 2468 1180 2553 proeliis
1212 2466 1260 2531 IX
1291 2468 1352 2543 35,
1384 2464 1564 2529 Tisamenus

553 2592 634 2649 vates
658 2586 876 2671 Spartanorum
898 2588 1021 2673 adjutor
1040 2586 1126 2652 πέντε
1141 2592 1196 2667 σφι
1211 2583 1425 2662 μαντευόμενος
1442 2584 1561 2661 ἀγῶνας

551 2704 763 2785 συγκαταιρέει.
809 2706 1011 2784 Plutarchus,
1047 2705 1124 2769 Oim.
1161 2703 1245 2768 XIII
1278 2703 1317 2767 de
1351 2702 1489 2767 victoriis
1521 2700 1559 2765 ad

551 2820 810 2906 Eurymedontem
833 2823 871 2888 ab
895 2824 968 2908 ipsis
991 2823 1073 2887 ludis
1097 2821 1187 2886 verba
1211 2821 1321 2886 sumit:
1346 2819 1445 2897 Κίμων
1469 2818 1562 2884 δ’ὥσ-

551 2965 604 3020 περ
626 2942 754 3016 νὶθνιντὶιι
778 2942 879 3021 δεινὸς,
903 2942 997 3024 ἡμέρᾳ
1018 2948 1074 3024 μιᾷ
1097 2941 1144 3006 δύο
1166 2940 1326 3020 καθῃρηκὼς
1346 2938 1559 3015 ἀγωνίσματι.

551 3057 639 3123 Oonf.
664 3060 821 3125 annotatio
845 3061 977 3125 adeum
1001 3060 1103 3123 locum
1127 3057 1258 3123 Arnoldi
1282 3055 1400 3133 lecket,
1426 3078 1478 3141 pp.
1498 3056 1561 3118 114

551 3185 581 3243 et
608 3182 688 3257 164,
713 3186 743 3243 et
767 3180 924 3244 annotatio
949 3186 1054 3241 nostra
1077 3176 1115 3240 ad
1139 3174 1188 3239 Ol.
1213 3174 1231 3238 Ι
1256 3176 1330 3238 lla.

599 3300 649 3363 76.
685 3299 799 3363 στάδιον
825 3299 1002 3376 ἀρίστευσεν.
1040 3295 1145 3375 Quum
1169 3295 1227 3358 hoc
1250 3294 1318 3357 loco
1341 3292 1418 3357 certi
1441 3290 1562 3375 generis

550 3424 702 3481 certamen
738 3416 828 3480 verbo
859 3415 1000 3479 additum
1031 3414 1089 3491 sit,
1120 3413 1246 3477 omnino
1278 3410 1340 3474 late
1371 3415 1457 3493 patet
1488 3429 1563 3471 usus

550 3536 716 3601 accusativi
746 3535 778 3599 in
808 3533 907 3598 verbis
938 3532 1076 3597 certandi
1106 3539 1137 3595 et
1167 3529 1327 3595 vincendi:
1360 3527 1446 3592 velut
1480 3524 1564 3611 apud

549 3655 768 3732 Plutarchum,
796 3654 888 3717 Phoc.
912 3652 992 3728 XX,
1009 3649 1153 3715 scribitur
1168 3648 1368 3726 νὶγιινίσιισθιιι
1383 3644 1563 3723 ἀποβάτην,

548 3774 581 3838 in
604 3796 666 3858 quo
690 3780 822 3837 certator
844 3794 898 3856 pro
922 3768 1059 3834 certandi
1074 3790 1183 3854 genere
1200 3775 1292 3853 atque
1308 3765 1352 3843 ita
1368 3786 1423 3849 pro
1439 3763 1563 3848 objecto

546 3893 629 3958 verbi
652 3892 787 3976 ponitur.
1058 3882 1061 3887 ’

594 4012 645 4074 79.
680 4010 746 4074 ὅδὲ
769 4010 865 4089 πάλιν.
900 4008 1044 4092 Intellige
1062 4008 1239 4088 ἀρίστευσεν.
1275 4002 1442 4087 Partioipio
1459 4001 1562 4067 meat-

547 4151 599 4191 νων
626 4128 787 4211 respicitur
808 4126 847 4190 ad
870 4126 1015 4190 victoriae
1037 4125 1166 4209 gloriam
1188 4122 1412 4188 redundantem
1434 4118 1476 4183 ad
1499 4118 1563 4183 vic·

550 4244 624 4308 toris
648 4245 786 4329 patriam.

596 4363 647 4425 81.
682 4362 776 4433 τέλος.
810 4361 942 4425 Felicem
966 4361 1091 4425 exitum.
1138 4357 1194 4423 Ist.
1219 4356 1266 4422 IV
1291 4359 1331 4420 ta

840 4482 919 4546 terra
947 4479 971 4543 δ’
993 4477 1126 4562 ιέφιὶνειιι
1147 4463 1248 4557 νύχιις
