3767 5534
913 718 977 778 532

483 920 513 981 9.
548 918 682 995 σαριθαι.Υ
701 914 790 995 Quae
817 916 1007 982 distribuunt
1030 916 1077 980 vel
1100 918 1203 1001 potius
1227 917 1353 982 donant.
1401 919 1449 984 Of.

323 991 326 996 ’
437 1032 488 1097 οι.
511 1033 589 1098 xiv
615 1036 665 1099 m.

484 1155 534 1216 12.
570 1152 699 1218 ἐθέλοντι.
733 1151 782 1215 In.
804 1151 927 1215 scholiis
959 1152 1089 1215 refertur
1119 1151 1166 1214 vel
1188 1152 1227 1216 ad
1251 1151 1449 1229 Corinthios,

436 1270 484 1333 vel
507 1270 545 1333 ad
570 1269 686 1333 Horas:
713 1276 742 1332 et
765 1270 808 1332 sie
832 1290 956 1353 quoque
973 1277 1019 1333 est
1035 1270 1067 1332 in
1083 1270 1120 1333 iis
1137 1269 1301 1353 explicatio
1318 1269 1448 1355 duplex:

435 1387 483 1451 rel
515 1388 595 1451 Deae
625 1387 658 1450 id
688 1386 848 1452 effecturos
879 1409 962 1450 esse:
996 1386 1044 1450 vel
1074 1386 1243 1451 Pindarum
1272 1388 1390 1471 precari
1413 1396 1450 1451 ut

426 1504 575 1571 officiant.
611 1504 726 1568 Verum
757 1511 803 1568 est
832 1506 974 1568 unIversa
996 1503 1142 1568 laudatio.
1191 1504 1280 1569 Dixit
1304 1506 1456 1589 quidem,

434 1622 535 1687 Horas
565 1621 703 1686 hahitare
734 1618 891 1685 Corinthi:
925 1643 997 1705 ergo
1028 1621 1120 1686 rebus
1149 1623 1218 1700 iis,
1238 1645 1316 1705 quas
1345 1622 1449 1687 Horae

433 1740 566 1816 donant,
599 1761 660 1802 nou
691 1738 903 1803 destituuntur
933 1737 1089 1801 Corinthii
1118 1738 1171 1801 sed
1202 1739 1251 1802 vel
1281 1740 1446 1824 inprimis

433 1858 578 1942 gaudent.
614 1856 728 1920 Verum
748 1858 813 1942 jam
834 1856 978 1919 universa
1001 1856 1277 1921 sententia'dictae
1296 1864 1372 1921 sunt
1387 1879 1447 1921 non

432 1974 537 2054 βοθθρον
559 1975 701 2053 Κορίνθου,
725 1973 779 2036 sed
797 1975 921 2056 πολίων,
937 1994 1000 2035 non
1016 1973 1125 2049 σαινθαι
1140 1973 1285 2053 Κορινθίοις
1302 1975 1446 2052 πλούτου,

433 2092 486 2155 sed
516 2090 643 2171 ιὶνθρθσι.
689 2091 740 2154 Ita
770 2091 886 2175 pergit,
917 2112 968 2153 eas
1001 2089 1081 2154 Deus
1106 2090 1197 2168 velle,
1225 2090 1257 2153 id
1274 2097 1329 2161 ,est
1343 2090 1446 2161 ,solere

433 2232 533 2274 arcere
565 2208 749 2293 superbiam.
797 2206 877 2272 Nam
910 2207 1013 2273 ἐθέλειν
1044 2209 1158 2291 pariter
1173 2229 1224 2286 ⁸ac
1253 2214 1354 2290 φιλεῖν
1381 2196 1444 2272 eam

433 2350 523 2413 saepe
555 2326 807 2412 significationem
839 2324 949 2388 habet:
981 2324 1096 2387 Herod.
1122 2323 1185 2387 VII
1219 2324 1322 2389 aaut
1348 2325 1446 2405 πείρης

433 2443 536 2507 πανσα
558 2443 723 2521 οἶνθρθποισι
746 2440 842 2522 Φιλέει
865 2443 1012 2517 νίνοσθαιι
1036 2439 1101 2504 VII
1130 2442 1188 2506 157
1213 2444 1254 2521 τῷ
1277 2438 1444 2537 εθβονλευ-

433 2551 507 2625 θθνπι
530 2561 685 2640 πρήγματι
707 2560 831 2632 retraxi
854 2560 969 2637 χρηστὴ
992 2557 1081 2623 ἐθέλει
1104 2558 1292 2634 ἐπιγίνεσθαι.
1476 2637 1480 2660 Ι

480 2679 531 2739 11.
563 2676 668 2755 Ὕβριν
702 2675 788 2755 Κθρον
822 2675 948 2755 ματέρα.
984 2673 1139 2757 Theognis
1177 2677 1238 2738 155
1276 2676 1368 2741 πθιισει
1403 2698 1443 2741 σοι

386 2815 396 2832 ·
433 2792 510 2873 ιιθρος
541 2790 639 2871 ὕβρινε
672 2814 763 2875 quem
794 2812 912 2854 versum
937 2790 1102 2854 scholiasta
1124 2798 1211 2854 vetus
1235 2790 1372 2856 Homero
1395 2792 1445 2855 tri·

433 2909 512 2973 buit.
559 2906 726 2972 Oraculum
765 2906 888 2971 Bacidis
926 2907 965 2971 de
1004 2909 1130 2971 victoria
1163 2906 1328 2974 Salaminia
1362 2909 1443 2994 apud

432 3025 624 3091 Herodotum
647 3024 730 3089 VIII
756 3026 816 3090 157

543 3143 591 3208 tta
614 3142 688 3217 Δίαν
712 3141 831 3218 σβέσσει
855 3142 989 3219 κρατερὸν
1011 3140 1095 3221 Κθρνν
1115 3139 1233 3220 Ὕβριος
1257 3142 1324 3209 υἱθν.

431 3259 547 3323 Verum
562 3282 619 3323 nec
634 3258 735 3343 ampla
751 3281 823 3322 sane
838 3280 895 3322 uec
910 3257 1001 3321 docta
1016 3257 1225 3343 disputatione
1240 3280 1319 3343 opus
1331 3267 1394 3337 est,
1406 3267 1442 3322 ut

431 3377 654 3461 intelligamus,
667 3376 800 3439 vicissim
811 3375 938 3439 Pindari
950 3376 1131 3440 sententiam
1145 3398 1241 3461 aeque
1253 3398 1355 3441 veram
1367 3399 1441 3441 esse.

479 3498 530 3557 14.
565 3494 636 3573 ἔχιν.
672 3491 831 3557 Laudibus
855 3491 1010 3557 Horarum
1034 3492 1197 3577 expositis,
1222 3492 1324 3558 denuo
1344 3493 1444 3557 etim·

431 3613 556 3698 pensius
589 3618 619 3674 et
642 3610 796 3694 copiosius
819 3608 962 3674 Corinthi
985 3608 1130 3694 gloriam,
1154 3630 1247 3693 quam
1269 3610 1444 3693 praedicare

432 3730 626 3805 instituerat,
658 3726 884 3804 celebraturus,
918 3727 1048 3789 insitum
1079 3726 1137 3791 sihi
1168 3748 1259 3790 suum
1290 3748 1348 3790 nee
1377 3726 1443 3790 ullo

430 3845 523 3911 modo
554 3843 787 3929 opprimendum
818 3842 956 3907 studium
988 3842 1142 3927 praeclara
1164 3842 1289 3927 quaevis
1313 3842 1444 3908 canendi

432 3960 497 4044 ipse
528 3957 653 4035 laudat,
676 3956 806 4040 ideoque
829 3978 860 4020 se
884 3956 921 4019 ed
946 3955 1154 4021 nobilissimae
1176 3956 1310 4019 civitatis
1334 3955 1445 4022 decora

432 4074 569 4140 ornanda
590 4074 706 4159 impelli
730 4073 815 4137 dieit.
850 4073 895 4137 Τὸ
917 4073 1060 4151 συγγενὲς
1082 4070 1143 4149 ἦθος
1159 4079 1206 4137 est
1221 4071 1363 4149 Pindari,
1379 4094 1444 4148 nou

430 4191 661 4258 Corinthiorum
668 4241 682 4275 ,
713 4191 746 4254 id
780 4189 863 4276 quod
894 4189 1035 4254 nonnulli
1062 4190 1243 4265 voluerunt,
1274 4189 1444 4273 significari

430 4281 637 4375 existimantes
669 4307 844 4371 Corinthios
872 4314 983 4370 natura
1011 4329 1066 4372 sua
1084 4306 1134 4370 ad
1161 4306 1315 4391 praeclara
1347 4305 1444 4370 factos

430 4428 583 4511 peperisse
606 4427 774 4512 praeclara,
804 4426 964 4510 quaejam
988 4424 1218 4508 praedicaturus
1240 4424 1291 4487 sit.
