3767 5534
914 706 977 770 act

481 914 535 975 54.
576 910 728 992 μάρτυρες.
769 908 893 973 Scilicet
924 915 975 973 τοῦ
1006 914 1110 973 πιστοῦ
1134 907 1196 971 sive
1220 915 1273 982 τῆς
1296 909 1448 979 dictales.

431 1030 484 1096 Sic
509 1030 560 1095 Ol.
585 1029 615 1094 X
640 1032 681 1094 65
702 1032 715 1096 ὁ
738 1027 906 1109 ἐξελέγχων
922 1028 1006 1105 μόνος
1022 1027 1164 1092 σίλοίίειιιν
1179 1027 1322 1105 ἐτήτυμον
1337 1027 1448 1107 χρόνος.

480 1151 535 1214 57.
571 1151 658 1225 μείων
679 1149 739 1229 γὰρ
762 1148 855 1212 alula.
891 1144 1140 1231 comparativum
1165 1168 1280 1231 ponens
1297 1146 1450 1231 significat

430 1267 549 1346 Poeta,
581 1267 702 1352 culpam
734 1266 864 1331 inveniri
896 1288 985 1351 posse
1013 1264 1060 1329 vel
1091 1264 1233 1330 bonade
1258 1264 1325 1329 Diis
1349 1264 1450 1329 dicere

431 1387 584 1473 cupienti.
631 1385 672 1451 Of
702 1365 877 1452 dissertatio
912 1394 1017 1450 nostra
1050 1384 1088 1448 de
1122 1384 1249 1449 Pindari
1281 1384 1449 1471 sapientia,

432 1507 471 1571 G.
498 1506 595 1593 Iar
622 1528 692 1593 pag.
719 1509 748 1572 7.

483 1628 538 1691 58.
573 1627 616 1691 σὲ.
652 1624 770 1689 Pendet
793 1624 844 1688 hic
868 1625 1060 1688 accusativus
1085 1624 1123 1688 ab
1146 1622 1278 1704 οίρπιίσιιι
1303 1646 1344 1687 vs.
1371 1625 1422 1686 64.

483 1748 538 1809 59.
576 1745 664 1810 ἀντίοι
694 1742 841 1822 προτέρων.
878 1742 944 1824 Qui
974 1743 1089 1807 fuerint
1120 1744 1312 1830 potissimum
1343 1743 1452 1807 veteris

432 1864 474 1929 da
499 1864 613 1950 Pelope
636 1863 811 1929 traditionis
835 1871 992 1942 auctores,
1026 1886 1088 1928 non
1112 1873 1254 1949 apparet:
1282 1862 1366 1947 apud
1390 1861 1453 1925 Ho-

432 2010 559 2052 merum
575 1995 605 2051 et
620 1987 790 2052 Hesiodum
806 1987 922 2052 mentio
938 1985 1063 2071 quidem
1079 1984 1166 2050 nulla
1181 1983 1219 2048 de
1235 1981 1384 2048 catabula
1396 1988 1452 2045 est.

486 2110 539 2172 66.
574 2107 707 2173 εἰοίλεσε.
732 2106 855 2171 Scilicet
877 2106 974 2182 ίεοιίς,
997 2128 1013 2170 e
1038 2128 1081 2169 vs.
1108 2106 1160 2168 63.

486 2228 540 2290 62.
573 2225 668 2307 ipanus
691 2225 753 2291 dici
775 2226 882 2312 epulas
905 2248 940 2291 ex
966 2225 1040 2311 ipsis
1064 2224 1262 2289 convivarum
1285 2222 1373 2286 donis
1391 2222 1451 2285 col-

434 2346 520 2412 latas
551 2345 625 2410 satia
654 2352 763 2410 notum
795 2353 859 2410 est:
890 2367 970 2430 quae
997 2344 1180 2429 significatio
1204 2341 1277 2406 huic
1300 2340 1367 2405 loco
1392 2364 1453 2405 non

435 2465 602 2543 convenit,
633 2462 687 2528 sed
718 2463 930 2549 significantur
961 2463 1071 2550 epulae
1102 2484 1203 2527 amore
1234 2471 1264 2526 et
1296 2460 1454 2524 voluntate

435 2583 572 2649 oblatae.
617 2581 742 2647 Latiore
774 2605 865 2648 senisu
895 2582 991 2664 ἔρανοι
1022 2582 1147 2647 omniuo
1178 2588 1224 2645 est
1251 2580 1366 2644 donum
1389 2602 1455 2665 gra-

436 2703 577 2781 tuitum,
606 2701 691 2767 velut
713 2700 822 2788 Eurip.
847 2702 922 2788 Sup.
948 2704 1012 2767 366
1038 2701 1152 2766 dicitur
1175 2700 1213 2765 de
1237 2700 1340 2765 labore
1363 2722 1454 2785 quem

436 2822 531 2889 liberi
563 2828 686 2908 propter
716 2828 857 2906 parentes
889 2822 1079 2899 sustineant,
1113 2820 1284 2907 praemium
1311 2843 1328 2883 a
1351 2819 1455 2884 liberis

441 2939 614 3027 aliquando
637 2939 790 3005 habituri:

578 3056 736 3125 κάλλιστον
758 3058 853 3141 ἔριονον
875 3059 938 3131 δοὺς
961 3058 1020 3140 γάρ
1042 3058 1236 3141 anritemo

578 3177 688 3242 ποοίδοον
710 3181 779 3256 παρ’
801 3179 892 3244 αὑτοῦ
915 3179 1013 3259 τοιοίδ’,
1036 3178 1073 3244 ἃν
1096 3186 1209 3245 τοκεῦσι
1233 3178 1279 3259 δῷ.

441 3296 488 3361 Et
518 3296 601 3383 apud
631 3295 790 3362 Platonem
822 3295 861 3361 de
891 3297 971 3383 legg.
999 3298 1047 3362 XI
1072 3301 1135 3362 915
1165 3321 1180 3363 e
1204 3298 1345 3362 universe
1368 3298 1457 3375 ἔοονοι

443 3417 640 3495 seutdom,
664 3439 742 3502 quae
765 3418 835 3503 quia
858 3418 897 3483 ab
920 3418 1025 3483 amicis
1049 3419 1191 3504 colligat,
1216 3426 1247 3483 et
1263 3421 1325 3485 927
1345 3418 1458 3483 dicitur

391 3617 393 3622 Ι
443 3544 532 3602 tutor
560 3536 610 3614 id,
641 3535 726 3622 quod
749 3535 831 3602 orbis
854 3536 1054 3616 benefecerit,
1086 3537 1180 3616 ἔρανον
1203 3537 1343 3621 εἰσφέρειν
1365 3538 1459 3619 ἑοιοτῷ

444 3680 480 3720 τε
511 3653 561 3718 sal
589 3661 650 3727 τοῖς
680 3655 794 3721 iceret.
821 3692 867 3705 -
889 3655 927 3719 In
951 3656 999 3720 his
1022 3656 1096 3742 ipsis
1120 3656 1237 3744 epulis,
1262 3656 1316 3721 scd
1339 3656 1461 3741 Pelopis

446 3774 597 3859 sanguine
613 3774 796 3852 cruentatis,
817 3777 876 3840 hoc
895 3798 1008 3840 nomen
1023 3777 1149 3862 ponitur
1167 3776 1275 3862 Eurip.
1293 3775 1363 3841 Hel.
1377 3780 1460 3841 388:

447 3892 519 3971 ἡνίκ’
541 3892 635 3973 ἔροινον
658 3895 687 3965 ἐς
710 3895 787 3966 θεοὺς
803 3895 927 3973 πρισίείς
942 3897 1056 3968 ἐποίεις.
1074 3933 1120 3945 -
1136 3895 1331 3981 Adjectivum
1343 3896 1462 3975 εὐνομώ-

445 4035 537 4078 τοιτον
556 4035 572 4076 a
587 4012 684 4077 Poeta
699 4014 834 4098 positum
850 4013 1040 4078 arbitrantur
1056 4014 1198 4079 nonnulli
1212 4014 1250 4078 ad
1267 4015 1460 4079 avertendam

447 4153 466 4195 a
496 4130 619 4196 Tantali
649 4130 748 4216 epulis
779 4132 857 4196 caesi
888 4131 1011 4217 Pelopis
1043 4133 1261 4218 ignominiam:
1296 4133 1459 4217 significari

447 4251 552 4336 potius
575 4250 665 4315 credo
689 4250 825 4316 debitum
850 4251 918 4316 Diis
941 4252 1103 4330 honorem,
1129 4275 1218 4337 quem
1235 4251 1296 4316 illis
1312 4251 1460 4320 Tantalus

449 4369 643 4457 praestiterit.

498 4489 549 4551 62.
593 4488 699 4572 Φίλιον.
714 4554 718 4561 ,
735 4487 802 4552 Diis
826 4488 978 4561 dilectam,
