3767 5534
879 720 966 781 ’89

432 928 514 984 runt
544 922 634 984 etiam
663 921 739 985 aliae
762 922 900 1005 regiones
924 920 1005 985 orbis
1029 920 1138 985 Graeci
1161 920 1289 1005 antiqui.
1337 918 1449 981 Horum

432 1040 693 1125 philosophorum
724 1040 807 1103 fuere
837 1039 918 1103 haud
951 1041 1058 1125 pauci,
1090 1041 1140 1124 qui
1170 1039 1337 1103 doctrinam
1366 1059 1448 1101 suam

434 1158 578 1223 versibus
608 1168 830 1244 exposuerunt:
861 1158 960 1222 multa
987 1160 1170 1223 exstiterunt
1192 1165 1348 1244 poemata,
1373 1179 1450 1240 quae

348 1313 352 1319 »
433 1279 589 1364 inscripta
623 1285 697 1342 sunt
730 1278 792 1359 aspi
827 1279 960 1361 Φύσεως,
991 1282 1027 1343 de
1057 1284 1183 1357 acturo,
1215 1279 1277 1342 sive
1308 1276 1345 1340 ab
1376 1277 1450 1361 ipsis

433 1397 615 1461 auctoribus
638 1420 674 1462 eo
698 1397 789 1462 titulo
811 1396 925 1474 indito,
951 1398 1014 1461 sive
1038 1406 1161 1483 propter
1184 1405 1396 1481 argumentum
1412 1394 1450 1459 ab

433 1515 509 1580 aliis
540 1515 652 1581 addito.
699 1509 878 1581 Docti-inam
909 1526 939 1580 et
971 1518 1145 1602 argumenti
1175 1518 1249 1581 certi
1276 1516 1450 1580 habuerunt

433 1634 690 1719 explicationem:
714 1659 811 1721 genus
834 1636 865 1699 id
889 1635 1073 1701 didacticum
1098 1610 1206 1700 merito
1231 1644 1370 1699 vocatum
1393 1644 1448 1700 est.

432 1752 539 1840 Cujus
568 1756 717 1819 rationem
748 1757 901 1840 propriam
924 1778 995 1819 cum
1018 1754 1151 1820 Pindaro
1175 1754 1305 1819 breviter
1327 1775 1447 1839 compa·
1526 1749 1528 1753 ’

432 1896 521 1937 rasse
545 1873 627 1937 haud
651 1873 835 1959 poenitebit:
860 1896 1045 1959 quamquam
1068 1872 1234 1938 dolendum
1257 1873 1450 1936 vehementer

434 1997 503 2069 est,
529 1992 742 2078 plerorumque
764 2015 827 2057 uon
850 1994 909 2057 nisi
929 1993 1099 2078 fragmenta
1114 1992 1152 2057 ad
1168 2000 1303 2057 nostram
1319 2000 1449 2056 aetatem

435 2114 621 2198 pervenisse.
665 2111 759 2177 Velut
793 2114 882 2177 etiam
919 2113 1118 2199 Xenophanis
1152 2135 1213 2177 non
1249 2114 1307 2177 nisi
1338 2135 1450 2198 paucas

435 2230 588 2295 hahemus
618 2231 777 2318 reliquias:
811 2242 842 2297 et
871 2241 974 2297 tamen
1005 2232 1104 2310 hune,
1136 2231 1391 2317 quemadmodum
1418 2232 1450 2295 iu

433 2350 589 2437 gnomicis
623 2351 749 2415 fecimus
784 2359 820 2415 ut
852 2374 949 2416 unum
986 2374 1039 2437 pro
1074 2351 1212 2437 exemplo
1247 2373 1450 2427 sumeremus,

435 2472 634 2555 potissimum
665 2494 734 2536 curn
758 2471 892 2536 Pindaro
915 2494 1089 2557 comparare
1109 2473 1211 2556 juvat,
1236 2494 1304 2536 cum
1329 2478 1451 2557 propter

435 2598 621 2654 vetustatem
653 2593 718 2677 ejus
749 2599 815 2654 tum
847 2593 938 2656 etiam
971 2592 1199 2668 auctoritatem,
1227 2591 1356 2654 maxime
1380 2612 1449 2653 vero

435 2710 513 2796 quia
535 2711 600 2796 ejus
621 2711 773 2774 sententia
788 2712 924 2790 exstitit,
942 2734 1020 2795 quae
1036 2710 1134 2775 simile
1149 2710 1302 2796 quoddam
1318 2709 1450 2774 Pindaro

435 2830 632 2914 propositum
655 2829 806 2894 habuerit.

483 2948 607 3013 Etenim
630 2942 800 3035 appellatus
818 2957 865 3014 est
880 2950 1084 3035 Xenophanes
1100 2948 1291 3028 ὁμηραιπάτης
1308 2949 1451 3013 ἐπισκώπ-

435 3094 509 3146 τηε,
533 3071 762 3135 Homericorum
779 3054 998 3135 mendaciorum
1014 3075 1143 3135 irrisor:
1159 3076 1240 3133 certe
1255 3068 1451 3154 reprehendit

437 3187 567 3253 Homeri
591 3189 628 3253 de
651 3189 719 3254 Diis
743 3190 878 3268 fabulas,
902 3189 996 3275 idque
1015 3213 1031 3254 e
1048 3190 1217 3253 carminum
1233 3194 1298 3274 ejus
1315 3189 1450 3273 reliquiis

437 3309 656 3394 intelligimus:
689 3310 790 3402 velut:
823 3310 948 3388 „omnia
964 3310 1043 3373 ¹Diis
1066 3310 1275 3375 attribuerunt
1297 3309 1450 3373 Homerus

438 3437 469 3493 et
501 3429 667 3507 Hesiodus,
695 3452 894 3517 quaecunque
919 3429 957 3494 ah
980 3429 1156 3494 hominihus
1180 3430 1323 3515 probrum
1348 3436 1387 3493 et¹
1402 3429 1451 3493 de·

437 3548 531 3613 decus
554 3549 724 3626 habentur,
749 3550 844 3613 iurari
867 3551 947 3614 inter
971 3573 1020 3627 se,
1042 3549 1225 3627 adulterari,
1242 3548 1411 3613 fraudare.''
1427 3550 1449 3634 ι)

436 3666 554 3731 Verum
577 3669 724 3751 prooessit
747 3668 839 3731 etiam
861 3667 1001 3753 longine,
1022 3691 1079 3732 nec
1095 3668 1343 3736 solumhumana
1358 3669 1448 3746 vitia,

434 3809 542 3850 verum
573 3786 665 3850 etiam
696 3809 816 3851 omnem
848 3788 1012 3852 humanam
1043 3796 1183 3853 naturam
1212 3790 1449 3873 formamque'a

435 3906 542 3969 divina
564 3914 673 3970 natura
696 3908 845 3992 sejunxit:
870 3915 925 3985 „at
940 3909 1084 3973 mortales
1101 3912 1265 3995 opinantur
1281 3917 1369 3974 natos
1386 3934 1450 3974 esse

434 4026 535 4103 Deos,
561 4026 749 4112 mortalique
777 4027 885 4092 habitu
909 4035 940 4092 et
956 4029 1053 4094 forma
1069 4038 1098 4093 et
1114 4031 1212 4115 figura
1228 4029 1413 4115 praeditos.’'
1426 4030 1450 4114 2)

435 4143 533 4208 Plane
557 4168 628 4230 ergo
652 4145 831 4232 religionem
847 4171 974 4213 suorum
991 4150 1186 4235 popularium
1201 4151 1449 4235 superstitionem

433 4312 622 4323 -----.-

470 4435 492 4495 l)
508 4435 560 4484 uel.
579 4436 642 4493 VII,
665 4437 731 4499 apud
749 4438 772 4485 S.
792 4438 906 4498 Karsten,
922 4440 1026 4503 Xenopd.
1048 4438 1113 4506 reliq.
1125 4457 1151 4502 p.
1168 4440 1207 4490 43.
1259 4432 1265 4441 '

467 4529 491 4593 2)
510 4530 560 4579 rer.
585 4531 609 4579 V.
624 4547 652 4594 p.
671 4531 710 4584 39.
