3767 5534
928 722 967 781 la

437 936 540 993 autem
563 940 632 992 tum
655 931 742 1010 parta
765 922 888 1005 Pelopis
911 920 1009 1004 gloria
1032 919 1212 1004 splendebat
1231 920 1332 983 adhuc
1349 919 1456 1004 Olym·

435 1047 505 1131 piae
526 1047 560 1110 in
583 1045 766 1109 certamine:
784 1044 806 1125 Ι)
830 1041 883 1104 sed
907 1041 987 1104 hanc
1009 1040 1108 1125 ipsam
1131 1048 1167 1103 ut
1188 1039 1375 1116 illustraret,
1393 1040 1453 1103 Dei

436 1188 570 1229 amorem
595 1172 626 1228 et
649 1162 798 1227 auxilium
822 1168 914 1245 pc'e'ta
929 1159 1113 1244 pulcerrimo
1129 1159 1262 1223 carmine
1278 1157 1456 1223 celebravit.

481 1282 616 1348 Omnino
646 1289 769 1346 vetusta
799 1280 927 1344 heroum
959 1278 1057 1363 gloria
1079 1279 1118 1342 ad
1141 1277 1223 1341 Deos
1247 1277 1456 1356 referebatur,

434 1410 466 1466 et
488 1402 652 1480 ludorum,
677 1400 836 1486 gentium,
860 1397 986 1462 urbium
1009 1396 1142 1481 origines
1158 1404 1352 1459 consecratae
1368 1404 1453 1459 sunt.

435 1521 538 1602 Quam
569 1520 829 1585 consecrationem
858 1518 913 1601 qui
935 1516 1044 1593 tollat,
1067 1516 1094 1578 is
1116 1537 1179 1578 non
1202 1514 1361 1578 historiam
1384 1514 1456 1580 dico

433 1648 605 1725 temporum
637 1638 685 1702 vel
716 1637 879 1701 vetustatis
912 1636 1108 1712 memoriam,
1141 1633 1194 1699 sed
1224 1636 1322 1719 ipsam
1346 1634 1455 1719 poesin

434 1757 524 1821 tollat
553 1757 592 1821 de
623 1755 768 1834 Graecia,
794 1756 826 1819 id
851 1762 954 1821 autem
980 1762 1060 1819 esset
1082 1756 1180 1839 ipsam
1203 1754 1330 1818 interitu
1354 1754 1456 1818 delere

434 1876 611 1954 Graeciam,
643 1876 740 1959 magis
772 1898 865 1959 qnam
896 1874 944 1938 vel
976 1874 1089 1938 Darius
1122 1873 1170 1938 vel
1193 1872 1327 1950 Xerxes,
1352 1873 1378 1935 si
1402 1896 1456 1959 po·

435 1995 582 2073 tuissent,
607 1995 705 2058 facere
728 1995 898 2058 voluerant.
934 1991 1008 2057 Non
1031 2015 1103 2077 ergo
1127 1992 1264 2056 Deorum
1288 2014 1404 2055 amores
1421 1999 1454 2056 et

437 2114 592 2178 connubia
615 2114 703 2178 siluit
722 2114 893 2193 Pindarus,
911 2136 990 2197 quae
1006 2120 1106 2177 essent
1122 2135 1191 2177 cum
1209 2112 1344 2196 antiquis
1361 2111 1455 2175 Grae·

435 2233 499 2297 ciac
523 2232 668 2298 laudibus
692 2234 958 2319 conjunctissima:
977 2233 1030 2297 sed
1046 2240 1163 2317 quanta
1179 2232 1341 2315 dignitate,
1360 2253 1453 2314 quam

434 2359 562 2416 venuste
593 2374 628 2416 ac
659 2352 766 2417 decore
798 2376 833 2416 ea
865 2352 1027 2430 cecinerit,
1060 2350 1285 2415 ostendendum
1309 2372 1381 2413 saue
1405 2355 1453 2413 est

435 2471 474 2535 de
504 2473 570 2556 ejus
594 2472 745 2556 sapientia
767 2471 978 2557 perscribenti.
1024 2470 1106 2535 Nam
1130 2471 1156 2533 si
1178 2469 1359 2533 maledicere
1382 2468 1451 2532 Diis

424 2591 538 2656 'odiosa
573 2592 724 2677 sapientia
758 2600 821 2669 est,
835 2594 859 2675 2)
892 2614 1000 2655 ornare
1031 2592 1113 2655 Deos
1144 2589 1280 2675 profecto
1312 2587 1451 2652 amabilis

433 2710 583 2795 sapientia
606 2718 660 2775 est.
707 2712 810 2795 Igitur
833 2735 889 2797 pro
913 2710 1051 2796 exemplo
1075 2711 1115 2774 sit
1139 2731 1223 2773 amor
1248 2708 1401 2793 Apollinis
1417 2707 1450 2771 in

434 2830 590 2915 Cyrenen,
625 2832 875 2917 quandoquidem
907 2833 1049 2918 copiosus
1081 2832 1114 2895 in
1146 2852 1181 2894 eo
1204 2828 1356 2893 narrando
1380 2827 1451 2891 Pin-

434 2949 527 3013 darus
550 2950 620 3014 fuit.

476 3068 592 3154 Rapuit
619 3092 684 3134 eam
711 3070 877 3153 aliquando
901 3067 1019 3135 e'Pelii
1042 3070 1231 3135 convallibus
1254 3068 1392 3132 Latonae
1415 3068 1449 3131 fi-

431 3187 492 3250 lius
521 3195 552 3251 et
583 3188 711 3253 abduxit
733 3182 829 3253 ¹aureo
852 3213 946 3254 curru
968 3190 1001 3254 in
1025 3213 1095 3255 eum
1119 3190 1240 3265 locum,
1266 3188 1318 3253 ubi
1342 3188 1447 3251 divitis

430 3306 572 3392 frugibus
600 3316 630 3371 ct
656 3331 764 3393 pecore
787 3316 885 3373 terrae
908 3333 974 3374 eam
998 3310 1152 3374 dominam
1176 3309 1264 3386 fecit,
1290 3316 1325 3372 ut
1349 3331 1448 3372 amoc-

430 3448 502 3489 nam
525 3424 658 3491 radicem
681 3428 867 3491 continentis
889 3429 1012 3492 tertiam
1037 3429 1171 3492 Africam
1195 3427 1353 3491 incoleret.
1388 3426 1448 3489 Ex·

432 3544 514 3629 cepit
542 3542 649 3608 Venus
679 3545 803 3610 Delium
835 3546 1005 3632 hospitem,
1039 3547 1158 3612 divinos
1186 3569 1294 3610 currus
1317 3553 1446 3630 tangens

431 3683 526 3726 manu
548 3662 624 3727 levi:
648 3664 748 3747 iisque
770 3666 802 3728 in
827 3665 917 3729 dulce
939 3675 1042 3730 torum
1066 3666 1170 3750 injecit
1193 3665 1342 3750 pudorem
1366 3687 1446 3728 ama·

431 3779 541 3858 bilem,
566 3804 728 3846 commune
750 3784 916 3848 concilians
940 3785 1006 3849 Deo
1028 3786 1198 3870 virginique
1218 3784 1406 3871 conjugium.
1421 3783 1448 3869 ³)

431 3897 481 3964 Sic
511 3901 634 3984 quidem
667 3902 838 3967 universam
870 3928 934 3969 rem
965 3905 1147 3991 pulcerrime
1170 3912 1260 3990 poeta
1284 3906 1445 3990 significat.

432 4016 491 4081 Sed
515 4041 585 4082 mox
608 4020 641 4083 in
665 4020 770 4085 eodem
795 4024 945 4101 carmine,
966 4046 1003 4088 ex
1022 4047 1084 4108 quo
1104 4024 1179 4087 haec
1199 4023 1361 4100 duximus,
1381 4044 1444 4085 rem

432 4136 470 4201 ab
503 4138 593 4201 initio
626 4140 747 4225 repetit.
800 4140 875 4205 Erat
909 4141 1027 4227 Cyrene
1061 4142 1210 4229 Hypsidis
1240 4141 1444 4227 Lapitharum

436 4309 619 4320 ———-

467 4415 492 4476 1)
510 4414 573 4464 Ilia
592 4415 648 4465 151.
717 4418 742 4479 2)
762 4417 798 4468 ol.
816 4419 861 4467 IX.
880 4418 919 4467 56.
937 4418 1007 4469 Conf.
1025 4418 1098 4484 liujus
1114 4418 1288 4470 dissertationis
1304 4436 1358 4490 paq.
1377 4420 1400 4471 9.

466 4512 490 4579 3)
507 4513 547 4584 Py.
566 4513 611 4564 ΙΧ.
628 4513 718 4570 6-23.
