3767 5534
906 716 967 777 155

611 922 671 987 Σὺν
694 919 829 1001 Διοχόρρι
849 916 1000 995 κοοτέβοιν,
1025 915 1089 987 τόιν,
1101 915 1222 988 Ιττοντοόιν

609 1039 735 1117 ’Τμνέιον
758 1037 842 1103 παῖδ’
866 1036 1042 1118 Ἀφροδίτας
1139 1083 1151 1114 ,

610 1158 731 1224 Ἀελίοιό
757 1183 790 1223 τε
813 1153 934 1238 νύμφοον

616 1278 724 1361 Ῥόδον,
747 1275 922 1358 εὐθυμάχαν

606 1399 714 1481 Ὄφροο
736 1396 871 1478 πελώριον
893 1395 983 1476 ἄνδρα
1005 1397 1074 1475 παρ’
1092 1391 1165 1459 ’Λλ-

655 1519 728 1599 Φειῷ
751 1514 1016 1598 στεφανωσάμενον

612 1637 734 1711 Αἰνέου,
757 1639 885 1713 τυγμῖις
907 1632 1032 1709 ἄτοονυ,

612 1754 669 1819 Kal
693 1753 774 1836 τυροὶ
797 1754 972 1836 limatius,

615 1872 734 1955 Ποτέρου
757 1898 790 1938 τε
814 1872 1001 1951 nectemus
1024 1869 1131 1936 οὶόόντον
1155 1870 1247 1952 Διίιρ,

612 1992 724 2065 ἈρίουςΙ
738 1992 891 2073 εὐρυχόρου

614 2112 763 2193 Τρίπολιν,
779 2117 863 2179 νῖισον
886 2113 982 2185 τέλους

615 2229 755 2311 Ἐμβόοιρ
781 2224 912 2305 νοιίοντυς
935 2228 1059 2314 Ἀργείᾳ
1081 2230 1132 2295 οὐν
1156 2229 1269 2311 υἰχμᾷ.
1405 2223 1446 2286 35

432 2424 474 2471 ml
498 2424 540 2470 ιύν.
573 2420 602 2468 In
624 2419 736 2469 lemmate
760 2417 845 2469 scholii
868 2417 1009 2468 recentioris
1031 2421 1067 2467 est
1090 2437 1134 2476 νυν,
1155 2420 1226 2479 atque
1243 2415 1268 2464 in
1286 2414 1338 2478 ipso
1355 2410 1447 2461 acholio

433 2516 567 2581 explicatio
585 2522 623 2570 καὶ
640 2519 678 2576 δὴ,
696 2516 762 2565 etin
778 2516 848 2567 Urat.
865 2517 886 2564 A
903 2515 984 2580 glossa
1000 2516 1040 2575 δὴι
1055 2530 1137 2563 verim
1154 2512 1226 2562 etiam
1243 2510 1268 2561 in
1291 2513 1370 2568 vetere
1383 2508 1450 2559 acho

434 2614 470 2664 lio
488 2617 524 2665 est
541 2613 667 2678 explicatio
685 2620 748 2678 κάγὼ
762 2617 840 2666 τοίνυν
866 2613 945 2677 Igitur
961 2612 1049 2671 lectio,
1067 2610 1161 2676 qualem
1179 2608 1282 2667 odimus,
1294 2606 1339 2657 hoc
1351 2605 1447 2671 quidem

434 2711 492 2760 loco
512 2710 562 2773 jam
585 2710 642 2762 olim
667 2710 739 2761 fnisse
762 2709 865 2760 videtur.
898 2709 970 2760 Conf.
994 2712 1077 2758 tamn
1100 2706 1138 2757 01.
1161 2706 1201 2757 III
1227 2704 1272 2767 51,
1296 2708 1321 2754 et
1337 2694 1398 2769 quac
1415 2702 1449 2753 ibi

435 2807 583 2857 notavimus.

471 2905 512 2953 25.
527 2895 678 2973 ⁴'sppctleue
705 2903 779 2952 Vetus
796 2902 924 2952 scholiasta
938 2902 1008 2965 juxta
1022 2902 1082 2957 huuc
1094 2902 1237 2967 scripturam
1251 2904 1367 2950 memorat
1379 2901 1450 2951 etiam
1470 2957 1475 2978 1

438 2999 600 3070 Ἀμφιτρίτης,
618 3003 682 3049 certe
699 3016 743 3064 pro
760 3002 926 3069 1Δριριτρὶτιις,
945 3002 1044 3063 tumque
1060 2998 1158 3049 Helium
1175 3003 1200 3047 et
1217 2997 1381 3063 Amphitriten
1397 2999 1450 3048 vult

438 3101 550 3163 parentes
575 3096 654 3146 Rhodi
679 3095 787 3146 habitos:
815 3096 878 3146 idem
901 3096 1010 3156 videtur,
1034 3095 1054 3145 si
1078 3096 1112 3144 sic
1134 3094 1268 3155 scribatur,
1291 3112 1335 3160 pro
1357 3099 1452 3148 πυιτίαν

437 3193 589 3245 scribendum
607 3193 751 3244 existimasse
768 3196 869 3252 ποντίας.
901 3192 1055 3243 Ahlwardtus
1070 3193 1145 3243 edidit
1159 3192 1320 3260 Ἀμφιτρίτας,
1334 3197 1452 3244 commate

437 3296 519 3340 tamen
536 3290 685 3354 distinguens
701 3289 750 3348 ita,
767 3294 795 3338 ut
811 3289 924 3339 Rhodum
941 3289 1001 3338 vclit
1017 3289 1179 3354 Amphitritae
1195 3288 1270 3338 filiam
1287 3289 1372 3347 fuisse,
1385 3289 1449 3337 Helii

439 3402 545 3436 uxorem.
570 3386 680 3449 Heynius
696 3386 792 3450 quidem
809 3385 880 3435 hahet
897 3384 1042 3455 'nppodleaffi
1060 3402 1155 3446 serum,
1171 3391 1289 3435 commate
1303 3386 1381 3450 posito
1396 3390 1451 3449 post

438 3504 478 3541 τε,
496 3482 608 3532 Rhodum
625 3482 728 3532 Veneris
744 3487 769 3532 et
786 3481 851 3532 Helii
867 3482 941 3532 filiam
958 3482 1065 3532 habitam
1081 3482 1142 3533 vult.

459 3578 512 3631 ·27.
537 3582 677 3647 εὐθυμάχαν.
712 3578 741 3627 lu
765 3578 857 3628 scholio
879 3582 959 3627 vetere
983 3578 1122 3642 agnoscitur
1145 3581 1286 3645 εὐθύμαχυνι
1307 3578 1354 3630 nisi
1372 3595 1399 3627 ea
1415 3582 1452 3628 cst

438 3675 605 3740 interpretatio
623 3674 731 3723 vocabuli
749 3677 892 3741 εὐθυμάχαν,
910 3674 975 3739 quod
992 3678 1072 3724 tumen
1089 3692 1137 3723 non
1155 3675 1283 3725 verisimile
1300 3680 1345 3724 est.

474 3771 514 3820 32.
538 3773 631 3823 ἁδόντα.
664 3771 800 3823 Boeclhius
816 3773 911 3829 ἁδόντα,
929 3771 1000 3835 idque
1017 3771 1041 3820 iu
1060 3770 1157 3835 optimis
1174 3771 1240 3820 libris
1257 3787 1307 3821 esse
1324 3772 1396 3830 dicit,
1411 3772 1449 3821 vel
1545 3799 1547 3802 ·

439 3871 526 3921 ἄδνντα
542 3872 567 3918 et
583 3869 681 3924 ἀδῶντοι.
717 3869 747 3918 In
764 3868 814 3922 Pal.
832 3868 852 3920 C
869 3872 894 3920 et
910 3868 979 3927 Uret.
996 3870 1018 3919 A
1034 3870 1129 3927 ἁδόντα,
1147 3868 1405 3919 incrassatam.

473 3966 513 4016 33.
539 3968 668 4034 εὐρυχόρου.
695 3965 733 4013 lta
750 3964 818 4013 Urat.
835 3967 856 4015 A
874 3968 899 4014 ct
915 3965 949 4014 B:
967 3965 1038 4023 item,
1056 3969 1084 4016 ut
1101 3967 1203 4014 tostatsu
1219 3962 1343 4027 Haynius,
1361 3964 1413 4013 Pal.
1429 3966 1451 4014 A

440 4045 466 4109 et
489 4060 523 4108 B:
547 4059 605 4108 dicit
627 4059 689 4108 idem
712 4074 763 4108 esse
785 4060 810 4109 iu
833 4060 883 4109 Pal.
908 4061 941 4118 0,
966 4077 1048 4111 vorum
1072 4060 1106 4109 ihi
1129 4068 1165 4109 est
1182 4062 1320 4129 εὐρυχόροιο.
1355 4060 1383 4108 ln
1400 4060 1453 4110 aliis
1488 4074 1489 4077 ’

440 4155 509 4205 libris
530 4161 581 4211 erat
603 4158 746 4223 ιύρυχώρνυι
769 4155 830 4204 idem
855 4156 880 4204 in
897 4156 995 4205 scholiis
1013 4155 1147 4215 veteribus,
1164 4160 1235 4219 atque
1253 4156 1277 4204 in
1295 4171 1379 4205 eorum
1396 4156 1453 4205 leun.

385 4263 390 4269 ·
442 4257 506 4301 mate
522 4243 672 4319 τύρυχώρυιοῐ
689 4252 714 4299 in
732 4251 830 4300 scholiis
847 4252 1021 4301 recentioribus
1038 4257 1062 4302 et
1079 4255 1202 4323 εὐρυχόρου
1218 4258 1242 4301 et
1259 4257 1395 4322 εὐρυχόρου.

475 4348 514 4402 35.
540 4345 652 4423 Ἐρχθόλιρ
687 4349 725 4397 Ita
747 4347 772 4396 iu
796 4347 939 4411 quibusdam
959 4347 1040 4406 libris,
1059 4349 1083 4397 iu
1101 4348 1154 4398 aliis
1170 4353 1264 4418 ἐμβόλου
1270 4388 1278 4411 ,
1295 4355 1408 4416 lapillus,
1428 4352 1451 4397 et

443 4443 467 4491 in
490 4460 536 4493 uno
558 4446 666 4510 όριβόλω,
690 4460 761 4509 supra
784 4445 873 4508 scripto
899 4465 936 4503 w,
959 4444 984 4493 in
1008 4445 1114 4494 Urut.B
1137 4450 1153 4495 ἀ
1174 4448 1249 4513 solu,
1271 4450 1295 4498 et
1311 4451 1323 4495 ό
1339 4460 1410 4509 super
1426 4451 1450 4495 ἀ.

444 4539 589 4603 Utrumque,
606 4543 700 4607 ἐμβόλω
716 4546 741 4589 et
760 4545 864 4609 όρβόλῳ,
881 4544 1027 4594 memoratur
1039 4541 1064 4592 iu
1076 4540 1173 4592 scholiis
1184 4541 1366 4594 recentioribus:
1379 4541 1451 4591 etiam
