3767 5534
930 724 970 784 72

439 924 578 1008 Ulyssem
611 925 711 988 Danai
741 924 920 990 coluerunt:
954 925 1051 987 aureis
1075 926 1235 990 fraudatus
1259 929 1338 1013 Ajax
1362 929 1455 993 armis

436 1049 564 1106 mortem
595 1044 721 1107 invenit.
769 1043 909 1106 Profecto
941 1051 1044 1107 tamen
1076 1044 1158 1107 haud
1191 1068 1278 1129 pares
1309 1046 1390 1110 inter
1422 1071 1455 1111 se

435 1162 555 1225 fuerant
590 1161 716 1225 vulnera
750 1162 892 1226 hostibus
928 1162 1141 1245 infringend0‚
1175 1172 1348 1248 pugnantes
1380 1166 1455 1229 forti

436 1280 524 1343 hasta
554 1288 584 1344 et
613 1282 692 1345 circa
714 1281 848 1345 occisum
872 1303 976 1344 recens
1000 1281 1153 1345 Achillem
1178 1289 1209 1346 et
1231 1282 1262 1346 in
1286 1284 1375 1346 tetris
1400 1284 1455 1346 ali·

435 1421 522 1463 orum
554 1399 661 1463 diebus
693 1399 842 1462 laborum.
890 1398 1026 1461 Odiosus
1062 1423 1160 1464 sermo
1188 1402 1251 1486 jam
1274 1401 1351 1483 ¹olim
1374 1402 1453 1479 fuit,

334 1504 340 1517 ⁶
435 1518 659 1582 blandientium
690 1517 852 1582 verborum
883 1540 1001 1595 oomeS,
1034 1517 1105 1581 dolo
1136 1518 1282 1601 loquenS,
1316 1518 1454 1583 malefica

435 1636 604 1700 calumnia:
630 1637 683 1720 qui
706 1636 786 1700 clara
809 1636 937 1720 premit,
962 1636 1163 1700 obscurorum
1186 1644 1278 1721 auget
1294 1637 1450 1721 putridam

434 1754 572 1838 gloriam.
612 1753 660 1817 Ne
683 1754 760 1818 mihi
783 1776 920 1837 unquam
944 1754 1014 1817 talis
1038 1777 1104 1818 mos
1128 1756 1186 1833 sit,
1207 1754 1378 1840 odupiter,
1397 1755 1452 1819 sed

434 1873 496 1935 vias
528 1873 645 1957 capiam
677 1874 755 1936 vitae
787 1873 958 1958 simplices,
983 1880 1124 1938 mortuus
1148 1897 1186 1937 ne
1209 1874 1314 1938 liberis
1336 1874 1451 1938 malam

432 1989 543 2053 famam
560 1990 722 2075 adtingam.
759 1992 880 2055 Aurum
896 1998 1078 2076 precantur,
1096 2015 1183 2077 agros
1201 1992 1251 2056 alii
1268 1993 1451 2071 immensos,

433 2129 489 2192 ego
512 2108 631 2172 civibus
653 2109 801 2194 probatus
825 2109 917 2173 etiam
937 2118 1018 2173 terra
1032 2110 1170 2175 membra
1185 2120 1302 2195 tegam,
1319 2111 1452 2175 laudans

431 2226 600 2304 laudanda,
619 2228 757 2311 jurgium
777 2228 938 2292 affundens
958 2229 1123 2292 maleficiis.
1149 2230 1291 2314 Augetur
1310 2228 1396 2306 laus,
1414 2235 1453 2292 ut

431 2345 521 2410 viridi
535 2368 602 2409 rore
614 2346 714 2430 surgit
726 2346 824 2424 arbor,
837 2348 869 2410 in
883 2347 1072 2432 sapientibus
1085 2348 1244 2411 hominum
1256 2346 1337 2411 elata
1344 2348 1454 2433 justis·

432 2487 492 2547 que
504 2464 543 2527 ad
556 2464 685 2528 aethera.
712 2464 814 2549 Opera
826 2466 925 2529 omnis
937 2466 1057 2549 generis
1070 2467 1236 2531 amicorum
1248 2475 1308 2529 est:
1322 2465 1355 2529 in
1367 2466 1454 2530 labo-

430 2583 515 2647 ribus
538 2584 719 2669 praecipua:
737 2584 824 2669 cupit
839 2585 931 2648 etiam
948 2585 1097 2669 gaudium
1113 2586 1271 2649 veritatem
1287 2608 1400 2670 ponere
1415 2586 1450 2649 in

432 2700 538 2764 oculis.
574 2701 682 2785 Mega,
706 2709 793 2765 tuam
816 2702 961 2766 reducere
984 2704 1115 2767 animam
1139 2725 1202 2767 non
1226 2726 1282 2787 ego
1306 2725 1452 2788 possum,

431 2820 486 2884 sed
515 2827 587 2884 tuae
619 2821 736 2905 patriae
768 2828 798 2884 et
825 2821 985 2885 Chariadis
1008 2844 1155 2906 magnum
1178 2844 1292 2908 ponere
1313 2822 1450 2907 lapidem

430 2937 614 3001 musicum.”
627 2939 651 3022 1)
685 2937 728 3002 ut
747 2938 807 3002 alio
823 2939 915 3003 etiam
930 2939 999 3003 loeo
1015 2940 1148 3004 incertos
1166 2962 1231 3004 esse
1247 2940 1451 3005 certaminum

431 3055 594 3140 litiumque
622 3055 711 3120 docet
738 3064 882 3134 eventus,
913 3057 1054 3141 dolisque
1077 3058 1263 3122 deteriorum
1287 3058 1451 3123 hominum

429 3173 594 3238 labefactos
620 3197 684 3238 esse
704 3175 859 3239 meliores:
877 3176 960 3259 quod
978 3177 1070 3241 etiam
1085 3178 1118 3240 in
1135 3178 1228 3262 Ajace
1243 3177 1377 3242 factum:
1395 3177 1450 3243 sed

430 3291 558 3355 Homeri
580 3315 672 3377 opera
695 3293 802 3358 datum
822 3295 850 3360 ei
866 3317 930 3358 esse
948 3303 1104 3359 aeternum
1121 3294 1250 3359 laudum
1267 3295 1452 3379 praemium.

430 3409 539 3487 „illud
568 3412 649 3475 enim
673 3420 831 3477 aeternum
855 3435 968 3476 sonans
991 3413 1103 3492 currit,
1129 3414 1156 3477 si
1179 3414 1249 3496 quis
1272 3412 1348 3496 quid
1372 3413 1452 3478 bene

431 3530 523 3607 dicit,
548 3538 578 3593 et
601 3554 655 3616 per
679 3533 857 3597 omniferam
882 3541 994 3596 terram
1014 3540 1044 3597 et
1059 3556 1113 3618 per
1128 3555 1211 3596 mare
1226 3533 1322 3596 currit
1337 3532 1452 3597 facino·

430 3671 499 3712 rum
518 3647 573 3712 lox
588 3649 764 3734 pulcrorum
780 3672 880 3734 neque
897 3673 1035 3735 unquam
1051 3650 1290 3735 exstinguitur.’'
1301 3651 1325 3736 2)
1360 3649 1448 3715 Haec

431 3768 592 3832 Musarum
620 3777 651 3832 et
673 3770 809 3833 veritatis
833 3770 1046 3834 immortalitas
1071 3778 1134 3847 est,
1159 3770 1233 3834 haec
1256 3769 1354 3854 ipsius
1377 3769 1450 3834 Pin·

430 3887 550 3951 darieae
581 3888 690 3951 Musae
721 3889 836 3966 virtus,
868 3903 971 3952 rerum
1001 3912 1070 3952 vere
1099 3896 1129 3953 et
1152 3889 1242 3952 unice
1266 3910 1448 3973 semperque

430 4005 654 4070 laudandorum
689 4006 867 4071 laudatione
898 4017 930 4072 et
964 4007 1229 4072 commendatione
1261 4006 1447 4084 delectatae,

431 4122 589 4187 veritatem
614 4132 736 4189 secutae
760 4133 790 4189 et
814 4134 972 4190 assecutae
995 4126 1266 4189 immortalitatem.

466 4325 490 4384 1)
514 4325 579 4374 Nem.
608 4324 682 4381 VIII.
700 4325 806 4374 34—80.
839 4325 898 4374 Erat
915 4326 998 4390 Megas
1015 4330 1084 4389 peter
1101 4326 1211 4386 Diuidie,
1229 4328 1269 4377 cui
1286 4328 1332 4378 hoc
1350 4344 1447 4378 carmen

430 4417 609 4481 scriptumest.
707 4420 732 4480 2)
751 4421 811 4470 Isth.
830 4421 875 4470 IV.
894 4420 1000 4472 56-72.

863 4553 1047 4563 ——--—-
