3767 5534
826 709 888 772 807

624 910 693 978 ἵστω
715 912 739 976 δ’
762 908 839 983 ὅστις
861 914 918 991 οὐχ
942 912 1105 992 ὑποπτέροις

622 1032 765 1111 <troveto
787 1032 875 1103 δαεὶς.

358 1148 401 1216 Fut
422 1149 503 1235 apud
526 1148 723 1235 Sophoclem,
750 1151 853 1236 Antig.
879 1153 941 1214 209

521 1270 593 1335 ἀλλ’
615 1267 692 1344 ὅστις
714 1270 807 1341 εὔνους
830 1243 898 1352 spida
921 1280 959 1351 τῇ
982 1271 1082 1352 πόλει,
1107 1271 1194 1334 taven

523 1389 574 1454 nat
599 1388 651 1470 ζῶν
674 1390 774 1468 ὁμοίως
797 1389 829 1466 ἐξ
851 1390 1111 1468 incursationem.

357 1505 440 1571 Nam
471 1530 578 1593 parum
608 1530 680 1575 sane
711 1518 742 1573 et
765 1532 852 1594 saepe
875 1507 954 1572 nihil
976 1508 1037 1572 fere
1061 1507 1206 1573 differunt
1228 1509 1309 1571 inter
1332 1530 1363 1570 se

356 1626 437 1698 ὅστις
460 1633 491 1691 et
513 1626 540 1691 el
561 1652 615 1700 τις.

408 1750 480 1811 104.
515 1746 590 1811 Loci
621 1748 772 1813 sententia
802 1748 863 1813 lere
895 1747 1045 1833 ejusmodi
1068 1770 1132 1811 esse
1154 1748 1364 1825 existimatur,

359 1871 414 1941 ut,
439 1866 491 1950 qui
513 1865 628 1929 divitiis
651 1874 681 1930 et
703 1848 800 1950 {gloria
823 1866 956 1951 reliquos
979 1875 1117 1951 superet,
1142 1866 1229 1929 facile
1254 1865 1291 1929 ad
1315 1885 1364 1928 su-

358 1983 496 2069 perbiam
519 1993 550 2049 et
572 1986 793 2050 contumaciam
818 1985 1012 2071 perducatur:
1038 1984 1146 2049 debere
1169 1993 1270 2048 antem
1296 2007 1364 2048 enm

360 2104 482 2167 retineri
505 2104 688 2189 cogitatione
708 2105 834 2190 judicii,
864 2105 947 2189 quod
971 2106 1002 2169 in
1027 2105 1129 2168 inferis
1154 2105 1289 2169 futurum
1314 2106 1363 2169 sit.

359 2217 511 2287 Non'est
539 2224 592 2288 ita.
639 2224 808 2289 Poenarum
839 2224 980 2310 quidem,
1005 2247 1083 2309 quae
1106 2225 1200 2288 malos
1222 2233 1363 2300 manent,

361 2341 445 2426 prior
460 2343 715 2406 commemoratio
743 2352 805 2419 est,
829 2365 934 2411 verum
959 2350 990 2406 et
1013 2343 1128 2419 brevis,
1154 2350 1182 2407 et
1207 2344 1291 2427 quasi
1317 2366 1366 2406 ne·

361 2463 490 2525 cessario
513 2461 681 2547 postulata,
706 2484 803 2546 quum
826 2463 903 2526 vitae
926 2470 996 2547 post
1018 2470 1145 2527 mortem
1165 2463 1284 2527 futurae
1301 2485 1366 2526 nar-

361 2581 440 2645 ratio
473 2581 663 2646 instituatur.
716 2579 874 2666 Copiosior
912 2581 1010 2645 multo
1045 2588 1075 2644 et
1108 2582 1204 2666 magis
1237 2581 1365 2646 illustris
1433 2634 1437 2647 .

361 2700 582 2786 praemiorum,
614 2722 691 2784 quae
722 2700 808 2764 bonis
837 2700 988 2784 justisque
1012 2707 1085 2763 sunt
1107 2700 1278 2784 proposita,
1303 2699 1367 2764 lan·

361 2818 445 2882 datio
479 2824 534 2881 est.
580 2816 752 2894 Summam,
788 2840 865 2902 quae
899 2818 1021 2881 mortali
1052 2818 1226 2902 contingere
1251 2818 1364 2903 possit,

360 2934 535 3000 felicitatem
558 2935 755 3021 praedicavit,
779 2936 812 2999 in
835 2936 950 2999 divitiis
975 2944 1005 3000 et
1025 2936 1283 3021 praestantissima
1301 2936 1365 3019 glo·

359 3056 407 3119 ria
427 3056 573 3141 positam:
599 3055 635 3118 ab
659 3077 695 3118 eo
718 3055 797 3119 vitae
820 3077 911 3119 cursu
935 3063 1056 3119 evectus
1077 3055 1171 3119 Poeta
1187 3056 1363 3139 ampliorem

360 3182 499 3238 aeternae
522 3175 601 3238 ritae
623 3196 746 3239 cursum
768 3174 855 3258 ponit
878 3173 917 3237 ob
941 3174 1063 3251 oculos,
1088 3175 1262 3260 majoraque
1282 3197 1365 3259 prae-

360 3296 439 3372 mia,
472 3316 563 3380 qnam
594 3317 644 3371 ea,
670 3316 747 3377 qnae
771 3294 878 3358 victori
902 3292 1061 3379 Olympiae
1085 3294 1269 3360 tribuantur.
1318 3296 1367 3361 Ita

360 3415 405 3492 ei,
438 3415 487 3478 eni
502 3415 549 3499 ‚in
578 3413 634 3477 hae
657 3414 720 3477 vita
741 3414 877 3479 lucidum
901 3415 986 3478 sidus
1010 3423 1040 3477 et
1055 3415 1205 3500 ‘splendor
1229 3417 1364 3480 sincerus

329 3516 331 3520 Α
361 3534 506 3619 contigit,
531 3534 711 3619 proponitur
733 3533 805 3596 solis
828 3541 922 3597 noctu
946 3540 977 3597 et
1000 3534 1135 3598 interdiu
1158 3534 1288 3599 lucentis
1309 3535 1366 3598 ful·

361 3674 430 3736 gor:
455 3659 486 3715 et
508 3659 576 3737 post
598 3652 685 3715 flores
709 3659 739 3714 et
761 3671 886 3716 coronas
910 3651 1065 3736 quadrigis
1086 3650 1245 3737 Olympiae
1263 3653 1365 3730 datas,

361 3778 482 3856 postea,
513 3771 563 3834 via
593 3770 630 3834 ad
662 3769 754 3834 Croni
781 3771 888 3834 turrim
913 3778 1050 3855 peracta,
1075 3772 1162 3835 sertis
1187 3782 1217 3835 et
1239 3772 1365 3837 floribus

361 3890 460 3953 aureis
494 3890 524 3953 in
561 3890 719 3953 beatorum
734 3894 737 3900 ’
752 3888 860 3952 insulis
890 3889 995 3973 justus
1030 3888 1204 3967 ornabitur,
1240 3911 1301 3955 non
1333 3891 1365 3954 in

361 4007 578 4074 Hellanodicae
603 4008 738 4091 quamvis
762 4028 858 4091 aequo
879 4006 1013 4093 judicio,
1037 4007 1088 4071 sed
1104 4010 1135 4071 in
1153 4017 1235 4073 recto
1248 4008 1365 4093 judicio

361 4127 585 4191 Rhadamanthi
609 4126 768 4189 assidentis
793 4126 851 4209 ipsi
875 4148 1017 4211 supremo
1038 4125 1148 4191 Crono.
1183 4126 1301 4207 Quodsi
1325 4128 1368 4191 di-

361 4249 452 4313 vitiae
475 4254 598 4311 ornatae
621 4246 763 4312 laudibus
788 4268 855 4309 aere
878 4253 909 4310 et
932 4246 1119 4332 profundum
1143 4232 1366 4331 praeclarorum

361 4366 529 4430 facinorum
560 4365 696 4429 studium
727 4365 886 4449 injiciunt,
919 4373 954 4429 ut
981 4388 1014 4428 vs
1039 4368 1079 4427 99
1105 4364 1278 4451 expressum
1303 4372 1365 4443 est,

364 4487 437 4550 haee
470 4494 566 4561 certe,
606 4507 683 4569 qnae
721 4483 862 4568 deinceps
900 4490 1101 4560 memoratur,
1140 4483 1262 4549 futurae
1297 4492 1366 4568 post

1111 4636 1113 4640 .
1189 4607 1243 4663 20*
