3767 5534
908 726 969 785 102

651 930 692 994 Δέ
716 930 738 991 :i
762 928 843 999 κλέος
868 930 896 992 ἐν
919 926 1027 1004 εὐοὶνορν
1051 928 1147 993 Asioi

652 1048 782 1116 Πέλοπος
806 1046 935 1128 ἐποικίορ·
959 1052 1010 1109 τοῦ
1033 1046 1214 1123 μεγασθενὴς

651 1166 816 1244 Ἐροὶοοοονο
839 1165 985 1245 γαιάοχος
1009 1165 1162 1240 Ποσειδᾶν,

653 1285 739 1350 Ἐπεί
761 1307 800 1347 νον
823 1285 947 1362 καθαροῦ
970 1284 1095 1360 λέβητος
1111 1274 1201 1359 ’ἔξελε
1397 1288 1439 1348 40

654 1404 776 1477 Κλωθὼ,
800 1405 940 1484 ἐλέφαντι
962 1402 1100 1483 &abacos

648 1525 754 1598 Ὧρον
777 1520 959 1597 κεκαδμένον.

646 1638 690 1706 Ἤ
713 1641 856 1717 θαυματὰ
878 1640 993 1705 πολλοὶ·

653 1760 711 1825 Καί
733 1758 789 1823 πού
810 1783 839 1823 τι
862 1759 910 1822 καὶ
935 1758 1045 1839 βροτῶν
1067 1759 1175 1838 Φρένοις

651 1879 739 1958 ’Ὑπὲρ
761 1878 810 1942 τὸν
832 1879 925 1951 ἀληθῆ
947 1876 1035 1954 λόγον
1203 1877 1211 1894 “
1311 1945 1312 1948 ¹
1398 1881 1440 1941 45

463 2154 503 2207 37.
521 2161 549 2205 ἐν.
577 2154 686 2215 Heinius
703 2154 774 2203 habet
791 2151 856 2222 παρ’.
892 2152 1030 2217 Utrumque
1047 2157 1082 2203 ast
1099 2153 1125 2202 in
1142 2152 1225 2202 libris:
1244 2160 1267 2205 ὲν
1283 2154 1355 2211 etiam
1370 2171 1442 2219 agno·

430 2252 504 2302 scitur
522 2269 536 2300 a
551 2254 631 2300 vetere
648 2250 783 2300 scholiasta.
816 2250 845 2298 In
862 2249 999 2308 nonnullis,
1017 2249 1126 2300 velutin
1144 2250 1199 2300 Par.
1217 2252 1239 2300 A
1257 2250 1323 2299 etin
1341 2251 1392 2301 Pal.
1410 2251 1442 2311 C,

430 2347 577 2413 praepositio
594 2347 667 2395 deest.

465 2444 504 2494 37.
523 2447 620 2513 εὐάνορι.
645 2442 779 2492 Scholiasta
796 2446 864 2491 retus
882 2447 1000 2492 memorat
1017 2442 1090 2492 etiam
1108 2443 1250 2507 scripturam
1268 2446 1377 2513 εὐάνορος.

466 2542 504 2590 38.
523 2545 618 2607 maala.
650 2539 715 2589 Libri
737 2543 761 2588 et
778 2539 887 2603 Heynius
903 2541 1009 2605 ἀποικίᾳ.
1043 2538 1089 2589 Sed
1106 2540 1210 2590 alterurn
1227 2540 1322 2589 videtui
1338 2541 1368 2589 ad
1385 2556 1438 2590 sen·

431 2636 532 2686 tentiam
551 2634 649 2695 melius,
661 2635 732 2699 idque
744 2635 817 2684 etiam
829 2634 887 2684 olim
900 2635 1017 2699 scriptum
1029 2635 1102 2685 fnisse
1113 2639 1216 2685 testatur
1227 2635 1354 2686 scholiasta
1366 2640 1442 2687 retus.

430 2731 531 2798 Recepit
545 2731 596 2795 jam
613 2731 756 2781 Boeclrhius.

462 2828 503 2878 48.
521 2833 630 2892 θαυματὰ
647 2829 727 2878 πολλα.
753 2826 881 2897 Librorum
902 2826 1009 2892 plerique
1033 2834 1112 2893 θαῦμα
1134 2836 1165 2881 τὰ
1183 2831 1269 2894 πολλά,
1287 2829 1331 2879 Pal
1349 2828 1369 2879 C
1386 2835 1443 2883 θαῦ-

431 2929 602 2991 perduellis,
620 2925 703 2986 pauci,
720 2924 745 2972 in
764 2923 851 2987 quibus
869 2924 922 2972 Par.
940 2926 963 2972 A
981 2927 1091 2989 tubam
1109 2929 1189 2977 uallet.
1214 2927 1243 2976 In
1255 2927 1363 2991 margine
1375 2926 1442 2978 Gott.

430 3028 446 3081 ἡ
468 3024 576 3088 θαὺριατοι
598 3024 671 3072 πολλὰ
692 3025 708 3078 ἣ
732 3025 841 3085 θαυματὰ
864 3023 945 3071 πολλὰ.
980 3020 1049 3087 Quod
1068 3022 1137 3082 dedi,
1154 3022 1324 3073 auctoritatam
1342 3023 1443 3073 habeta

431 3123 510 3168 vetere
531 3118 635 3167 acholio:
661 3121 717 3175 τινὲς
741 3118 764 3167 δὲ
781 3120 889 3175 ὀξυτόνως
905 3122 1089 3180 ἀναγινώσκουσιν
1107 3126 1136 3176 alc
1153 3124 1213 3170 κατὰ
1229 3122 1345 3186 ἀποβολήν
1356 3125 1396 3171 τοῦ
1411 3141 1442 3186 ν,

430 3216 454 3265 h‘
478 3219 492 3286 ἦ
517 3220 641 3281 θαυμαστὰ
664 3220 737 3285 ἔργα,
762 3219 791 3271 ὡς
807 3213 973 3272 καὶ.“Ηοὶοδος·
995 3220 1105 3279 θαυματὰ
1122 3220 1187 3285 ἔργα.
1222 3216 1259 3265 Ad
1276 3232 1347 3281 quem
1363 3215 1443 3266 locum

431 3312 544 3371 Hesiodi,
562 3313 628 3362 Scut.
645 3312 717 3361 Herc.
736 3312 796 3371 154,
815 3312 919 3361 Joannea
937 3311 1072 3361 Diaconus:
1091 3317 1205 3376 θαυματὰν
1222 3317 1249 3363 τὸ
1264 3318 1394 3378 θωμαστὸν
1407 3312 1445 3363 διὰ

431 3415 458 3462 τὸ
480 3418 578 3479 μέτρον
604 3415 641 3463 καὶ
665 3411 788 3480 Πίνδαρος’
812 3412 827 3467 ἦ
853 3413 965 3476 θαυματὰ
987 3411 1069 3461 πολλὰ.
1103 3410 1136 3459 Et
1151 3410 1294 3461 Euanthius
1311 3410 1340 3459 ud
1356 3410 1387 3459 Il.
1404 3410 1444 3459 III

432 3523 459 3555 vs
485 3505 533 3557 174
557 3512 666 3571 οιοριτι
687 3512 753 3570 aas
776 3512 900 3571 οιομιοιι
916 3512 983 3578 παρὰ
999 3493 1112 3575 ιἰοοιρῳ.
1147 3506 1181 3555 nt
1197 3507 1227 3555 an
1245 3506 1291 3556 on.
1309 3507 1333 3555 n
1350 3522 1377 3556 vs
1395 3506 1442 3555 111

432 3608 556 3668 θαυμαστὰ
579 3608 688 3668 θαυματὰ
710 3583 776 3669 παρὰ
799 3604 913 3672 Πινδάρῳ.
951 3602 1060 3666 Heyniua
1080 3601 1165 3652 edebat
1184 3604 1309 3666 θοώραατα,
1328 3602 1352 3651 id
1369 3602 1443 3667 lyrico

432 3699 506 3763 magis
524 3699 650 3749 convenire
668 3698 811 3748 existimans.
839 3698 930 3747 Verum
947 3698 1002 3747 hnic
1020 3698 1073 3747 loco
1090 3698 1171 3762 potins
1189 3714 1238 3748 non
1256 3702 1323 3748 tanta
1339 3698 1443 3763 grnrim

432 3795 557 3855 convenit,
580 3810 655 3859 quum
678 3811 725 3843 non
743 3795 775 3843 de
789 3793 911 3843 miraculis
928 3794 1021 3844 animos
1037 3793 1239 3859 percellentibus,
1258 3797 1285 3843 nt
1303 3795 1347 3858 Py.
1365 3794 1377 3843 l
1395 3795 1442 3853 50,

432 3892 473 3943 sed
490 3893 519 3942 de
535 3892 697 3951 mirabilibus,
715 3908 775 3958 quae
792 3890 884 3941 animos
901 3891 1036 3957 decipiant,
1054 3906 1132 3941 sermo
1150 3892 1190 3941 sit.

464 3992 507 4039 44.
524 3997 614 4059 φρένας.
641 3990 681 4039 lta
696 3989 769 4038 multi
785 3988 854 4047 libri,
872 3988 897 4037 in
914 3988 1106 4053 qnihnsPalA.
1135 3988 1332 4053 Alii,inqnibus
1344 3988 1395 4038 Pel.
1409 3988 1442 4047 0,

431 4091 510 4153 φάτις,
535 4086 606 4149 idque
631 4085 740 4134 nonnulli
764 4084 867 4134 editores
892 4088 1045 4149 receperunt,
1067 4088 1091 4134 et
1108 4084 1241 4150 explicant,
1260 4088 1288 4134 ut
1304 4084 1356 4148 ejus
1373 4100 1441 4134 voea-

431 4182 481 4230 bnli
504 4180 624 4245 appositio
648 4181 680 4230 sit
702 4186 777 4246 μῦθοι.
813 4180 950 4230 Boechhius
973 4197 986 4229 e
1007 4184 1087 4229 vetere
1111 4179 1214 4239 scholio,
1240 4180 1309 4244 cujus
1325 4180 1442 4245 scriptura

432 4277 491 4326 mihi
515 4282 594 4327 tamen
619 4294 665 4327 uon
690 4278 748 4327 satis
771 4283 837 4327 certa
854 4278 963 4341 ridetur,
981 4278 1056 4327 edidit
1073 4285 1148 4346 φάτιν.
1181 4278 1335 4327 Ahlwardtus
1352 4294 1365 4327 e
1383 4278 1441 4327 Mas.

431 4374 506 4439 Neap.
532 4374 619 4424 edidit:
643 4380 681 4426 καὶ
704 4377 748 4426 πώ
764 4396 786 4426 τι
803 4380 841 4427 καὶ
858 4379 948 4445 βροτῶν
963 4383 1046 4443 φρένας
1062 4379 1120 4443 ὑπέρ
1137 4395 1172 4427 τοι
1188 4379 1263 4433 ἀλαθῆ
1281 4381 1347 4443 φάτιν
1363 4376 1444 4425 δεδαι-

432 4471 536 4535 δαλμένοι
552 4490 572 4519 ιο
592 4492 614 4521 τ.
633 4472 653 4520 l.

464 4569 504 4615 45.
522 4571 601 4627 ἀληθῆ.
635 4567 674 4617 Sic
696 4567 765 4625 libri,
788 4570 904 4632 quantum
925 4567 988 4616 scio:
1012 4566 1059 4615 nisi
1076 4566 1095 4613 ai
1114 4565 1284 4629 Neapolitani,
1301 4569 1363 4616 testa
1380 4565 1439 4615 Ahl·
