3767 5534
901 712 963 774 155

607 918 666 982 Σύν
689 916 824 998 Διαγόρα
845 913 996 991 κατέβαν,
1021 912 1218 986 τίον,,ποντίαν

605 1035 730 1112 ’Ὑμνίαν
754 1034 837 1099 παῖδ’
861 1033 1037 1115 Ἀφροδίτας
1135 1080 1146 1112 ,

606 1154 727 1220 Ἀελίοιό
752 1180 785 1219 τε
808 1149 929 1235 νύμφαν

612 1274 719 1358 Ῥούον,
743 1272 917 1355 εὐόυμοίχαν

602 1394 709 1477 Ὄφρα
732 1393 866 1474 πελώριον
887 1392 978 1473 ἄνδρα
1000 1394 1070 1473 παρ’
1088 1389 1160 1457 'Aa-

650 1515 723 1596 Φειῷ
746 1511 1011 1594 στεφανωσάμενον

608 1633 729 1707 Λίνίσω,
752 1635 880 1709 τυχμοίς
902 1629 1027 1706 ίίτοινα,

608 1749 663 1815 Καί
687 1749 769 1831 ταρόο
791 1750 967 1833 Κασταλίρ,

609 1868 729 1950 Πατέρα
751 1894 785 1934 τε
809 1868 996 1947 Δαμάγητον
1019 1866 1126 1933 ἁδόντα
1149 1868 1242 1950 Δίκρι,

607 1989 718 2061 Ἀσίας,
733 1989 885 2070 εὐρυχόρου

609 2108 758 2189 Τρίπολιν,
773 2113 858 2175 νοῖσον
880 2109 976 2181 τίλας

609 2225 749 2307 Ἐμβίλῳ
775 2221 906 2301 ναίοντας
929 2225 1053 2311 Ἀρχείορ
1075 2227 1127 2293 σὺν
1150 2226 1264 2309 αἰχμᾷ.
1399 2222 1440 2285 35

432 2418 469 2465 καί
492 2420 534 2465 scs.
566 2415 596 2463 Iu
618 2414 730 2465 lemmate
754 2415 839 2465 scholii
862 2414 1003 2465 recentioris
1025 2419 1061 2464 est
1085 2435 1128 2474 svs,
1149 2418 1221 2478 atque
1238 2413 1262 2462 in
1280 2412 1332 2476 ipso
1349 2410 1441 2461 scholio

432 2512 561 2576 explicatio
578 2517 616 2565 καὶ
633 2515 672 2572 δὴ,
690 2515 714 2561 et
730 2512 756 2562 iu
772 2512 842 2563 Urat.
860 2514 881 2561 Α
897 2512 977 2577 glossa
994 2513 1034 2573 δὴι
1049 2528 1131 2561 verum
1147 2510 1220 2560 etism
1238 2510 1262 2560 in
1286 2512 1363 2566 ,vetere
1378 2507 1444 2558 scho-

432 2609 464 2659 lio
482 2614 518 2661 est
535 2609 661 2674 explicatio
679 2615 742 2674 κάγὼ
756 2614 834 2662 τοίνυν.
859 2610 939 2674 Igitur
955 2609 1043 2669 lectio,
1060 2608 1155 2673 qualem
1173 2607 1275 2667 adimus,
1288 2606 1333 2656 hoc
1345 2604 1441 2670 quidem

431 2706 485 2755 loco
505 2706 555 2769 jaus
579 2706 636 2758 olim
661 2706 733 2755 fnisse
756 2706 859 2756 videtur.
892 2706 964 2758 Coni.
989 2710 1070 2756 tamen
1093 2704 1132 2756 01.
1155 2704 1195 2755 III
1220 2704 1266 2765 ol,
1290 2708 1315 2753 et
1331 2692 1391 2766 quas
1409 2701 1443 2751 ibi

431 2803 576 2852 notavimus.

465 2900 505 2948 25.
521 2891 672 2969 ”Δφρυύίτας.
699 2899 773 2948 Vetus
790 2898 917 2949 scholiasta
931 2899 1002 2963 juxta
1015 2900 1076 2954 huuc
1088 2900 1231 2965 scripturum
1245 2905 1361 2949 memorat
1372 2901 1443 2950 ctiam
1464 2956 1468 2978 ι

432 2994 593 3065 Ἀμφιτρίτης,
612 3000 676 3045 certe
692 3012 736 3060 pro
753 2999 920 3065 Ἀμφιτρίτας,
938 2999 1037 3061 tumque
1054 2997 1151 3047 Helium
1169 3002 1194 3046 et
1210 2997 1373 3062 Amphitriten
1390 2998 1444 3048 vult

432 3096 543 3157 parentes
568 3092 648 3141 Rhodi
673 3092 781 3143 habitos:
808 3093 871 3143 idem
895 3094 1004 3153 videtur,
1028 3094 1047 3143 si
1071 3094 1106 3143 sic
1127 3093 1261 3154 scribatur,
1284 3110 1328 3159 pro
1351 3098 1445 3147 ποντίαν

432 3189 582 3239 scribendam
600 3188 745 3239 existimasse
761 3194 862 3249 παοτίας.
896 3189 1049 3241 Ahlwsrdtus
1063 3191 1139 3241 edidit
1152 3191 1314 3260 Ἀμφιτρίτας,
1327 3197 1445 3243 commate

432 3290 512 3335 tumen
529 3285 678 3350 distinguens
694 3285 743 3344 ita,
761 3291 788 3335 ut
804 3286 917 3336 Rhodum
935 3286 994 3335 volit
1010 3287 1172 3352 Amphitritce
1188 3288 1262 3337 filiam
1280 3288 1365 3347 fuisse,
1378 3288 1443 3337 Helii

433 3397 538 3432 uxorem.
564 3381 673 3444 Heynius
689 3382 786 3446 quidem
803 3382 874 3432 habet
890 3381 1035 3453 Ἀφροδίτας,
1053 3400 1148 3444 rerum,
1164 3389 1282 3434 commate
1295 3385 1374 3449 posito
1389 3389 1444 3449 post

433 3499 471 3537 τι,
489 3478 601 3527 Rhodum
618 3478 721 3527 Veneris
738 3483 762 3532 et
779 3479 844 3528 Helii
860 3480 934 3529 filiam
952 3479 1058 3530 habitam
1075 3480 1135 3531 vult.

453 3573 505 3627 37.
530 3577 670 3643 εὐθυμάχαν.
705 3575 734 3623 In
758 3575 850 3625 scholio
872 3579 952 3625 vetere
976 3576 1115 3640 agnoscitur
1138 3579 1279 3644 εὐόόμαχονι
1300 3577 1347 3629 uisi
1364 3594 1391 3627 ca
1408 3581 1445 3627 est

432 3671 597 3735 interpretatio
615 3670 724 3720 vocabuli
742 3674 885 3739 εὐθυμάχαν,
903 3672 968 3737 quod
985 3676 1064 3722 tumen
1082 3689 1129 3721 non
1148 3674 1275 3723 verisimile
1293 3680 1337 3723 est.

467 3767 506 3816 32.
531 3769 624 3819 ἁδόντα.
657 3768 793 3820 Bocckhius
809 3770 904 3827 ἁδόντα,
921 3768 993 3832 idque
1010 3770 1034 3817 in
1053 3769 1149 3833 optimis
1167 3770 1233 3819 libris
1250 3787 1300 3820 csse
1317 3771 1388 3830 dicit,
1404 3773 1442 3821 vel

432 3866 519 3917 όδονια
535 3868 560 3913 et
576 3865 674 3920 ὰδῶντα.
709 3865 739 3913 lu
758 3866 808 3918 Psl.
826 3865 845 3916 C
862 3869 887 3916 et
903 3865 972 3924 Uret·
989 3868 1010 3916 Δ
1027 3868 1122 3926 ἁδόντα,
1139 3868 1165 3915 in
1182 3867 1250 3916 Uret.
1267 3868 1288 3915 Β
1305 3868 1398 3919 όόόντυ.

466 3962 506 4011 33,
531 3964 660 4030 εὐρυχόρου.
688 3962 727 4011 lta
743 3961 811 4010 Uret.
829 3963 850 4010 Α
867 3966 891 4011 et
908 3963 941 4011 B:
959 3962 1031 4021 item,
1049 3968 1077 4014 ut
1093 3965 1195 4012 testatur
1212 3962 1335 4026 Heynius‚
1353 3964 1444 4014 Pate

433 4040 459 4104 α’
481 4055 515 4103 n:
539 4055 598 4104 aicit
619 4056 682 4105 asem
705 4072 755 4105 esse
777 4056 803 4105 in
825 4057 876 4106 Par.
901 4058 933 4115 c,
959 4074 1041 4109 verum
1064 4058 1098 4107 ibi
1121 4067 1158 4108 est
1174 4061 1312 4128 εὐρυχόροιο.
1347 4060 1375 4107 in
1392 4060 1445 4109 oia
1480 4073 1482 4076 ·

433 4150 502 4199 libris
523 4157 574 4207 crat
596 4154 738 4219 εὐρυχόρους
761 4151 823 4201 idem
847 4152 873 4201 in
890 4152 988 4202 scholiis
1006 4140 1139 4213 veteribus,
1156 4157 1227 4218 atque
1245 4155 1269 4203 in
1287 4170 1371 4205 eorum
1388 4155 1445 4204 lem-

380 4258 382 4264 '
434 4252 499 4297 mate
515 4239 664 4317 ιύροχώροιο·;
681 4248 707 4295 in
724 4248 822 4297 scholiis
839 4249 1013 4298 recentioribus
1030 4253 1055 4299 ct
1072 4254 1194 4320 εὐρυχόρου
1210 4257 1234 4300 ct
1250 4256 1387 4320 εὐρυχόρου.

467 4342 507 4397 85.
533 4341 644 4419 Ἐμβόίῳ
679 4345 717 4394 lta
739 4344 764 4392 in
788 4343 931 4408 quibusdam
951 4344 1033 4403 libris,
1051 4346 1075 4395 iu
1093 4346 1146 4396 aliis
1163 4351 1256 4415 ἐμβόλου
1261 4386 1270 4411 ,
1287 4354 1400 4415 oppetas.
1420 4352 1443 4396 et

434 4439 459 4487 iu
482 4455 529 4488 uno
551 4443 658 4507 ίμβόίιυ,
682 4457 753 4505 supra
776 4442 865 4505 scripto
892 4462 929 4500 ov,
951 4441 976 4489 in
1000 4442 1106 4492 Urst.B
1129 4449 1146 4493 ἀ
1166 4447 1241 4511 stip,
1263 4449 1287 4497 et
1304 4449 1315 4494 d
1331 4459 1402 4507 super
1418 4451 1442 4493 ἀ.

435 4534 581 4598 Utrumque,
598 4540 691 4603 ὶμβόίω
709 4542 733 4586 et
751 4542 855 4606 ίμβόλῳ,
873 4540 1019 4590 memoratur
1031 4538 1055 4590 iu
1069 4538 1165 4589 scholiis
1176 4539 1358 4593 recentioribus:
1370 4540 1442 4590 etiam
